    <!DOCTYPE html>
    <html lang="en">
    
    <head>
        <meta charset="UTF-8">
        <meta http-equiv="X-UA-Compatible" content="IE=edge">
        <meta name="viewport" content="width=device-width, initial-scale=1.0">
        <title>IaSmarKet Products</title>
        <style>
            body {
                background-color: black;
                color: white;
            }
    
            .datetime {
                text-align: center;
                color: gray;
            }
    
            .date, .time {
                font-size: 48px;
            }
    
            .container {
                display: flex;
                flex-wrap: wrap;
                justify-content: center;
                align-items: center;
                min-height: calc(100vh - 7cm);
            }
    
            .product {
                width: calc(100% / 4);
                margin-bottom: 20px;
                text-align: center;
                border: 1px solid red;
                border-radius: 10px;
                overflow: hidden;
                padding: 10px;
                display: flex;
                flex-direction: column;
                background-color: black;
                color: white;
            }
    
            .product .content {
                height: 200px;
                overflow: hidden;
            }
    
            .product img {
                width: 100%;
                height: 200px; /* Ajuste la hauteur selon tes besoins */
                object-fit: cover; /* Ajuste l'image pour qu'elle remplisse le conteneur */
            }
    
            .product .description {
                margin-top: 10px;
            }
    
            .product .more-link {
                margin-top: 5px;
                cursor: pointer;
                color: blue;
            }
    
            .pagination {
                text-align: center;
                margin: 20px 0;
            }
    
            .pagination a {
                color: white;
                padding: 8px 16px;
                text-decoration: none;
                background-color: gray;
                margin: 0 4px;
                border-radius: 4px;
            }
    
            .pagination a:hover {
                background-color: #575757;
            }
    
            @media (min-width: 768px) and (max-width: 991px) {
                .product {
                    width: calc(100% / 3);
                }
            }
    
            @media (max-width: 767px) {
                .product {
                    width: 100%;
                }
            }
    
            /* Style pour le bouton flottant */
            .floating-button {
                position: fixed;
                bottom: 20px;
                right: 20px;
                background-color: red;
                color: white;
                border: none;
                border-radius: 50%;
                width: 60px;
                height: 60px;
                text-align: center;
                font-size: 18px;
                cursor: pointer;
                z-index: 1000;
                box-shadow: 0 4px 8px rgba(0, 0, 0, 0.2);
            }
        </style>
    </head>
    
    <body>
        <div class="datetime">
            <div class="date" id="comment"></div>
            <div class="date" id="date"></div>
            <div class="time" id="time"></div>
        </div>
    
        <div class="container">
          
            

<div class="product"><a href="https://www.amazon.com/dp/B0D6VY9HVX?tag=eloabder-20&linkCode=osi&th=1&psc=1"><img src="https://m.media-amazon.com/images/I/41panzRUB5L._SL500_.jpg" alt="Product Image"></a><p>Ear Wax Removal - Electric Ear Cleaner - Ear Irrigation Kit Safe Ear Irrigation Flushing System with 4 Pressure Settings - Effective Ear Wax Removal Tool for Earwax Buildup (Dark Blue)</p><p> -20% 0FF </p><p>$39.99</p><a href="https://www.amazon.com/dp/B0D6VY9HVX?tag=eloabder-20&linkCode=osi&th=1&psc=1">View Product</a></div>
<div class="product"><a href="https://www.amazon.com/dp/B002QO00YO?tag=eloabder-20&linkCode=osi&th=1&psc=1"><img src="https://m.media-amazon.com/images/I/41SQ-7dbsHL._SL500_.jpg" alt="Product Image"></a><p>Nature Made Vitamin D3 2000 IU (50 mcg), Dietary Supplement for Bone, Teeth, Muscle and Immune Health Support, 90 Softgels, 90 Day Supply</p><p> -43% 0FF </p><p>$6.28 ($0.07 / Count)</p><a href="https://www.amazon.com/dp/B002QO00YO?tag=eloabder-20&linkCode=osi&th=1&psc=1">View Product</a></div><div class="product"><a href="https://www.amazon.com/dp/B0000DJASY?tag=eloabder-20&linkCode=osi&th=1&psc=1"><img src="https://m.media-amazon.com/images/I/41PwuIsYASL._SL500_.jpg" alt="Product Image"></a><p>Nature Made Extra Strength Vitamin C 1000 mg, Dietary Supplement for Immune Support, 100 Tablets, 100 Day Supply</p><p> -41% 0FF </p><p>$9.50 ($0.10 / Count)</p><a href="https://www.amazon.com/dp/B0000DJASY?tag=eloabder-20&linkCode=osi&th=1&psc=1">View Product</a></div><div class="product"><a href="https://www.amazon.com/dp/B007L0DPE0?tag=eloabder-20&linkCode=osi&th=1&psc=1"><img src="https://m.media-amazon.com/images/I/41u67LVdJFL._SL500_.jpg" alt="Product Image"></a><p>Vitafusion Womens Multivitamin Gummies, Berry Flavored Daily Vitamins for Women With Vitamins A, C, D, E, B-6 and B-12, America’s Number 1 Gummy Vitamin Brand, 75 Days Supply, 150 Count</p><p> -12% 0FF </p><p>$10.98 ($0.07 / Count)</p><a href="https://www.amazon.com/dp/B007L0DPE0?tag=eloabder-20&linkCode=osi&th=1&psc=1">View Product</a></div><div class="product"><a href="https://www.amazon.com/dp/B09KCCVL9V?tag=eloabder-20&linkCode=osi&th=1&psc=1"><img src="https://m.media-amazon.com/images/I/41dw1AsE+jL._SL500_.jpg" alt="Product Image"></a><p>Centrum Silver Women's Multivitamin for Women 50 Plus, Multivitamin/Multimineral Supplement with Vitamin D3, B Vitamins, Non-GMO Ingredients, Supports Memory and Cognition in Older Adults - 200 Ct</p><p> -20% 0FF </p><p>$15.36 ($0.08 / Count)</p><a href="https://www.amazon.com/dp/B09KCCVL9V?tag=eloabder-20&linkCode=osi&th=1&psc=1">View Product</a></div><div class="product"><a href="https://www.amazon.com/dp/B009SZXM4E?tag=eloabder-20&linkCode=osi&th=1&psc=1"><img src="https://m.media-amazon.com/images/I/418wJuLSwhL._SL500_.jpg" alt="Product Image"></a><p>Nature's Bounty Biotin, Supports Healthy Hair, Skin and Nails, 10,000 mcg, Rapid Release Softgels, 120 Ct</p><p> -53% 0FF </p><p>$9.28 ($0.08 / Count)</p><a href="https://www.amazon.com/dp/B009SZXM4E?tag=eloabder-20&linkCode=osi&th=1&psc=1">View Product</a></div><div class="product"><a href="https://www.amazon.com/dp/B0046VBWK6?tag=eloabder-20&linkCode=osi&th=1&psc=1"><img src="https://m.media-amazon.com/images/I/41Ip2jGcUpL._SL500_.jpg" alt="Product Image"></a><p>Nature's Bounty Vitamin B12 1000mcg, Supports Energy Metabolism and Nervous System Health, Vitamin Supplement, 100 Tablets</p><p> -41% 0FF </p><p>$7.02 ($0.07 / Count)</p><a href="https://www.amazon.com/dp/B0046VBWK6?tag=eloabder-20&linkCode=osi&th=1&psc=1">View Product</a></div><div class="product"><a href="https://www.amazon.com/dp/B007L0DONW?tag=eloabder-20&linkCode=osi&th=1&psc=1"><img src="https://m.media-amazon.com/images/I/41vIgYSAtXL._SL500_.jpg" alt="Product Image"></a><p>vitafusion Adult Gummy Vitamins for Men, Berry Flavored Daily Multivitamins for Men With Vitamins A, C, D, E, B6 and B12, America’s Number 1 Gummy Vitamin Brand, 75 Day Supply, 150 Count</p><p> -8% 0FF </p><p>$10.98 ($0.07 / Count)</p><a href="https://www.amazon.com/dp/B007L0DONW?tag=eloabder-20&linkCode=osi&th=1&psc=1">View Product</a></div><div class="product"><a href="https://www.amazon.com/dp/B0014D2GEK?tag=eloabder-20&linkCode=osi&th=1&psc=1"><img src="https://m.media-amazon.com/images/I/41Al6x+mTKL._SL500_.jpg" alt="Product Image"></a><p>Nature's Bounty Super B Complex with Vitamin C & Folic Acid, Immune & Energy Support, 150 tablets</p><p> -25% 0FF </p><p>$12.20 ($0.08 / Count)</p><a href="https://www.amazon.com/dp/B0014D2GEK?tag=eloabder-20&linkCode=osi&th=1&psc=1">View Product</a></div>
<div class="product"><a href="https://www.amazon.com/dp/B0BG94RWYN?tag=eloabder-20&linkCode=osi&th=1&psc=1"><img src="https://m.media-amazon.com/images/I/41k1yrK-eGL._SL500_.jpg" alt="Product Image"></a><p>Sea Moss 3000mg Black Seed Oil 2000mg Ashwagandha 1000mg Turmeric 1000mg Bladderwrack 1000mg Burdock 1000mg & Vitamin C & D3 with Elderberry Manuka Dandelion Yellow Dock Iodine Chlorophyll ACV</p><p> -25% 0FF </p><p>$29.95 ($0.50 / Count)</p><a href="https://www.amazon.com/dp/B0BG94RWYN?tag=eloabder-20&linkCode=osi&th=1&psc=1">View Product</a></div><div class="product"><a href="https://www.amazon.com/dp/B08YLTCDTN?tag=eloabder-20&linkCode=osi&th=1&psc=1"><img src="https://m.media-amazon.com/images/I/41aybXdjmLL._SL500_.jpg" alt="Product Image"></a><p>Nature's Bounty Zinc 50mg, Immune Support & Antioxidant Supplement, Promotes Skin Health 250 Caplets</p><p> -12% 0FF </p><p>$9.48 ($0.04 / Count)</p><a href="https://www.amazon.com/dp/B08YLTCDTN?tag=eloabder-20&linkCode=osi&th=1&psc=1">View Product</a></div><div class="product"><a href="https://www.amazon.com/dp/B0000DJAQU?tag=eloabder-20&linkCode=osi&th=1&psc=1"><img src="https://m.media-amazon.com/images/I/41c7alI7ydL._SL500_.jpg" alt="Product Image"></a><p>Nature Made Fish Oil 1200 mg Softgels, Fish Oil Supplements, Omega 3 Fish Oil for Healthy Heart Support, Omega 3 Supplement with 100 Softgels, 50 Day Supply</p><p> -35% 0FF </p><p>$9.50 ($0.10 / Count)</p><a href="https://www.amazon.com/dp/B0000DJAQU?tag=eloabder-20&linkCode=osi&th=1&psc=1">View Product</a></div><div class="product"><a href="https://www.amazon.com/dp/B01DBTFO98?tag=eloabder-20&linkCode=osi&th=1&psc=1"><img src="https://m.media-amazon.com/images/I/51Evo4SKmEL._SL500_.jpg" alt="Product Image"></a><p>Turmeric Curcumin with Black Pepper Extract 1500mg - High Absorption Ultra Potent Turmeric Supplement with 95% Curcuminoids and BioPerine - Non GMO Turmeric Capsules for Joint Support - 90 Capsules</p><p> -25% 0FF </p><p>$18.79 ($0.21 / Count)</p><a href="https://www.amazon.com/dp/B01DBTFO98?tag=eloabder-20&linkCode=osi&th=1&psc=1">View Product</a></div><div class="product"><a href="https://www.amazon.com/dp/B00H5PJ0HW?tag=eloabder-20&linkCode=osi&th=1&psc=1"><img src="https://m.media-amazon.com/images/I/414mKN9ZjbL._SL500_.jpg" alt="Product Image"></a><p>Nature's Bounty Magnesium, Bone and Muscle Health, Whole Body Support, Tablets, 500 Mg, 200 Ct</p><p> -16% 0FF </p><p>$12.61 ($0.06 / Count)</p><a href="https://www.amazon.com/dp/B00H5PJ0HW?tag=eloabder-20&linkCode=osi&th=1&psc=1">View Product</a></div><div class="product"><a href="https://www.amazon.com/dp/B07N7RD2CL?tag=eloabder-20&linkCode=osi&th=1&psc=1"><img src="https://m.media-amazon.com/images/I/41J1UKnf+CL._SL500_.jpg" alt="Product Image"></a><p>Horbäach Cranberry Concentrate Extract Pills + Vitamin C | 30,000mg | 120 Capsules | Triple Strength Ultimate Potency Formula | Non-GMO and Gluten Free Supplement</p><p> -15% 0FF </p><p>$9.99 ($0.07 / Count)</p><a href="https://www.amazon.com/dp/B07N7RD2CL?tag=eloabder-20&linkCode=osi&th=1&psc=1">View Product</a></div><div class="product"><a href="https://www.amazon.com/dp/B07DX89ZHN?tag=eloabder-20&linkCode=osi&th=1&psc=1"><img src="https://m.media-amazon.com/images/I/41INqodQzYL._SL500_.jpg" alt="Product Image"></a><p>Sports Research Triple Strength Omega 3 Fish Oil - Burpless Fish Oil Supplement w/EPA & DHA Fatty Acids from Single-Source Wild Alaska Pollock - 1250 mg, 90 ct</p><p> -10% 0FF </p><p>$26.95 ($0.30 / Count)</p><a href="https://www.amazon.com/dp/B07DX89ZHN?tag=eloabder-20&linkCode=osi&th=1&psc=1">View Product</a></div>
<div class="product"><a href="https://www.amazon.com/dp/B00YMSLT88?tag=eloabder-20&linkCode=osi&th=1&psc=1"><img src="https://m.media-amazon.com/images/I/41S95x-3xaL._SL500_.jpg" alt="Product Image"></a><p>Nature Made Multivitamin Tablets with Iron, Multivitamin for Women and Men for Daily Nutritional Support, 130 Tablets, 130 Day Supply</p><p> -14% 0FF </p><p>$11.99 ($0.09 / Count)</p><a href="https://www.amazon.com/dp/B00YMSLT88?tag=eloabder-20&linkCode=osi&th=1&psc=1">View Product</a></div><div class="product"><a href="https://www.amazon.com/dp/B09BVYY7XR?tag=eloabder-20&linkCode=osi&th=1&psc=1"><img src="https://m.media-amazon.com/images/I/41y16Rsk2tL._SL500_.jpg" alt="Product Image"></a><p>Centrum Adult Multivitamin/Multimineral Supplement with Antioxidants, Zinc, Vitamin D3 and B Vitamins, Gluten Free, Non-GMO Ingredients - 200 Count</p><p> -29% 0FF </p><p>$9.99 ($0.05 / Count)</p><a href="https://www.amazon.com/dp/B09BVYY7XR?tag=eloabder-20&linkCode=osi&th=1&psc=1">View Product</a></div>
<div class="product"><a href="https://www.amazon.com/dp/B004JO3JTM?tag=eloabder-20&linkCode=osi&th=1&psc=1"><img src="https://m.media-amazon.com/images/I/51kOhkzzLKL._SL500_.jpg" alt="Product Image"></a><p>Nature's Bounty Acidophilus Probiotic, Daily Probiotic Supplement, Supports Digestive Health, Twin Pack, 100 Count (Pack of 2)</p><p> -21% 0FF </p><p>$14.88 ($0.07 / Count)</p><a href="https://www.amazon.com/dp/B004JO3JTM?tag=eloabder-20&linkCode=osi&th=1&psc=1">View Product</a></div><div class="product"><a href="https://www.amazon.com/dp/B071DZQLPQ?tag=eloabder-20&linkCode=osi&th=1&psc=1"><img src="https://m.media-amazon.com/images/I/51E-+x12x5L._SL500_.jpg" alt="Product Image"></a><p>NewRhythm Probiotics 50 Billion CFU 20 Strains, 60 Veggie Capsules, Targeted Release Technology, Stomach Acid Resistant, No Need for Refrigeration, Non-GMO, Gluten Free</p><p> -23% 0FF </p><p>$16.99 ($0.28 / Count)</p><a href="https://www.amazon.com/dp/B071DZQLPQ?tag=eloabder-20&linkCode=osi&th=1&psc=1">View Product</a></div><div class="product"><a href="https://www.amazon.com/dp/B00Y8MP4G6?tag=eloabder-20&linkCode=osi&th=1&psc=1"><img src="https://m.media-amazon.com/images/I/51IIJQSKA5L._SL500_.jpg" alt="Product Image"></a><p>Dr. Formulated Probiotics for Women & Prebiotics, 50 Billion CFU for Women’s Daily Digestive Vaginal & Immune Health, Garden of Life 16 Probiotic Strains Shelf Stable No Gluten Dairy Soy, 30 Capsules</p><p> -24% 0FF </p><p>$30.27 ($1.01 / Count)</p><a href="https://www.amazon.com/dp/B00Y8MP4G6?tag=eloabder-20&linkCode=osi&th=1&psc=1">View Product</a></div><div class="product"><a href="https://www.amazon.com/dp/B08GR12D4T?tag=eloabder-20&linkCode=osi&th=1&psc=1"><img src="https://m.media-amazon.com/images/I/413uXWNsVzL._SL500_.jpg" alt="Product Image"></a><p>Nature’s Bounty Probiotic 10, Ultra Strength Daily Probiotic Supplement, Support for Digestive, Immune and Upper Respiratory Health, 1 Pack, 30 Capsules</p><p> -55% 0FF </p><p>$12.84 ($0.43 / Count)</p><a href="https://www.amazon.com/dp/B08GR12D4T?tag=eloabder-20&linkCode=osi&th=1&psc=1">View Product</a></div>
<div class="product"><a href="https://www.amazon.com/dp/B000NPYY04?tag=eloabder-20&linkCode=osi&th=1&psc=1"><img src="https://m.media-amazon.com/images/I/41AB0odrkeL._SL500_.jpg" alt="Product Image"></a><p>Nature's Bounty Fish Oil, Supports Heart Health, 1200 Mg, 360 Mg Omega-3, Rapid Release Softgels, 200 Ct</p><p> -33% 0FF </p><p>$14.17 ($0.07 / Count)</p><a href="https://www.amazon.com/dp/B000NPYY04?tag=eloabder-20&linkCode=osi&th=1&psc=1">View Product</a></div><div class="product"><a href="https://www.amazon.com/dp/B000J18RSW?tag=eloabder-20&linkCode=osi&th=1&psc=1"><img src="https://m.media-amazon.com/images/I/41bBRe7FxlL._SL500_.jpg" alt="Product Image"></a><p>NOW Foods Omega-3-100 Softgels</p><p> -39% 0FF </p><p>$6.72 ($0.07 / Count)</p><a href="https://www.amazon.com/dp/B000J18RSW?tag=eloabder-20&linkCode=osi&th=1&psc=1">View Product</a></div><div class="product"><a href="https://www.amazon.com/dp/B000HDV7YS?tag=eloabder-20&linkCode=osi&th=1&psc=1"><img src="https://m.media-amazon.com/images/I/41d-hzNXpVL._SL500_.jpg" alt="Product Image"></a><p>Nordic Naturals Ultimate Omega, Lemon Flavor - 60 Soft Gels - 1280 mg Omega-3 - High-Potency Omega-3 Fish Oil Supplement with EPA & DHA - Promotes Brain & Heart Health - Non-GMO - 30 Servings</p><p> -20% 0FF </p><p>$23.98 ($0.40 / Count)</p><a href="https://www.amazon.com/dp/B000HDV7YS?tag=eloabder-20&linkCode=osi&th=1&psc=1">View Product</a></div><div class="product"><a href="https://www.amazon.com/dp/B002QMB55Y?tag=eloabder-20&linkCode=osi&th=1&psc=1"><img src="https://m.media-amazon.com/images/I/41I4GSlk++S._SL500_.jpg" alt="Product Image"></a><p>Nature's Bounty Fish Oil, Supports Heart Health, 2400mg, Coated Softgels, 90 Ct.</p><p> -36% 0FF </p><p>$14.34 ($0.16 / Count)</p><a href="https://www.amazon.com/dp/B002QMB55Y?tag=eloabder-20&linkCode=osi&th=1&psc=1">View Product</a></div><div class="product"><a href="https://www.amazon.com/dp/B00YMSLAW8?tag=eloabder-20&linkCode=osi&th=1&psc=1"><img src="https://m.media-amazon.com/images/I/41eQik8+DzL._SL500_.jpg" alt="Product Image"></a><p>Nature Made Fish Oil 1000 mg Softgels, Fish Oil Supplements, Omega 3 Fish Oil for Healthy Heart Support, Omega 3 Supplement with 90 Softgels, 45 Day Supply</p><p> -12% 0FF </p><p>$10.86 ($0.12 / Count)</p><a href="https://www.amazon.com/dp/B00YMSLAW8?tag=eloabder-20&linkCode=osi&th=1&psc=1">View Product</a></div>
<div class="product"><a href="https://www.amazon.com/dp/B0016KITZ6?tag=eloabder-20&linkCode=osi&th=1&psc=1"><img src="https://m.media-amazon.com/images/I/41UQ6eGLCkL._SL500_.jpg" alt="Product Image"></a><p>Nature's Bounty Calcium Carbonate & Vitamin D, Supports Immune Health & Bone Health, 1200mg Calcium & 1000IU Vitamin D3, 120 Softgels</p><p> -53% 0FF </p><p>$8.87 ($0.07 / Count)</p><a href="https://www.amazon.com/dp/B0016KITZ6?tag=eloabder-20&linkCode=osi&th=1&psc=1">View Product</a></div><div class="product"><a href="https://www.amazon.com/dp/B07RL3KYD7?tag=eloabder-20&linkCode=osi&th=1&psc=1"><img src="https://m.media-amazon.com/images/I/316d4YzxuJL._SL500_.jpg" alt="Product Image"></a><p>Horbäach Calcium 1200 mg with Vitamin D3 | 240 Softgels | 5000 IU Vitamin D3 | Absorbable Calcium Supplement | Non-GMO, Gluten Free Calcium Supplement</p><p> -15% 0FF </p><p>$13.99 ($0.06 / Count)</p><a href="https://www.amazon.com/dp/B07RL3KYD7?tag=eloabder-20&linkCode=osi&th=1&psc=1">View Product</a></div><div class="product"><a href="https://www.amazon.com/dp/B004L4EJQ2?tag=eloabder-20&linkCode=osi&th=1&psc=1"><img src="https://m.media-amazon.com/images/I/41WkicGmhTL._SL500_.jpg" alt="Product Image"></a><p>Citracal Slow Release 1200, 1200 mg Calcium Citrate and Calcium Carbonate with 25 mcg (1000 IU) Vitamin D3, Bone Health Support, Calcium Supplement for Ages 12+, Take Once Daily Caplet, 80 Count</p><p> -16% 0FF </p><p>$10.92 ($0.14 / Count)</p><a href="https://www.amazon.com/dp/B004L4EJQ2?tag=eloabder-20&linkCode=osi&th=1&psc=1">View Product</a></div><div class="product"><a href="https://www.amazon.com/dp/B00028LZ90?tag=eloabder-20&linkCode=osi&th=1&psc=1"><img src="https://m.media-amazon.com/images/I/41JYXLyi8KL._SL500_.jpg" alt="Product Image"></a><p>NOW Foods Supplements, Calcium & Magnesium 2:1 Ratio, High Potency, Supports Bone Health*, 100 Tablets</p><p> -39% 0FF </p><p>$7.95 ($0.08 / Count)</p><a href="https://www.amazon.com/dp/B00028LZ90?tag=eloabder-20&linkCode=osi&th=1&psc=1">View Product</a></div>
<div class="product"><a href="https://www.amazon.com/dp/B00GB85JR4?tag=eloabder-20&linkCode=osi&th=1&psc=1"><img src="https://m.media-amazon.com/images/I/41dP1a3s3ZL._SL500_.jpg" alt="Product Image"></a><p>NatureWise Vitamin D3 5000iu (125 mcg) 1 Year Supply for Healthy Muscle Function, and Immune Support, Non-GMO, Gluten Free in Cold-Pressed Olive Oil, Packaging Vary ( Mini Softgel), 360 Count</p><p> -11% 0FF </p><p>$13.34 ($0.04 / Count)</p><a href="https://www.amazon.com/dp/B00GB85JR4?tag=eloabder-20&linkCode=osi&th=1&psc=1">View Product</a></div><div class="product"><a href="https://www.amazon.com/dp/B004GJRFYK?tag=eloabder-20&linkCode=osi&th=1&psc=1"><img src="https://m.media-amazon.com/images/I/41AwGxilrHL._SL500_.jpg" alt="Product Image"></a><p>Nature Made Vitamin D3 2000 IU (50 mcg), Dietary Supplement for Bone, Teeth, Muscle and Immune Health Support, 100 Tablets, 100 Day Supply</p><p> -38% 0FF </p><p>$6.99 ($0.07 / Count)</p><a href="https://www.amazon.com/dp/B004GJRFYK?tag=eloabder-20&linkCode=osi&th=1&psc=1">View Product</a></div><div class="product"><a href="https://www.amazon.com/dp/B004U3Y8OM?tag=eloabder-20&linkCode=osi&th=1&psc=1"><img src="https://m.media-amazon.com/images/I/41FAeb-VvJL._SL500_.jpg" alt="Product Image"></a><p>Nature Made Vitamin D3 1000 IU (25 mcg), Dietary Supplement for Bone, Teeth, Muscle and Immune Health Support, 300 Softgels, 300 Day Supply</p><p> -36% 0FF </p><p>$12.35 ($0.04 / Count)</p><a href="https://www.amazon.com/dp/B004U3Y8OM?tag=eloabder-20&linkCode=osi&th=1&psc=1">View Product</a></div><div class="product"><a href="https://www.amazon.com/dp/B0032BH76O?tag=eloabder-20&linkCode=osi&th=1&psc=1"><img src="https://m.media-amazon.com/images/I/41GbEgKM04L._SL500_.jpg" alt="Product Image"></a><p>NOW Foods Supplements, Vitamin D-3 5,000 IU, High Potency, Structural Support*, 240 Softgels</p><p> -48% 0FF </p><p>$11.99 ($0.05 / Count)</p><a href="https://www.amazon.com/dp/B0032BH76O?tag=eloabder-20&linkCode=osi&th=1&psc=1">View Product</a></div><div class="product"><a href="https://www.amazon.com/dp/B008GC9T6A?tag=eloabder-20&linkCode=osi&th=1&psc=1"><img src="https://m.media-amazon.com/images/I/41T9MsyhtyL._SL500_.jpg" alt="Product Image"></a><p>Nature Made Extra Strength Vitamin D3 5000 IU (125 mcg), Dietary Supplement for Bone, Teeth, Muscle and Immune Health Support, 180 Softgels, 180 Day Supply</p><p> -51% 0FF </p><p>$14.29 ($0.08 / Count)</p><a href="https://www.amazon.com/dp/B008GC9T6A?tag=eloabder-20&linkCode=osi&th=1&psc=1">View Product</a></div><div class="product"><a href="https://www.amazon.com/dp/B004JO99TG?tag=eloabder-20&linkCode=osi&th=1&psc=1"><img src="https://m.media-amazon.com/images/I/41U+oh75F3L._SL500_.jpg" alt="Product Image"></a><p>Nature's Bounty Vitamin D3 1000 IU Softgels, Immune Support, Promotes Healthy Bones, 350 Ct</p><p> -28% 0FF </p><p>$13.70 ($0.04 / Count)</p><a href="https://www.amazon.com/dp/B004JO99TG?tag=eloabder-20&linkCode=osi&th=1&psc=1">View Product</a></div><div class="product"><a href="https://www.amazon.com/dp/B07YM8MCWN?tag=eloabder-20&linkCode=osi&th=1&psc=1"><img src="https://m.media-amazon.com/images/I/41ca9TyyoCL._SL500_.jpg" alt="Product Image"></a><p>Nature Made Extra Strength Vitamin D3 5000 IU (125 mcg) per serving, Dietary Supplement for Bone, Teeth, Muscle and Immune Health Support, 150 Gummies, 75 Day Supply</p><p> -61% 0FF </p><p>$12.74 ($0.08 / Count)</p><a href="https://www.amazon.com/dp/B07YM8MCWN?tag=eloabder-20&linkCode=osi&th=1&psc=1">View Product</a></div><div class="product"><a href="https://www.amazon.com/dp/B00DN4VCA2?tag=eloabder-20&linkCode=osi&th=1&psc=1"><img src="https://m.media-amazon.com/images/I/41PsA535b2L._SL500_.jpg" alt="Product Image"></a><p>Nature's Bounty Vitamin D3, Immune Support, 125 mcg (5000iu), Rapid Release Softgels, 240 Ct</p><p> -28% 0FF </p><p>$22.39 ($0.09 / Count)</p><a href="https://www.amazon.com/dp/B00DN4VCA2?tag=eloabder-20&linkCode=osi&th=1&psc=1">View Product</a></div>
<div class="product"><a href="https://www.amazon.com/dp/B08YS4ZRTL?tag=eloabder-20&linkCode=osi&th=1&psc=1"><img src="https://m.media-amazon.com/images/I/41GcGPxLCmS._SL500_.jpg" alt="Product Image"></a><p>Nature's Bounty Vitamin C, Supports Immune and Antioxidant Health, Vitamin C Supplement, 1000mg, 300 Caplets</p><p> -55% 0FF </p><p>$17.37 ($0.06 / Count)</p><a href="https://www.amazon.com/dp/B08YS4ZRTL?tag=eloabder-20&linkCode=osi&th=1&psc=1">View Product</a></div><div class="product"><a href="https://www.amazon.com/dp/B08FNG91XM?tag=eloabder-20&linkCode=osi&th=1&psc=1"><img src="https://m.media-amazon.com/images/I/41ZC6V+G+HL._SL500_.jpg" alt="Product Image"></a><p>Nature Made Extra Strength Dosage Chewable Vitamin C 1000 mg per serving, Dietary Supplement for Immune Support, 90 Tablets, 45 Day Supply</p><p> -53% 0FF </p><p>$7.49 ($0.08 / Count)</p><a href="https://www.amazon.com/dp/B08FNG91XM?tag=eloabder-20&linkCode=osi&th=1&psc=1">View Product</a></div><div class="product"><a href="https://www.amazon.com/dp/B001AIXCU6?tag=eloabder-20&linkCode=osi&th=1&psc=1"><img src="https://m.media-amazon.com/images/I/41bTcu8uA7L._SL500_.jpg" alt="Product Image"></a><p>NOW Supplements, Vitamin C-1,000 with 100 mg of Bioflavonoids, Antioxidant protection*, 100 Veg Capsules</p><p> -39% 0FF </p><p>$8.56 ($0.09 / Count)</p><a href="https://www.amazon.com/dp/B001AIXCU6?tag=eloabder-20&linkCode=osi&th=1&psc=1">View Product</a></div><div class="product"><a href="https://www.amazon.com/dp/B0CBVWPPR9?tag=eloabder-20&linkCode=osi&th=1&psc=1"><img src="https://m.media-amazon.com/images/I/41LN1NSD+LL._SL500_.jpg" alt="Product Image"></a><p>Nature Made Maximum Strength Dosage Vitamin C 1000mg per Serving, Immune Support Vitamin C Gummies for Adults, 80 Vitamin C Gummies, 20 Day Supply</p><p> -23% 0FF </p><p>$14.99 ($0.19 / Count)</p><a href="https://www.amazon.com/dp/B0CBVWPPR9?tag=eloabder-20&linkCode=osi&th=1&psc=1">View Product</a></div><div class="product"><a href="https://www.amazon.com/dp/B0061GLR5O?tag=eloabder-20&linkCode=osi&th=1&psc=1"><img src="https://m.media-amazon.com/images/I/41d2trPxbUL._SL500_.jpg" alt="Product Image"></a><p>Nature's Bounty Vitamin C Tablets, Vitamin Supplement, Supports a Healthy Immune System, 500mg, 100 Count</p><p> -16% 0FF </p><p>$6.44 ($0.06 / Count)</p><a href="https://www.amazon.com/dp/B0061GLR5O?tag=eloabder-20&linkCode=osi&th=1&psc=1">View Product</a></div><div class="product"><a href="https://www.amazon.com/dp/B003FW4UME?tag=eloabder-20&linkCode=osi&th=1&psc=1"><img src="https://m.media-amazon.com/images/I/412U0GonxIL._SL500_.jpg" alt="Product Image"></a><p>Vitafusion Power C Vitamin C Gummies for Immune Support, Orange Flavored, 282 mg Vitamin C, America’s Number 1 Gummy Vitamin Brand, 50 Day Supply, 150 Count</p><p> -20% 0FF </p><p>$10.04 ($0.07 / Count)</p><a href="https://www.amazon.com/dp/B003FW4UME?tag=eloabder-20&linkCode=osi&th=1&psc=1">View Product</a></div>
<div class="product"><a href="https://www.amazon.com/dp/B00DS5BGDY?tag=eloabder-20&linkCode=osi&th=1&psc=1"><img src="https://m.media-amazon.com/images/I/41zXI0XuNYL._SL500_.jpg" alt="Product Image"></a><p>Nature Made Vitamin B12 1000 mcg, Dietary Supplement for Energy Metabolism Support, 150 Softgels, 150 Day Supply</p><p> -58% 0FF </p><p>$9.98 ($0.07 / Count)</p><a href="https://www.amazon.com/dp/B00DS5BGDY?tag=eloabder-20&linkCode=osi&th=1&psc=1">View Product</a></div><div class="product"><a href="https://www.amazon.com/dp/B005DXM32M?tag=eloabder-20&linkCode=osi&th=1&psc=1"><img src="https://m.media-amazon.com/images/I/41MvjD91oML._SL500_.jpg" alt="Product Image"></a><p>Nature Made Vitamin B12 1000 mcg, Dietary Supplement For Energy Metabolism Support, 160 Time Release Tablets, 160 Day Supply</p><p> -48% 0FF </p><p>$10.65 ($0.07 / Count)</p><a href="https://www.amazon.com/dp/B005DXM32M?tag=eloabder-20&linkCode=osi&th=1&psc=1">View Product</a></div><div class="product"><a href="https://www.amazon.com/dp/B00CBXSO4I?tag=eloabder-20&linkCode=osi&th=1&psc=1"><img src="https://m.media-amazon.com/images/I/41iG+dyC1gL._SL500_.jpg" alt="Product Image"></a><p>Nature Made Maximum Strength Vitamin B12 5000 mcg, Dietary Supplement for Energy Metabolism Support, 60 Softgels, 60 Day Supply</p><p> -34% 0FF </p><p>$14.41 ($0.24 / Count)</p><a href="https://www.amazon.com/dp/B00CBXSO4I?tag=eloabder-20&linkCode=osi&th=1&psc=1">View Product</a></div><div class="product"><a href="https://www.amazon.com/dp/B002I3V8B2?tag=eloabder-20&linkCode=osi&th=1&psc=1"><img src="https://m.media-amazon.com/images/I/41eTIAmWMFL._SL500_.jpg" alt="Product Image"></a><p>Nature's Bounty Vitamin B12, Supports Energy Metabolism and Nervous System Health, 500mcg, 100 Quick Dissolve Tablets</p><p> -25% 0FF </p><p>$6.99 ($0.07 / Count)</p><a href="https://www.amazon.com/dp/B002I3V8B2?tag=eloabder-20&linkCode=osi&th=1&psc=1">View Product</a></div><div class="product"><a href="https://www.amazon.com/dp/B00OJOL3KO?tag=eloabder-20&linkCode=osi&th=1&psc=1"><img src="https://m.media-amazon.com/images/I/51fIqhTZ-dL._SL500_.jpg" alt="Product Image"></a><p>Vitafusion Extra Strength Vitamin B12 Gummy Vitamins for Energy Metabolism Support and Nervous System Health Support, Cherry Flavored, America’s Number 1 Brand, 45 Day Supply, 90 Count</p><p> -22% 0FF </p><p>$9.74 ($0.11 / Count)</p><a href="https://www.amazon.com/dp/B00OJOL3KO?tag=eloabder-20&linkCode=osi&th=1&psc=1">View Product</a></div><div class="product"><a href="https://www.amazon.com/dp/B07BLLJK8H?tag=eloabder-20&linkCode=osi&th=1&psc=1"><img src="https://m.media-amazon.com/images/I/41HZAnyAW7L._SL500_.jpg" alt="Product Image"></a><p>Natrol Vitamin B-12 5000mcg, Dietary Supplement for Cellular Energy Production & Healthy Nervous System Support, 200 Strawberry-Flavored Fast Dissolve Tablets, 200 Day Supply</p><p> -5% 0FF </p><p>$18.10 ($0.09 / count)</p><a href="https://www.amazon.com/dp/B07BLLJK8H?tag=eloabder-20&linkCode=osi&th=1&psc=1">View Product</a></div><div class="product"><a href="https://www.amazon.com/dp/B00VX14ULK?tag=eloabder-20&linkCode=osi&th=1&psc=1"><img src="https://m.media-amazon.com/images/I/41+rGLsEnvL._SL500_.jpg" alt="Product Image"></a><p>Nature's Bounty Vitamin B12 2500 mcg, Cellular Energy Support, For Energy Metabolism, Heart & Nervous System Health, 75 Quick Dissolve Tablets</p><p> -38% 0FF </p><p>$8.10 ($0.11 / Count)</p><a href="https://www.amazon.com/dp/B00VX14ULK?tag=eloabder-20&linkCode=osi&th=1&psc=1">View Product</a></div><div class="product"><a href="https://www.amazon.com/dp/B0CHKKGDXD?tag=eloabder-20&linkCode=osi&th=1&psc=1"><img src="https://m.media-amazon.com/images/I/31IJJrz9ABL._SL500_.jpg" alt="Product Image"></a><p>NatureWise Vitamin B12 1000 mcg - Supplement for Supporting Energy Levels, Mental Clarity, Nervous System Health - Easy-to-Swallow, Soy and Gluten-Free, Non-GMO - 60 Softgels[2-Month Supply]</p><p> -13% 0FF </p><p>$6.09 ($0.10 / Count)</p><a href="https://www.amazon.com/dp/B0CHKKGDXD?tag=eloabder-20&linkCode=osi&th=1&psc=1">View Product</a></div><div class="product"><a href="https://www.amazon.com/dp/B0BX7GP2HF?tag=eloabder-20&linkCode=osi&th=1&psc=1"><img src="https://m.media-amazon.com/images/I/41KaKYueDfL._SL500_.jpg" alt="Product Image"></a><p>Nature Made Extra Strength Vitamin B12 Gummies, 3000 mcg per serving, B12 Vitamin Supplement for Energy Metabolism Support, 60 Gummy Vitamins, 30 Day Supply</p><p> -25% 0FF </p><p>$10.49 ($0.17 / Count)</p><a href="https://www.amazon.com/dp/B0BX7GP2HF?tag=eloabder-20&linkCode=osi&th=1&psc=1">View Product</a></div>
<div class="product"><a href="https://www.amazon.com/dp/B0002VG3PS?tag=eloabder-20&linkCode=osi&th=1&psc=1"><img src="https://m.media-amazon.com/images/I/41xGc8gVGwL._SL500_.jpg" alt="Product Image"></a><p>Nature Made Vitamin E 180 mg (400 IU) dl-Alpha, Dietary Supplement for Antioxidant Support, No Artificial Flavors, 180 Softgels, 180 Day Supply</p><p> -30% 0FF </p><p>$13.99 ($0.08 / Count)</p><a href="https://www.amazon.com/dp/B0002VG3PS?tag=eloabder-20&linkCode=osi&th=1&psc=1">View Product</a></div><div class="product"><a href="https://www.amazon.com/dp/B002QMB57C?tag=eloabder-20&linkCode=osi&th=1&psc=1"><img src="https://m.media-amazon.com/images/I/41ILutGzoOL._SL500_.jpg" alt="Product Image"></a><p>Nature's Bounty Vitamin E 1000 IU Softgels, Supports Antioxidant Health & Immune System, 1 Pack, 60 Softgels</p><p> -13% 0FF </p><p>$18.48 ($0.31 / Count)</p><a href="https://www.amazon.com/dp/B002QMB57C?tag=eloabder-20&linkCode=osi&th=1&psc=1">View Product</a></div><div class="product"><a href="https://www.amazon.com/dp/B0CPKVBSFR?tag=eloabder-20&linkCode=osi&th=1&psc=1"><img src="https://m.media-amazon.com/images/I/31x9KLSyq4L._SL500_.jpg" alt="Product Image"></a><p>NatureWise Vitamin E 400 IU Softgels (180mg DL-Alpha) - Dairy, Gluten, and Soy Free, Non-GMO Antioxidant Dietary Supplement for Skin, Heart, Eye, and Immune Health Support - 2-Month Supply, 60 Count</p><p> -35% 0FF </p><p>$5.17 ($0.09 / Count)</p><a href="https://www.amazon.com/dp/B0CPKVBSFR?tag=eloabder-20&linkCode=osi&th=1&psc=1">View Product</a></div><div class="product"><a href="https://www.amazon.com/dp/B07BFSFCDS?tag=eloabder-20&linkCode=osi&th=1&psc=1"><img src="https://m.media-amazon.com/images/I/41pk1ggHalS._SL500_.jpg" alt="Product Image"></a><p>Amazon Elements Vitamin E, 400 IU, 100 Softgels, 100 days of supply (Packaging may vary)</p><p> -5% 0FF </p><p>$11.21 ($0.11 / count)</p><a href="https://www.amazon.com/dp/B07BFSFCDS?tag=eloabder-20&linkCode=osi&th=1&psc=1">View Product</a></div><div class="product"><a href="https://www.amazon.com/dp/B000MGOX78?tag=eloabder-20&linkCode=osi&th=1&psc=1"><img src="https://m.media-amazon.com/images/I/41G2JwLiZ0L._SL500_.jpg" alt="Product Image"></a><p>NOW Supplements, Vitamin E-400 IU, Mixed Tocopherols, Antioxidant Protection*, 100 Softgels</p><p> -62% 0FF </p><p>$10.00 ($0.10 / Count)</p><a href="https://www.amazon.com/dp/B000MGOX78?tag=eloabder-20&linkCode=osi&th=1&psc=1">View Product</a></div><div class="product"><a href="https://www.amazon.com/dp/B00128X11E?tag=eloabder-20&linkCode=osi&th=1&psc=1"><img src="https://m.media-amazon.com/images/I/41518K4wU4L._SL500_.jpg" alt="Product Image"></a><p>Solgar Vitamin E 670 mg (1000 IU), 100 Mixed Softgels - Natural Antioxidant, Skin & Immune System Support - Naturally-Sourced Vitamin E - Gluten /Dairy Free - 100 Servings</p><p> -32% 0FF </p><p>$24.56 ($0.25 / Count)</p><a href="https://www.amazon.com/dp/B00128X11E?tag=eloabder-20&linkCode=osi&th=1&psc=1">View Product</a></div><div class="product"><a href="https://www.amazon.com/dp/B0C2SY3BG3?tag=eloabder-20&linkCode=osi&th=1&psc=1"><img src="https://m.media-amazon.com/images/I/41b1yne-vuL._SL500_.jpg" alt="Product Image"></a><p>NatureBell Vitamin E Oil Softgels, 1,000 IU Per Serving, 300 Pills | Essential Antioxidant Supplements, Easily Absorbed Form – Supports Skin, Heart, & Immune Health – Non-GMO</p><p> -22% 0FF </p><p>$24.99 ($0.08 / Count)</p><a href="https://www.amazon.com/dp/B0C2SY3BG3?tag=eloabder-20&linkCode=osi&th=1&psc=1">View Product</a></div><div class="product"><a href="https://www.amazon.com/dp/B01I5OB3LW?tag=eloabder-20&linkCode=osi&th=1&psc=1"><img src="https://m.media-amazon.com/images/I/417sk03NClL._SL500_.jpg" alt="Product Image"></a><p>Nutricost Vitamin E 400 IU, 240 Softgel Capsules - Gluten Free, Non-GMO</p><p> -10% 0FF </p><p>$17.95 ($0.07 / Count)</p><a href="https://www.amazon.com/dp/B01I5OB3LW?tag=eloabder-20&linkCode=osi&th=1&psc=1">View Product</a></div>
<div class="product"><a href="https://www.amazon.com/dp/B006QQRY2O?tag=eloabder-20&linkCode=osi&th=1&psc=1"><img src="https://m.media-amazon.com/images/I/419WjZLvLFL._SL500_.jpg" alt="Product Image"></a><p>Nature's Bounty Iron 65mg, 325 mg Ferrous Sulfate, Cellular Energy Support, Promotes Normal Red Blood Cell Production, 100 Tablets</p><p> -14% 0FF </p><p>$5.45 ($0.05 / Count)</p><a href="https://www.amazon.com/dp/B006QQRY2O?tag=eloabder-20&linkCode=osi&th=1&psc=1">View Product</a></div><div class="product"><a href="https://www.amazon.com/dp/B000WQDD2O?tag=eloabder-20&linkCode=osi&th=1&psc=1"><img src="https://m.media-amazon.com/images/I/41jQi-zmmlL._SL500_.jpg" alt="Product Image"></a><p>NOW Foods Supplements, Iron 18 mg, Non-Constipating*, Essential Mineral, 120 Veg Capsules</p><p> -39% 0FF </p><p>$7.95 ($0.07 / Count)</p><a href="https://www.amazon.com/dp/B000WQDD2O?tag=eloabder-20&linkCode=osi&th=1&psc=1">View Product</a></div><div class="product"><a href="https://www.amazon.com/dp/B08R68324Q?tag=eloabder-20&linkCode=osi&th=1&psc=1"><img src="https://m.media-amazon.com/images/I/41b3TxAwD0L._SL500_.jpg" alt="Product Image"></a><p>Doctor's Recipes Iron Supplement 65 mg with Vitamin C - Maximized Absorption & Stomach Friendly Iron Pills for Red Blood Cells Formation, Heart, Brain & Immunity Health - Vegan Non-GMO 60 Iron Tablets</p><p> -26% 0FF </p><p>$15.98 ($0.27 / Count)</p><a href="https://www.amazon.com/dp/B08R68324Q?tag=eloabder-20&linkCode=osi&th=1&psc=1">View Product</a></div><div class="product"><a href="https://www.amazon.com/dp/B00FYOU6AG?tag=eloabder-20&linkCode=osi&th=1&psc=1"><img src="https://m.media-amazon.com/images/I/41oKBWWRn0L._SL500_.jpg" alt="Product Image"></a><p>NOW Supplements, Iron 36 mg, Double Strength, Non-Constipating*, Essential Mineral, 90 Veg Capsules</p><p> -41% 0FF </p><p>$8.87 ($0.10 / Count)</p><a href="https://www.amazon.com/dp/B00FYOU6AG?tag=eloabder-20&linkCode=osi&th=1&psc=1">View Product</a></div><div class="product"><a href="https://www.amazon.com/dp/B07YM21GR5?tag=eloabder-20&linkCode=osi&th=1&psc=1"><img src="https://m.media-amazon.com/images/I/31Jsc2g7KXL._SL500_.jpg" alt="Product Image"></a><p>MaryRuth Organics Iron Supplement for Women Men & Kids, Liquid Iron Supplement for Women Men & Kids, Iron for Healthy Blood & Oxygen, Ages 4 & Up, Sugar Free, Vegan, Non-GMO, Gluten Free, 15.22 Fl Oz</p><p> -21% 0FF </p><p>$34.48 ($2.27 / Fl Oz)</p><a href="https://www.amazon.com/dp/B07YM21GR5?tag=eloabder-20&linkCode=osi&th=1&psc=1">View Product</a></div><div class="product"><a href="https://www.amazon.com/dp/B006LTCAU2?tag=eloabder-20&linkCode=osi&th=1&psc=1"><img src="https://m.media-amazon.com/images/I/41SJkmfNggL._SL500_.jpg" alt="Product Image"></a><p>Nature's Way Liquid Iron, Provides Daily Value of Iron, Sugar Free, Berry Flavored, 16 Fl. Oz.</p><p> -30% 0FF </p><p>$8.04 ($0.50 / Fl Oz)</p><a href="https://www.amazon.com/dp/B006LTCAU2?tag=eloabder-20&linkCode=osi&th=1&psc=1">View Product</a></div><div class="product"><a href="https://www.amazon.com/dp/B00280M13O?tag=eloabder-20&linkCode=osi&th=1&psc=1"><img src="https://m.media-amazon.com/images/I/51p4g8jnSrS._SL500_.jpg" alt="Product Image"></a><p>Vitamin Code Raw Iron 30ct Capsules</p><p> -20% 0FF </p><p>$15.19 ($0.51 / Count)</p><a href="https://www.amazon.com/dp/B00280M13O?tag=eloabder-20&linkCode=osi&th=1&psc=1">View Product</a></div>
<div class="product"><a href="https://www.amazon.com/dp/B0002VG3QC?tag=eloabder-20&linkCode=osi&th=1&psc=1"><img src="https://m.media-amazon.com/images/I/4164AhPYwZL._SL500_.jpg" alt="Product Image"></a><p>Nature Made Magnesium Oxide 250 mg, Magnesium Supplement for Muscle, Heart, Bone and Nerve Health Support, 200 Tablets, 200 Day Supply</p><p> -27% 0FF </p><p>$8.69 ($0.04 / Count)</p><a href="https://www.amazon.com/dp/B0002VG3QC?tag=eloabder-20&linkCode=osi&th=1&psc=1">View Product</a></div><div class="product"><a href="https://www.amazon.com/dp/B00151G8L8?tag=eloabder-20&linkCode=osi&th=1&psc=1"><img src="https://m.media-amazon.com/images/I/41IBWthzaBL._SL500_.jpg" alt="Product Image"></a><p>Doctor's Best High Absorption Magnesium Glycinate Lysinate, 100% Chelated, TRACCS, Not Buffered, Non-GMO, Vegan, Gluten & Soy Free, 100 mg, 120 Tablets (Packaging May Vary)</p><p> -42% 0FF </p><p>$10.39 ($0.09 / Count)</p><a href="https://www.amazon.com/dp/B00151G8L8?tag=eloabder-20&linkCode=osi&th=1&psc=1">View Product</a></div><div class="product"><a href="https://www.amazon.com/dp/B01CJGXMU2?tag=eloabder-20&linkCode=osi&th=1&psc=1"><img src="https://m.media-amazon.com/images/I/41vazOiu5hL._SL500_.jpg" alt="Product Image"></a><p>Nature Made Magnesium Oxide 250 mg, Magnesium Supplement for Muscle, Heart, Bone and Nerve Health Support, 100 Tablets, 100 Day Supply</p><p> -27% 0FF </p><p>$4.49 ($0.04 / Count)</p><a href="https://www.amazon.com/dp/B01CJGXMU2?tag=eloabder-20&linkCode=osi&th=1&psc=1">View Product</a></div><div class="product"><a href="https://www.amazon.com/dp/B0CRNTTRWH?tag=eloabder-20&linkCode=osi&th=1&psc=1"><img src="https://m.media-amazon.com/images/I/51yGB2K9u1L._SL500_.jpg" alt="Product Image"></a><p>NatureMade Extra Strength Magnesium 400 mg for Bone Health, 180 Softgels</p><p> -26% 0FF </p><p>$24.25 ($0.13 / Count)</p><a href="https://www.amazon.com/dp/B0CRNTTRWH?tag=eloabder-20&linkCode=osi&th=1&psc=1">View Product</a></div><div class="product"><a href="https://www.amazon.com/dp/B0982JTZ7C?tag=eloabder-20&linkCode=osi&th=1&psc=1"><img src="https://m.media-amazon.com/images/I/410EJ4ZeN7L._SL500_.jpg" alt="Product Image"></a><p>Vitamatic Magnesium Citrate Gummies 600mg per Serving - 60 Vegan Gummies - Promotes Healthy Relaxation, Muscle, Bone, & Energy Support (60 Gummies (Pack of 1))</p><p> -31% 0FF </p><p>$8.99 ($0.15 / Count)</p><a href="https://www.amazon.com/dp/B0982JTZ7C?tag=eloabder-20&linkCode=osi&th=1&psc=1">View Product</a></div>
<div class="product"><a href="https://www.amazon.com/dp/B0000DJAPU?tag=eloabder-20&linkCode=osi&th=1&psc=1"><img src="https://m.media-amazon.com/images/I/41AWyU-R3pL._SL500_.jpg" alt="Product Image"></a><p>Nature Made Zinc 30 mg, Dietary Supplement for Immune Health and Antioxidant Support, 100 Tablets, 100 Day Supply</p><p> -14% 0FF </p><p>$4.99 ($0.05 / Count)</p><a href="https://www.amazon.com/dp/B0000DJAPU?tag=eloabder-20&linkCode=osi&th=1&psc=1">View Product</a></div><div class="product"><a href="https://www.amazon.com/dp/B009K6TN08?tag=eloabder-20&linkCode=osi&th=1&psc=1"><img src="https://m.media-amazon.com/images/I/41+5SobvuAL._SL500_.jpg" alt="Product Image"></a><p>NOW Foods Supplements, Zinc (Zinc Gluconate) 50 mg, Supports Enzyme Functions*, Immune Support*, 100 Tablets</p><p> -39% 0FF </p><p>$4.88 ($0.05 / Count)</p><a href="https://www.amazon.com/dp/B009K6TN08?tag=eloabder-20&linkCode=osi&th=1&psc=1">View Product</a></div><div class="product"><a href="https://www.amazon.com/dp/B0098U0QC0?tag=eloabder-20&linkCode=osi&th=1&psc=1"><img src="https://m.media-amazon.com/images/I/5129AYBHcsS._SL500_.jpg" alt="Product Image"></a><p>Garden of Life Zinc Supplements 30mg High Potency Raw Zinc and Vitamin C Multimineral Supplement, Vitamin Code Vitamins Trace Minerals & Probiotics for Skin Health & Immune Support, 60 Vegan Capsules</p><p> -30% 0FF </p><p>$11.19 ($0.19 / Count)</p><a href="https://www.amazon.com/dp/B0098U0QC0?tag=eloabder-20&linkCode=osi&th=1&psc=1">View Product</a></div><div class="product"><a href="https://www.amazon.com/dp/B07QF5YZPM?tag=eloabder-20&linkCode=osi&th=1&psc=1"><img src="https://m.media-amazon.com/images/I/31-Es0RvwCL._SL500_.jpg" alt="Product Image"></a><p>Horbäach Chelated Zinc Supplement 100mg | 250 Tablets | High Potency & Superior Absorption | Vegetarian, Non-GMO, Gluten Free</p><p> -15% 0FF </p><p>$9.39 ($0.04 / Count)</p><a href="https://www.amazon.com/dp/B07QF5YZPM?tag=eloabder-20&linkCode=osi&th=1&psc=1">View Product</a></div><div class="product"><a href="https://www.amazon.com/dp/B004S8CNMS?tag=eloabder-20&linkCode=osi&th=1&psc=1"><img src="https://m.media-amazon.com/images/I/4189jQ1l1qL._SL500_.jpg" alt="Product Image"></a><p>Life Extension Zinc Caps, zinc 50 mg, zinc citrate, Support the body's immune defenses, ultra-absorbable, vegetarian, non-GMO, gluten-free, 90 vegetarian capsules, 90 Count (Pack of 1)</p><p> -25% 0FF </p><p>$6.75 ($0.08 / Count)</p><a href="https://www.amazon.com/dp/B004S8CNMS?tag=eloabder-20&linkCode=osi&th=1&psc=1">View Product</a></div><div class="product"><a href="https://www.amazon.com/dp/B087YLTR4G?tag=eloabder-20&linkCode=osi&th=1&psc=1"><img src="https://m.media-amazon.com/images/I/41hh-3XSXjL._SL500_.jpg" alt="Product Image"></a><p>Sandhu’s Zinc Quercetin 120 Vegetarian Capsules – Zinc Supplements for Antioxidant Immune Support Zinc for Men and Women – Gluten, Soy, Dairy Free</p><p> -20% 0FF </p><p>$27.99 ($0.23 / Count)</p><a href="https://www.amazon.com/dp/B087YLTR4G?tag=eloabder-20&linkCode=osi&th=1&psc=1">View Product</a></div>
<div class="product"><a href="https://www.amazon.com/dp/B0000DJAPS?tag=eloabder-20&linkCode=osi&th=1&psc=1"><img src="https://m.media-amazon.com/images/I/41V-vVwQs7L._SL500_.jpg" alt="Product Image"></a><p>Nature Made Folic Acid 400 mcg (665 mcg DFE), Dietary Supplement for Nervous System Function, 250 Tablets, 250 Day Supply</p><p> -10% 0FF </p><p>$6.31 ($0.03 / Count)</p><a href="https://www.amazon.com/dp/B0000DJAPS?tag=eloabder-20&linkCode=osi&th=1&psc=1">View Product</a></div><div class="product"><a href="https://www.amazon.com/dp/B0009U84Z4?tag=eloabder-20&linkCode=osi&th=1&psc=1"><img src="https://m.media-amazon.com/images/I/41XgVk+QOcL._SL500_.jpg" alt="Product Image"></a><p>NOW Foods Supplements, Folic Acid 800 mcg + B-12 (Cyanocobalamin) 25 mcg, B Complex Vitamin, 250 Tablets</p><p> -39% 0FF </p><p>$5.50 ($0.02 / Count)</p><a href="https://www.amazon.com/dp/B0009U84Z4?tag=eloabder-20&linkCode=osi&th=1&psc=1">View Product</a></div><div class="product"><a href="https://www.amazon.com/dp/B099JC2YTF?tag=eloabder-20&linkCode=osi&th=1&psc=1"><img src="https://m.media-amazon.com/images/I/41T14HpE5hS._SL500_.jpg" alt="Product Image"></a><p>Vitamatic Folic Acid 1000 mcg (1 mg) - Vegetarian Tablets - 1667 mcg DFE - Vitamin B9 (240 Count (Pack of 1))</p><p> -33% 0FF </p><p>$9.99 ($0.04 / Count)</p><a href="https://www.amazon.com/dp/B099JC2YTF?tag=eloabder-20&linkCode=osi&th=1&psc=1">View Product</a></div><div class="product"><a href="https://www.amazon.com/dp/B01IO43YO2?tag=eloabder-20&linkCode=osi&th=1&psc=1"><img src="https://m.media-amazon.com/images/I/41osMHAFreL._SL500_.jpg" alt="Product Image"></a><p>Nutricost Folic Acid (Vitamin B9) 1000 mcg, 240 Capsules</p><p> -13% 0FF </p><p>$12.95 ($0.05 / Count)</p><a href="https://www.amazon.com/dp/B01IO43YO2?tag=eloabder-20&linkCode=osi&th=1&psc=1">View Product</a></div><div class="product"><a href="https://www.amazon.com/dp/B000PSYWQK?tag=eloabder-20&linkCode=osi&th=1&psc=1"><img src="https://m.media-amazon.com/images/I/41qXznaiUlL._SL500_.jpg" alt="Product Image"></a><p>21st Century Folic Acid 400 mcg Tablets, 250 Count</p><p> -28% 0FF </p><p>$3.61 ($0.01 / Count)</p><a href="https://www.amazon.com/dp/B000PSYWQK?tag=eloabder-20&linkCode=osi&th=1&psc=1">View Product</a></div>
<div class="product"><a href="https://www.amazon.com/dp/B00DS5BGAC?tag=eloabder-20&linkCode=osi&th=1&psc=1"><img src="https://m.media-amazon.com/images/I/41XgXxh1trL._SL500_.jpg" alt="Product Image"></a><p>Nature Made Maximum Strength Biotin 5000 mcg, Dietary Supplement may help support Healthy Hair, Skin & Nails, 120 Softgels</p><p> -32% 0FF </p><p>$16.25 ($0.14 / Count)</p><a href="https://www.amazon.com/dp/B00DS5BGAC?tag=eloabder-20&linkCode=osi&th=1&psc=1">View Product</a></div><div class="product"><a href="https://www.amazon.com/dp/B0889KTX1J?tag=eloabder-20&linkCode=osi&th=1&psc=1"><img src="https://m.media-amazon.com/images/I/41CgZFj-vcL._SL500_.jpg" alt="Product Image"></a><p>Nature's Bounty Biotin 10,000 mcg, 250 Rapid Release Softgels</p><p> -15% 0FF </p><p>$16.97 ($0.07 / Count)</p><a href="https://www.amazon.com/dp/B0889KTX1J?tag=eloabder-20&linkCode=osi&th=1&psc=1">View Product</a></div><div class="product"><a href="https://www.amazon.com/dp/B01D6AQQQC?tag=eloabder-20&linkCode=osi&th=1&psc=1"><img src="https://m.media-amazon.com/images/I/41TljEJomnL._SL500_.jpg" alt="Product Image"></a><p>Nature Made One Per Day Biotin (B7) 1000 mcg. Softgels 120 Ct</p><p> -32% 0FF </p><p>$10.01 ($0.08 / Count)</p><a href="https://www.amazon.com/dp/B01D6AQQQC?tag=eloabder-20&linkCode=osi&th=1&psc=1">View Product</a></div><div class="product"><a href="https://www.amazon.com/dp/B00DS5BG52?tag=eloabder-20&linkCode=osi&th=1&psc=1"><img src="https://m.media-amazon.com/images/I/410g0guLnxL._SL500_.jpg" alt="Product Image"></a><p>Nature Made Time Release B-100 B Complex, Dietary Supplement for Nervous System Function Support, 60 Time Release Tablets, 60 Day Supply</p><p> -22% 0FF </p><p>$16.47 ($0.11 / Count)</p><a href="https://www.amazon.com/dp/B00DS5BG52?tag=eloabder-20&linkCode=osi&th=1&psc=1">View Product</a></div><div class="product"><a href="https://www.amazon.com/dp/B000WSS3TA?tag=eloabder-20&linkCode=osi&th=1&psc=1"><img src="https://m.media-amazon.com/images/I/41Y5bx0ysML._SL500_.jpg" alt="Product Image"></a><p>NOW Supplements, Biotin 1,000 mcg, Amino Acid Metabolism*, Energy Production*, 100 Capsules</p><p> -39% 0FF </p><p>$5.50 ($0.06 / Count)</p><a href="https://www.amazon.com/dp/B000WSS3TA?tag=eloabder-20&linkCode=osi&th=1&psc=1">View Product</a></div>
<div class="product"><a href="https://www.amazon.com/dp/B08451719W?tag=eloabder-20&linkCode=osi&th=1&psc=1"><img src="https://m.media-amazon.com/images/I/41Yv7xh8wNL._SL500_.jpg" alt="Product Image"></a><p>Carlyle Melatonin 12 mg Fast Dissolve 300 Tablets | Drug Free | Natural Berry Flavor | Vegetarian, Non-GMO, Gluten Free</p><p> -15% 0FF </p><p>$8.99 ($0.03 / Count)</p><a href="https://www.amazon.com/dp/B08451719W?tag=eloabder-20&linkCode=osi&th=1&psc=1">View Product</a></div><div class="product"><a href="https://www.amazon.com/dp/B000GG6D9A?tag=eloabder-20&linkCode=osi&th=1&psc=1"><img src="https://m.media-amazon.com/images/I/41FKo4YWuQL._SL500_.jpg" alt="Product Image"></a><p>Nature’s Bounty Melatonin 3mg, 100% Drug Free Sleep Aids for Adults, Supports Relaxation and Sleep, Dietary Supplement, 240 Count (Cherry Flavour - Packaging May Vary)</p><p> -35% 0FF </p><p>$7.74 ($0.03 / Count)</p><a href="https://www.amazon.com/dp/B000GG6D9A?tag=eloabder-20&linkCode=osi&th=1&psc=1">View Product</a></div><div class="product"><a href="https://www.amazon.com/dp/B01E14X7SM?tag=eloabder-20&linkCode=osi&th=1&psc=1"><img src="https://m.media-amazon.com/images/I/4193TTQGbkL._SL500_.jpg" alt="Product Image"></a><p>Natrol Sleep Melatonin 10mg Fast Dissolve Tablets, Nighttime Sleep Aid for Adults, 100 Strawberry-Flavored Melatonin Tablets, 100 Day Supply</p><p> -22% 0FF </p><p>$13.19 ($0.13 / Count)</p><a href="https://www.amazon.com/dp/B01E14X7SM?tag=eloabder-20&linkCode=osi&th=1&psc=1">View Product</a></div><div class="product"><a href="https://www.amazon.com/dp/B005DEK990?tag=eloabder-20&linkCode=osi&th=1&psc=1"><img src="https://m.media-amazon.com/images/I/41WEN6LZ54L._SL500_.jpg" alt="Product Image"></a><p>Nature Made Melatonin 3mg Tablets, 100% Drug Free Sleep Aid for Adults, 240 Tablets, 240 Day Supply</p><p> -36% 0FF </p><p>$7.81 ($0.03 / Count)</p><a href="https://www.amazon.com/dp/B005DEK990?tag=eloabder-20&linkCode=osi&th=1&psc=1">View Product</a></div><div class="product"><a href="https://www.amazon.com/dp/B085V63SWW?tag=eloabder-20&linkCode=osi&th=1&psc=1"><img src="https://m.media-amazon.com/images/I/41dWasYIlQL._SL500_.jpg" alt="Product Image"></a><p>Nature Made Melatonin 10mg Maximum Strength Tablets, 100% Drug Free Sleep Aid for Adults, 70 Count, 70 Day Supply</p><p> -15% 0FF </p><p>$13.17 ($0.19 / Count)</p><a href="https://www.amazon.com/dp/B085V63SWW?tag=eloabder-20&linkCode=osi&th=1&psc=1">View Product</a></div><div class="product"><a href="https://www.amazon.com/dp/B08666GMWG?tag=eloabder-20&linkCode=osi&th=1&psc=1"><img src="https://m.media-amazon.com/images/I/41dH5lxQdfL._SL500_.jpg" alt="Product Image"></a><p>Natrol 10mg Melatonin Gummies, Sleep Support for Adults, Melatonin Supplements for Sleeping, 140 Strawberry-Flavored Gummies, 70 Day Supply</p><p> -26% 0FF </p><p>$15.99 ($0.11 / Count)</p><a href="https://www.amazon.com/dp/B08666GMWG?tag=eloabder-20&linkCode=osi&th=1&psc=1">View Product</a></div><div class="product"><a href="https://www.amazon.com/dp/B00H2FG8RK?tag=eloabder-20&linkCode=osi&th=1&psc=1"><img src="https://m.media-amazon.com/images/I/41E1SmNAVtL._SL500_.jpg" alt="Product Image"></a><p>Nature's Bounty Melatonin 5mg Dual Spectrum, 100% Drug Free Sleep Supplement, Quick Release and Extended Release, Promotes Relaxation and Sleep Health, 60 Bi-Layer Tablets</p><p> -35% 0FF </p><p>$7.29 ($0.12 / Count)</p><a href="https://www.amazon.com/dp/B00H2FG8RK?tag=eloabder-20&linkCode=osi&th=1&psc=1">View Product</a></div><div class="product"><a href="https://www.amazon.com/dp/B079TD7HG2?tag=eloabder-20&linkCode=osi&th=1&psc=1"><img src="https://m.media-amazon.com/images/I/519TEPXTm7L._SL500_.jpg" alt="Product Image"></a><p>Natrol 10 mg Melatonin Gummies, Sleep Support for Adults, Melatonin Supplements for Sleeping, 90 Strawberry-Flavored Gummies, 45 Day Supply</p><p> -27% 0FF </p><p>$10.98 ($0.12 / Count)</p><a href="https://www.amazon.com/dp/B079TD7HG2?tag=eloabder-20&linkCode=osi&th=1&psc=1">View Product</a></div>
<div class="product"><a href="https://www.amazon.com/dp/B01GVJK3XW?tag=eloabder-20&linkCode=osi&th=1&psc=1"><img src="https://m.media-amazon.com/images/I/41y-ROAavrL._SL500_.jpg" alt="Product Image"></a><p>Glucosamine Chondroitin MSM Turmeric Boswellia - Joint Support Supplement. Antioxidant Properties. Helps with Inflammatory Response. Occasional Discomfort Relief for Back, Knees & Hands. 90 Capsules</p><p> -15% 0FF </p><p>$28.97 ($0.32 / Count)</p><a href="https://www.amazon.com/dp/B01GVJK3XW?tag=eloabder-20&linkCode=osi&th=1&psc=1">View Product</a></div><div class="product"><a href="https://www.amazon.com/dp/B0BJS6ZYSM?tag=eloabder-20&linkCode=osi&th=1&psc=1"><img src="https://m.media-amazon.com/images/I/41xRD3RMthL._SL500_.jpg" alt="Product Image"></a><p>Horbäach Glucosamine Chondroitin | Plus MSM & Turmeric | 180 Coated Caplets | Non-GMO, Gluten Free Supplement</p><p> -15% 0FF </p><p>$9.88 ($0.05 / Count)</p><a href="https://www.amazon.com/dp/B0BJS6ZYSM?tag=eloabder-20&linkCode=osi&th=1&psc=1">View Product</a></div><div class="product"><a href="https://www.amazon.com/dp/B000052YVA?tag=eloabder-20&linkCode=osi&th=1&psc=1"><img src="https://m.media-amazon.com/images/I/51Pss8N94eL._SL500_.jpg" alt="Product Image"></a><p>Nature's Bounty Glucosamine Chondroitin Pills and Dietary Supplement, Support Joint Health, 110 Capsules</p><p> -29% 0FF </p><p>$16.79 ($0.15 / Count)</p><a href="https://www.amazon.com/dp/B000052YVA?tag=eloabder-20&linkCode=osi&th=1&psc=1">View Product</a></div><div class="product"><a href="https://www.amazon.com/dp/B000I4DFAK?tag=eloabder-20&linkCode=osi&th=1&psc=1"><img src="https://m.media-amazon.com/images/I/412eH9qi4+L._SL500_.jpg" alt="Product Image"></a><p>Doctor's Best Glucosamine Chondroitin Msm with OptiMSM Capsules, Supports Healthy Joint Structure, Function & Comfort, Non-GMO, Gluten Free, Soy Free, 240 Count (Pack of 1)</p><p> -46% 0FF </p><p>$27.21 ($0.11 / Count)</p><a href="https://www.amazon.com/dp/B000I4DFAK?tag=eloabder-20&linkCode=osi&th=1&psc=1">View Product</a></div>
<div class="product"><a href="https://www.amazon.com/dp/B0013OVYE8?tag=eloabder-20&linkCode=osi&th=1&psc=1"><img src="https://m.media-amazon.com/images/I/41rq0wz7-AL._SL500_.jpg" alt="Product Image"></a><p>NOW Foods Supplements, Chondroitin Sulfate 600 mg (a Glycosaminoglycan), Joint Health*, 120 Capsules</p><p> -46% 0FF </p><p>$20.40 ($0.17 / Count)</p><a href="https://www.amazon.com/dp/B0013OVYE8?tag=eloabder-20&linkCode=osi&th=1&psc=1">View Product</a></div><div class="product"><a href="https://www.amazon.com/dp/B09KZLMBVD?tag=eloabder-20&linkCode=osi&th=1&psc=1"><img src="https://m.media-amazon.com/images/I/41rl9efgbGL._SL500_.jpg" alt="Product Image"></a><p>Horbaäch Chondroitin Sulfate 1200mg | 120 Capsules | Non-GMO & Gluten Free Supplement</p><p> -15% 0FF </p><p>$17.38 ($0.14 / Count)</p><a href="https://www.amazon.com/dp/B09KZLMBVD?tag=eloabder-20&linkCode=osi&th=1&psc=1">View Product</a></div>
<div class="product"><a href="https://www.amazon.com/dp/B004GJVD4I?tag=eloabder-20&linkCode=osi&th=1&psc=1"><img src="https://m.media-amazon.com/images/I/41rXqlhNrwL._SL500_.jpg" alt="Product Image"></a><p>Nature Made CoQ10 200mg, Dietary Supplement for Heart Health Support, 80 Softgels, 80 Day Supply</p><p> -52% 0FF </p><p>$23.98 ($0.30 / Count)</p><a href="https://www.amazon.com/dp/B004GJVD4I?tag=eloabder-20&linkCode=osi&th=1&psc=1">View Product</a></div><div class="product"><a href="https://www.amazon.com/dp/B0CFXBNL3Q?tag=eloabder-20&linkCode=osi&th=1&psc=1"><img src="https://m.media-amazon.com/images/I/41GAV2EaxRL._SL500_.jpg" alt="Product Image"></a><p>Stynghj CoQ10 300mg,100 Softgels-Helps Maintain Healthy Blood Pressure and Promotes Energy Production,100 Count (Pack of 1)</p><p> -5% 0FF </p><p>$17.89 ($0.18 / Count)</p><a href="https://www.amazon.com/dp/B0CFXBNL3Q?tag=eloabder-20&linkCode=osi&th=1&psc=1">View Product</a></div><div class="product"><a href="https://www.amazon.com/dp/B0BL1Z8MVD?tag=eloabder-20&linkCode=osi&th=1&psc=1"><img src="https://m.media-amazon.com/images/I/51-25Gi4YyL._SL500_.jpg" alt="Product Image"></a><p>Qunol Ultra CoQ10 100mg Softgels- 3x Better Absorption, Antioxidant for Heart Health & Energy Production, Coenzyme Q10 Vitamins and Supplements, 3 Month Supply, 90 Count</p><p> -10% 0FF </p><p>$23.39 ($0.26 / Count)</p><a href="https://www.amazon.com/dp/B0BL1Z8MVD?tag=eloabder-20&linkCode=osi&th=1&psc=1">View Product</a></div><div class="product"><a href="https://www.amazon.com/dp/B096NKZB6V?tag=eloabder-20&linkCode=osi&th=1&psc=1"><img src="https://m.media-amazon.com/images/I/41ECd00nr9L._SL500_.jpg" alt="Product Image"></a><p>CoQ10-200mg-Softgels with PQQ, BioPerine & Omega-3, 120 Servings Coenzyme Q10(Ubiquinone) Supplement for High-Absorption, Powerful-Antioxidant, Support Heart & Energy-Production</p><p> -24% 0FF </p><p>$15.99 ($0.13 / Count)</p><a href="https://www.amazon.com/dp/B096NKZB6V?tag=eloabder-20&linkCode=osi&th=1&psc=1">View Product</a></div><div class="product"><a href="https://www.amazon.com/dp/B0CF3M3Y1M?tag=eloabder-20&linkCode=osi&th=1&psc=1"><img src="https://m.media-amazon.com/images/I/41U+3SrQIVL._SL500_.jpg" alt="Product Image"></a><p>CoQ10 100mg, 240 Capsules – with Omega 3 Fatty Acid 100mg – Bioavailable Coenzyme Q10 Supplements – Heart, Energy, & Brain Health Antioxidant Support – Non-GMO</p><p> -50% 0FF </p><p>$9.99 ($0.04 / Count)</p><a href="https://www.amazon.com/dp/B0CF3M3Y1M?tag=eloabder-20&linkCode=osi&th=1&psc=1">View Product</a></div>
<div class="product"><a href="https://www.amazon.com/dp/B001GCU6KA?tag=eloabder-20&linkCode=osi&th=1&psc=1"><img src="https://m.media-amazon.com/images/I/41GqjqtkrqL._SL500_.jpg" alt="Product Image"></a><p>NOW Foods Supplements, Omega-3 180 EPA / 120 DHA, Molecularly Distilled, Cardiovascular Support*, 200 Softgels</p><p> -39% 0FF </p><p>$12.24 ($0.06 / Count)</p><a href="https://www.amazon.com/dp/B001GCU6KA?tag=eloabder-20&linkCode=osi&th=1&psc=1">View Product</a></div>
<div class="product"><a href="https://www.amazon.com/dp/B01BXLYEQ0?tag=eloabder-20&linkCode=osi&th=1&psc=1"><img src="https://m.media-amazon.com/images/I/41-9QpEJLtL._SL500_.jpg" alt="Product Image"></a><p>Jacked Factory Burn-XT Clinically Studied Fat Burner & Weight Loss Supplement - Appetite Suppressant & Energy Booster - with Acetyl L-Carnitine, Green Tea Extract and More - 60 Natural Diet Pills</p><p> -43% 0FF </p><p>$19.99 ($0.33 / Count)</p><a href="https://www.amazon.com/dp/B01BXLYEQ0?tag=eloabder-20&linkCode=osi&th=1&psc=1">View Product</a></div><div class="product"><a href="https://www.amazon.com/dp/B00D0VY8BS?tag=eloabder-20&linkCode=osi&th=1&psc=1"><img src="https://m.media-amazon.com/images/I/41NUcpXu+8L._SL500_.jpg" alt="Product Image"></a><p>Hyleys Slim Tea Goji Berry with Green Tea & Senna - Herbal Weight Loss Detox Cleanse Supplement for Belly Fat, Bloating & Metabolism Boost - 25 Tea Bags (1 Pack)</p><p> -23% 0FF </p><p>$4.25 ($0.17 / Count)</p><a href="https://www.amazon.com/dp/B00D0VY8BS?tag=eloabder-20&linkCode=osi&th=1&psc=1">View Product</a></div><div class="product"><a href="https://www.amazon.com/dp/B0BJ827RQF?tag=eloabder-20&linkCode=osi&th=1&psc=1"><img src="https://m.media-amazon.com/images/I/31TvlRh-20L._SL500_.jpg" alt="Product Image"></a><p>alli Diet Weight Loss Supplement Pills, Orlistat 60Mg Capsules, 170 Count</p><p> -14% 0FF </p><p>$68.78 ($0.40 / Count)</p><a href="https://www.amazon.com/dp/B0BJ827RQF?tag=eloabder-20&linkCode=osi&th=1&psc=1">View Product</a></div>
<div class="product"><a href="https://www.amazon.com/dp/B0D7D24YCJ?tag=eloabder-20&linkCode=osi&th=1&psc=1"><img src="https://m.media-amazon.com/images/I/41C9C5C0phL._SL500_.jpg" alt="Product Image"></a><p>LMNITRIX Burnz - Extreme Thermogenic Fat Burner - Powerful Weight Loss Aid, Stronger Than Most Diet Pills - True Plateau Destroyer - Lose Weight Fast for Men and Women - 60ct</p><p> -38% 0FF </p><p>$24.95 ($0.42 / Count)</p><a href="https://www.amazon.com/dp/B0D7D24YCJ?tag=eloabder-20&linkCode=osi&th=1&psc=1">View Product</a></div><div class="product"><a href="https://www.amazon.com/dp/B00NINY2U0?tag=eloabder-20&linkCode=osi&th=1&psc=1"><img src="https://m.media-amazon.com/images/I/51T7RcSsXCL._SL500_.jpg" alt="Product Image"></a><p>EVL Thermogenic Fat Burner Support - Fast Acting Weight Loss Energy and Appetite Support - Trans4orm Green Tea Fat Burner and Weight Loss Support Supplement for Men and Women - 60 Servings</p><p> -23% 0FF </p><p>$22.99 ($0.19 / Count)</p><a href="https://www.amazon.com/dp/B00NINY2U0?tag=eloabder-20&linkCode=osi&th=1&psc=1">View Product</a></div><div class="product"><a href="https://www.amazon.com/dp/B09BG4SWGG?tag=eloabder-20&linkCode=osi&th=1&psc=1"><img src="https://m.media-amazon.com/images/I/41Jve5vb6rL._SL500_.jpg" alt="Product Image"></a><p>Youtheory Daily Fat Burner - Supports Body Composition & Metabolism - with Citrus Fruit Blend, Chromium & Cayenne Extract - Gluten, Soy & Dairy Free - 60 Vegetarian Capsules</p><p> -34% 0FF </p><p>$17.18 ($0.29 / Count)</p><a href="https://www.amazon.com/dp/B09BG4SWGG?tag=eloabder-20&linkCode=osi&th=1&psc=1">View Product</a></div>
<div class="product"><a href="https://www.amazon.com/dp/B0CG3SLY3K?tag=eloabder-20&linkCode=osi&th=1&psc=1"><img src="https://m.media-amazon.com/images/I/51VO0WaTYtL._SL500_.jpg" alt="Product Image"></a><p>Dr Vitamins Thermogenic Fat Burner for Women and Men - Appetite Suppressant for Weight Loss - Includes Green Tea Extracts for Bloat Relief - Metabolism Booster - Pack of 2</p><p> -6% 0FF </p><p>$33.95 ($0.28 / Count)</p><a href="https://www.amazon.com/dp/B0CG3SLY3K?tag=eloabder-20&linkCode=osi&th=1&psc=1">View Product</a></div><div class="product"><a href="https://www.amazon.com/dp/B09CBWWWDL?tag=eloabder-20&linkCode=osi&th=1&psc=1"><img src="https://m.media-amazon.com/images/I/41E5Ubb2vrL._SL500_.jpg" alt="Product Image"></a><p>OLLY Combat Cravings, Metabolism & Energy Support Supplement,1000 mcg Chromium, Green Tea, Goji Berry, Ginger - 30 Count</p><p> -16% 0FF </p><p>$16.88 ($0.56 / Count)</p><a href="https://www.amazon.com/dp/B09CBWWWDL?tag=eloabder-20&linkCode=osi&th=1&psc=1">View Product</a></div><div class="product"><a href="https://www.amazon.com/dp/B07CJ166BR?tag=eloabder-20&linkCode=osi&th=1&psc=1"><img src="https://m.media-amazon.com/images/I/313vHBJOmTL._SL500_.jpg" alt="Product Image"></a><p>Carlyle Ultra Chromium Picolinate 1000mcg | 360 Tablets | Vegetarian, Non-GMO, Gluten Free</p><p> -15% 0FF </p><p>$9.49 ($0.03 / Count)</p><a href="https://www.amazon.com/dp/B07CJ166BR?tag=eloabder-20&linkCode=osi&th=1&psc=1">View Product</a></div><div class="product"><a href="https://www.amazon.com/dp/B0B3KQCYFB?tag=eloabder-20&linkCode=osi&th=1&psc=1"><img src="https://m.media-amazon.com/images/I/412J2DzjVuL._SL500_.jpg" alt="Product Image"></a><p>UNALTERED Appetite Suppressant for Women - Combat Cravings, Bloating, & Support Weight Loss - Natural Diet Pills, Fat Burner, & Carb Blocker - Features Chromium Picolinate & Glucomannan - 120 Ct</p><p> -7% 0FF </p><p>$39.99 ($0.33 / Count)</p><a href="https://www.amazon.com/dp/B0B3KQCYFB?tag=eloabder-20&linkCode=osi&th=1&psc=1">View Product</a></div>
<div class="product"><a href="https://www.amazon.com/dp/B0015068PA?tag=eloabder-20&linkCode=osi&th=1&psc=1"><img src="https://m.media-amazon.com/images/I/41PLpivCSAL._SL500_.jpg" alt="Product Image"></a><p>Atkins Milk Chocolate Delight Protein Shake, 15g Protein, Low Glycemic, 2g Net Carb, 1g Sugar, Keto Friendly, 12 Count</p><p> -22% 0FF </p><p>$19.48 ($0.15 / Fl Oz)</p><a href="https://www.amazon.com/dp/B0015068PA?tag=eloabder-20&linkCode=osi&th=1&psc=1">View Product</a></div><div class="product"><a href="https://www.amazon.com/dp/B007S6Y6VS?tag=eloabder-20&linkCode=osi&th=1&psc=1"><img src="https://m.media-amazon.com/images/I/51rcU9FqXVL._SL500_.jpg" alt="Product Image"></a><p>Garden of Life Raw Organic Meal Replacement Shakes - Chocolate Plant Based Vegan Protein Powder, Pea Protein, Sprouts, Greens, Probiotics, Dairy Free All in One Shake for Women and Men, 28 Servings</p><p> -29% 0FF </p><p>$42.36 ($1.11 / Ounce)</p><a href="https://www.amazon.com/dp/B007S6Y6VS?tag=eloabder-20&linkCode=osi&th=1&psc=1">View Product</a></div><div class="product"><a href="https://www.amazon.com/dp/B0015068TG?tag=eloabder-20&linkCode=osi&th=1&psc=1"><img src="https://m.media-amazon.com/images/I/41hXIUA336L._SL500_.jpg" alt="Product Image"></a><p>Atkins Creamy Vanilla Protein Shake, 15g Protein, Low Glycemic, 2g Net Carb, 1g Sugar, Keto Friendly, 12 Count</p><p> -31% 0FF </p><p>$17.18 ($0.13 / Fl Oz)</p><a href="https://www.amazon.com/dp/B0015068TG?tag=eloabder-20&linkCode=osi&th=1&psc=1">View Product</a></div><div class="product"><a href="https://www.amazon.com/dp/B06Y5ZG66K?tag=eloabder-20&linkCode=osi&th=1&psc=1"><img src="https://m.media-amazon.com/images/I/51Lyzdfa4oL._SL500_.jpg" alt="Product Image"></a><p>Premier Protein Powder, Chocolate Milkshake, 30g Protein, 1g Sugar, 100% Whey Protein, Keto Friendly, No Soy Ingredients, Gluten Free, 17 Servings, 23.9 Ounce (Pack of 1)</p><p> -9% 0FF </p><p>$21.89 ($0.89 / Ounce)</p><a href="https://www.amazon.com/dp/B06Y5ZG66K?tag=eloabder-20&linkCode=osi&th=1&psc=1">View Product</a></div><div class="product"><a href="https://www.amazon.com/dp/B072XT69DR?tag=eloabder-20&linkCode=osi&th=1&psc=1"><img src="https://m.media-amazon.com/images/I/418TrrTOQWL._SL500_.jpg" alt="Product Image"></a><p>REDCON1 MRE Protein Powder, Blueberry Cobbler - Meal Replacement Protein Blend Made with MCT Oil & Whole Foods - Protein with Natural Ingredients to Aid in Muscle Recovery (25 Servings)</p><p> -13% 0FF </p><p>$69.99 ($0.61 / Ounce)</p><a href="https://www.amazon.com/dp/B072XT69DR?tag=eloabder-20&linkCode=osi&th=1&psc=1">View Product</a></div>
<div class="product"><a href="https://www.amazon.com/dp/B08XXHCGZT?tag=eloabder-20&linkCode=osi&th=1&psc=1"><img src="https://m.media-amazon.com/images/I/41iPl4jhA-L._SL500_.jpg" alt="Product Image"></a><p>Nature Made Magnesium Glycinate 200 mg per Serving, Magnesium Supplement for Muscle, Heart, Nerve and Bone Support, 60 Magnesium Bisglycinate Capsules, 30 Day Supply</p><p> -52% 0FF </p><p>$10.66 ($0.18 / Count)</p><a href="https://www.amazon.com/dp/B08XXHCGZT?tag=eloabder-20&linkCode=osi&th=1&psc=1">View Product</a></div>
<div class="product"><a href="https://www.amazon.com/dp/B00ISAPPLI?tag=eloabder-20&linkCode=osi&th=1&psc=1"><img src="https://m.media-amazon.com/images/I/417-h8k4YML._SL500_.jpg" alt="Product Image"></a><p>Dr. Tobias Colon 14 Day Cleanse, Advanced Gut Cleanse Detox for Women & Men with Cascara Sagrada, Psyllium Husk & Senna Leaf, Non-GMO Colon Cleanse, 28 Capsules 1-2 Daily</p><p> -15% 0FF </p><p>$19.99 ($0.71 / Count)</p><a href="https://www.amazon.com/dp/B00ISAPPLI?tag=eloabder-20&linkCode=osi&th=1&psc=1">View Product</a></div><div class="product"><a href="https://www.amazon.com/dp/B07DF77H2D?tag=eloabder-20&linkCode=osi&th=1&psc=1"><img src="https://m.media-amazon.com/images/I/41qnQqBKeJL._SL500_.jpg" alt="Product Image"></a><p>Liver Cleanse Detox & Repair Formula | 20+ Herbs: Milk Thistle Extract with Silymarin, Artichoke, Dandelion, Chicory Root Powder & More! | Premium Liver Support Pills Supplement, 60 Capsules</p><p> -8% 0FF </p><p>$22.95 ($0.38 / Count)</p><a href="https://www.amazon.com/dp/B07DF77H2D?tag=eloabder-20&linkCode=osi&th=1&psc=1">View Product</a></div><div class="product"><a href="https://www.amazon.com/dp/B01AVJGHW4?tag=eloabder-20&linkCode=osi&th=1&psc=1"><img src="https://m.media-amazon.com/images/I/51xGQHea+JL._SL500_.jpg" alt="Product Image"></a><p>Century Systems The Cleaner Detox, Powerful 7-Day Complete Internal Cleansing Formula for Men, Support Digestive Health, 52 Vegetarian Capsules</p><p> -8% 0FF </p><p>$12.50 ($0.24 / Count)</p><a href="https://www.amazon.com/dp/B01AVJGHW4?tag=eloabder-20&linkCode=osi&th=1&psc=1">View Product</a></div><div class="product"><a href="https://www.amazon.com/dp/B0CPVVYG5D?tag=eloabder-20&linkCode=osi&th=1&psc=1"><img src="https://m.media-amazon.com/images/I/41L2n+A9vjL._SL500_.jpg" alt="Product Image"></a><p>Milamiamor 15 Day Cleanse - Gut and Colon Support - Advanced Gut Cleanse Detox for Women & Men with Senna, Cascara Sagrada & Psyllium Husk - Non-GMO - Made in USA - 30 Capsules</p><p> -20% 0FF </p><p>$19.99 ($0.67 / Count)</p><a href="https://www.amazon.com/dp/B0CPVVYG5D?tag=eloabder-20&linkCode=osi&th=1&psc=1">View Product</a></div>
<div class="product"><a href="https://www.amazon.com/dp/B012RFVHSO?tag=eloabder-20&linkCode=osi&th=1&psc=1"><img src="https://m.media-amazon.com/images/I/51As5g4VfnL._SL500_.jpg" alt="Product Image"></a><p>OLLY Probiotic + Prebiotic Gummy, Digestive Support and Gut Health, 500 Million CFUs, Fiber, Adult Chewable Supplement for Men and Women, Peach, 30 Day Supply - 30 Count</p><p> -14% 0FF </p><p>$12.88 ($0.43 / Count)</p><a href="https://www.amazon.com/dp/B012RFVHSO?tag=eloabder-20&linkCode=osi&th=1&psc=1">View Product</a></div><div class="product"><a href="https://www.amazon.com/dp/B001TH7K0G?tag=eloabder-20&linkCode=osi&th=1&psc=1"><img src="https://m.media-amazon.com/images/I/41nbiJxKRNL._SL500_.jpg" alt="Product Image"></a><p>Metamucil 3-in-1 Fiber Capsules, Daily Psyllium Husk Fiber Supplement, Fiber Capsules for Digestive Health, Plant-Based Psyllium Husk Fiber Capsules, #1 Doctor Recommended Fiber Brand, 300ct Capsules</p><p> -10% 0FF </p><p>$30.54 ($0.10 / Count)</p><a href="https://www.amazon.com/dp/B001TH7K0G?tag=eloabder-20&linkCode=osi&th=1&psc=1">View Product</a></div><div class="product"><a href="https://www.amazon.com/dp/B0014CVXMW?tag=eloabder-20&linkCode=osi&th=1&psc=1"><img src="https://m.media-amazon.com/images/I/417nIjuQeVL._SL500_.jpg" alt="Product Image"></a><p>Nature's Bounty Acidophilus Probiotic, Daily Probiotic Supplement, Supports Digestive Health, 1 Pack, 120 Tablets</p><p> -26% 0FF </p><p>$7.89 ($0.07 / Count)</p><a href="https://www.amazon.com/dp/B0014CVXMW?tag=eloabder-20&linkCode=osi&th=1&psc=1">View Product</a></div><div class="product"><a href="https://www.amazon.com/dp/B00C1C21S4?tag=eloabder-20&linkCode=osi&th=1&psc=1"><img src="https://m.media-amazon.com/images/I/41jjvGyic9L._SL500_.jpg" alt="Product Image"></a><p>Digestive Advantage Probiotics For Digestive Health, Probiotic Gummies & Vit D, Daily Probiotics For Women &Men Occasional Bloating, Minor Abdominal Discomfort & Gut Health, 80ct Natural Fruit Flavors</p><p> -23% 0FF </p><p>$16.89 ($0.21 / Count)</p><a href="https://www.amazon.com/dp/B00C1C21S4?tag=eloabder-20&linkCode=osi&th=1&psc=1">View Product</a></div><div class="product"><a href="https://www.amazon.com/dp/B0BSKSTLR6?tag=eloabder-20&linkCode=osi&th=1&psc=1"><img src="https://m.media-amazon.com/images/I/4122KSnK5cL._SL500_.jpg" alt="Product Image"></a><p>Benefiber Prebiotic Fiber Supplement Gummies for Digestive Health, Assorted Fruit Flavor - 81 Count</p><p> -5% 0FF </p><p>$17.99 ($0.22 / Count)</p><a href="https://www.amazon.com/dp/B0BSKSTLR6?tag=eloabder-20&linkCode=osi&th=1&psc=1">View Product</a></div><div class="product"><a href="https://www.amazon.com/dp/B0007IQMVG?tag=eloabder-20&linkCode=osi&th=1&psc=1"><img src="https://m.media-amazon.com/images/I/41LbuIg0j9L._SL500_.jpg" alt="Product Image"></a><p>Digestive Advantage IBS Probiotics For Women and Men, Probiotics For Digestive Health & Intensive Bowel Support with Digestive Enzymes For Gut Health, Occasional Bloating & Immune Support, 96 Capsules</p><p> -17% 0FF </p><p>$24.78 ($0.26 / Count)</p><a href="https://www.amazon.com/dp/B0007IQMVG?tag=eloabder-20&linkCode=osi&th=1&psc=1">View Product</a></div>
<div class="product"><a href="https://www.amazon.com/dp/B000GISTZ4?tag=eloabder-20&linkCode=osi&th=1&psc=1"><img src="https://m.media-amazon.com/images/I/41lOq4KDvCL._SL500_.jpg" alt="Product Image"></a><p>Optimum Nutrition Gold Standard 100% Whey Protein Powder, Vanilla Ice Cream, 2 Pound (Packaging May Vary)</p><p> -17% 0FF </p><p>$35.00 ($1.09 / Ounce)</p><a href="https://www.amazon.com/dp/B000GISTZ4?tag=eloabder-20&linkCode=osi&th=1&psc=1">View Product</a></div><div class="product"><a href="https://www.amazon.com/dp/B09MR8N7D9?tag=eloabder-20&linkCode=osi&th=1&psc=1"><img src="https://m.media-amazon.com/images/I/51PpAEj50iL._SL500_.jpg" alt="Product Image"></a><p>Dymatize ISO100 Whey Protein Powder with 25g of Hydrolyzed 100% Whey Isolate, Gluten Free, Fast Digesting, Chocolate Peanut Butter, 20 Servings</p><p> -20% 0FF </p><p>$26.77 ($1.17 / Ounce)</p><a href="https://www.amazon.com/dp/B09MR8N7D9?tag=eloabder-20&linkCode=osi&th=1&psc=1">View Product</a></div><div class="product"><a href="https://www.amazon.com/dp/B00SCO8AA8?tag=eloabder-20&linkCode=osi&th=1&psc=1"><img src="https://m.media-amazon.com/images/I/41B1py4k0lL._SL500_.jpg" alt="Product Image"></a><p>Isopure Unflavored Protein, Whey Isolate, with Vitamin C & Zinc for Immune Support, 25g Protein, Zero Carb & Keto Friendly, 1 Pound (Packaging May Vary)</p><p> -19% 0FF </p><p>$27.49 ($1.72 / Ounce)</p><a href="https://www.amazon.com/dp/B00SCO8AA8?tag=eloabder-20&linkCode=osi&th=1&psc=1">View Product</a></div><div class="product"><a href="https://www.amazon.com/dp/B007SYT7LO?tag=eloabder-20&linkCode=osi&th=1&psc=1"><img src="https://m.media-amazon.com/images/I/51LyQZUw1WL._SL500_.jpg" alt="Product Image"></a><p>Organic Vegan Vanilla Protein Powder - Garden of Life – 22g Complete Plant Based Raw Protein & BCAAs plus Probiotics & Digestive Enzymes for Easy Digestion – Non-GMO, Gluten-Free, Lactose Free 1.5 LB</p><p> -24% 0FF </p><p>$35.69 ($1.53 / Ounce)</p><a href="https://www.amazon.com/dp/B007SYT7LO?tag=eloabder-20&linkCode=osi&th=1&psc=1">View Product</a></div>
<div class="product"><a href="https://www.amazon.com/dp/B07349CKML?tag=eloabder-20&linkCode=osi&th=1&psc=1"><img src="https://m.media-amazon.com/images/I/51-TkjI7KTL._SL500_.jpg" alt="Product Image"></a><p>Cellucor C4 Sport Pre Workout Powder Watermelon - Pre Workout Energy with Creatine + 135mg Caffeine and Beta-Alanine Performance Blend - NSF Certified for Sport 30 Servings</p><p> -18% 0FF </p><p>$18.04 ($2.54 / Ounce)</p><a href="https://www.amazon.com/dp/B07349CKML?tag=eloabder-20&linkCode=osi&th=1&psc=1">View Product</a></div><div class="product"><a href="https://www.amazon.com/dp/B00KZNOYDG?tag=eloabder-20&linkCode=osi&th=1&psc=1"><img src="https://m.media-amazon.com/images/I/41IXADaWxUL._SL500_.jpg" alt="Product Image"></a><p>BSN N.O.-XPLODE Pre Workout Supplement with Creatine, Beta-Alanine, and Energy, Flavor: Fruit Punch, 60 Servings</p><p> -28% 0FF </p><p>$46.99 ($1.20 / Ounce)</p><a href="https://www.amazon.com/dp/B00KZNOYDG?tag=eloabder-20&linkCode=osi&th=1&psc=1">View Product</a></div><div class="product"><a href="https://www.amazon.com/dp/B00PYB2X8C?tag=eloabder-20&linkCode=osi&th=1&psc=1"><img src="https://m.media-amazon.com/images/I/31NJiruIw-L._SL500_.jpg" alt="Product Image"></a><p>OPTIMUM NUTRITION Gold Standard Pre-Workout with Creatine, Beta-Alanine, and Caffeine for Energy, Flavor: Fruit Punch, 30 Servings</p><p> -24% 0FF </p><p>$24.99 ($2.36 / Ounce)</p><a href="https://www.amazon.com/dp/B00PYB2X8C?tag=eloabder-20&linkCode=osi&th=1&psc=1">View Product</a></div><div class="product"><a href="https://www.amazon.com/dp/B08M49L9PF?tag=eloabder-20&linkCode=osi&th=1&psc=1"><img src="https://m.media-amazon.com/images/I/51nLuPRbp6L._SL500_.jpg" alt="Product Image"></a><p>Alani Nu Pre-Workout - Galaxy Lemonade (30 Servings)</p><p> -13% 0FF </p><p>$34.99 ($3.43 / Ounce)</p><a href="https://www.amazon.com/dp/B08M49L9PF?tag=eloabder-20&linkCode=osi&th=1&psc=1">View Product</a></div><div class="product"><a href="https://www.amazon.com/dp/B0B81CRX95?tag=eloabder-20&linkCode=osi&th=1&psc=1"><img src="https://m.media-amazon.com/images/I/3130sjwWa6L._SL500_.jpg" alt="Product Image"></a><p>Kaged Athletic Sport Pre Workout Powder | Blue Razz | Energy Supplement for Endurance | Cardio, Weightlifting Sports Drink | 20 Servings</p><p> -20% 0FF </p><p>$19.98 ($2.16 / Ounce)</p><a href="https://www.amazon.com/dp/B0B81CRX95?tag=eloabder-20&linkCode=osi&th=1&psc=1">View Product</a></div><div class="product"><a href="https://www.amazon.com/dp/B0C3ND65XS?tag=eloabder-20&linkCode=osi&th=1&psc=1"><img src="https://m.media-amazon.com/images/I/51Z209FUi0L._SL500_.jpg" alt="Product Image"></a><p>ALPHA LION Core Pre Workout Powder with Creatine for Performance, Beta Alanine for Muscle, L-Citrulline for Pump & Tri-Source Caffeine for Sustained Energy (30 Servings, Fruit Punch Flavor)</p><p> -25% 0FF </p><p>$22.59 ($2.14 / Ounce)</p><a href="https://www.amazon.com/dp/B0C3ND65XS?tag=eloabder-20&linkCode=osi&th=1&psc=1">View Product</a></div><div class="product"><a href="https://www.amazon.com/dp/B07TCCPZZL?tag=eloabder-20&linkCode=osi&th=1&psc=1"><img src="https://m.media-amazon.com/images/I/518-8KrY6cL._SL500_.jpg" alt="Product Image"></a><p>Jacked Factory NITROSURGE Pre Workout Supplement - Endless Energy, Instant Strength Gains, Clear Focus, Intense Pumps - NO Booster & Preworkout Powder with Beta Alanine - 30 Servings, Cherry Limeade</p><p> -7% 0FF </p><p>$25.99 ($2.93 / Ounce)</p><a href="https://www.amazon.com/dp/B07TCCPZZL?tag=eloabder-20&linkCode=osi&th=1&psc=1">View Product</a></div>
<div class="product"><a href="https://www.amazon.com/dp/B006G9TB68?tag=eloabder-20&linkCode=osi&th=1&psc=1"><img src="https://m.media-amazon.com/images/I/31N397czLaL._SL500_.jpg" alt="Product Image"></a><p>BSN Amino X Muscle Recovery & Endurance Powder with BCAAs, Intra Workout Support, 10 Grams of Amino Acids, Keto Friendly, Caffeine Free, Flavor: Grape, 30 Servings (Packaging May Vary)</p><p> -22% 0FF </p><p>$21.84 ($1.43 / Ounce)</p><a href="https://www.amazon.com/dp/B006G9TB68?tag=eloabder-20&linkCode=osi&th=1&psc=1">View Product</a></div><div class="product"><a href="https://www.amazon.com/dp/B00LALNIOI?tag=eloabder-20&linkCode=osi&th=1&psc=1"><img src="https://m.media-amazon.com/images/I/510ZY58GIXL._SL500_.jpg" alt="Product Image"></a><p>Scivation XTEND ORIGINAL 7G BCAA MUSCLE RECOVERY + ELECTROLYTES 30 SERVINGS BLUE RASPBERRY ICE</p><p> -25% 0FF </p><p>$21.08 ($1.60 / Ounce)</p><a href="https://www.amazon.com/dp/B00LALNIOI?tag=eloabder-20&linkCode=osi&th=1&psc=1">View Product</a></div><div class="product"><a href="https://www.amazon.com/dp/B01HGQZXIY?tag=eloabder-20&linkCode=osi&th=1&psc=1"><img src="https://m.media-amazon.com/images/I/41CbhAnReOL._SL500_.jpg" alt="Product Image"></a><p>Post JYM Active Matrix - Post-Workout with BCAA's, Glutamine, Creatine HCL, Beta-Alanine, and More | JYM Supplement Science | Mandarin Orange Flavor, 30 Servings, 1.3 Pound (Pack of 1)</p><p> -9% 0FF </p><p>$39.32 ($1.86 / Ounce)</p><a href="https://www.amazon.com/dp/B01HGQZXIY?tag=eloabder-20&linkCode=osi&th=1&psc=1">View Product</a></div><div class="product"><a href="https://www.amazon.com/dp/B096YK5XWB?tag=eloabder-20&linkCode=osi&th=1&psc=1"><img src="https://m.media-amazon.com/images/I/51wqAloXhHL._SL500_.jpg" alt="Product Image"></a><p>Alpha Lion Superhuman Post Workout Recovery, Muscle Builder Drink, Creatine Powder + More for Lean Muscle Growth, Strength & Volume, Supplement for Women & Men (25 Servings, Gainy Smith Apple)</p><p> -8% 0FF </p><p>$36.85 ($3.24 / Ounce)</p><a href="https://www.amazon.com/dp/B096YK5XWB?tag=eloabder-20&linkCode=osi&th=1&psc=1">View Product</a></div>
<div class="product"><a href="https://www.amazon.com/dp/B09RGKQW2L?tag=eloabder-20&linkCode=osi&th=1&psc=1"><img src="https://m.media-amazon.com/images/I/51FNip1-KmL._SL500_.jpg" alt="Product Image"></a><p>C4 Performance Energy Drink | SKITTLES™ | Zero Sugar Carbonated Preworkout Energy | 200mg Caffeine with Beta Alanine | 16 Fl Oz (12 Pack)</p><p> -18% 0FF </p><p>$22.99 ($0.12 / Fl Oz)</p><a href="https://www.amazon.com/dp/B09RGKQW2L?tag=eloabder-20&linkCode=osi&th=1&psc=1">View Product</a></div><div class="product"><a href="https://www.amazon.com/dp/B07GB2HL98?tag=eloabder-20&linkCode=osi&th=1&psc=1"><img src="https://m.media-amazon.com/images/I/51TUyZ1RZsL._SL500_.jpg" alt="Product Image"></a><p>Optimum Nutrition Amino Energy Sparkling Hydration Drink, Electrolytes, Caffeine, Amino Acids, BCAAs, Sugar Free, Blueberry Lemonade, 12 Fl Oz, 12 Pack (Packaging May Vary)</p><p> -20% 0FF </p><p>$19.88 ($0.14 / Fl Oz)</p><a href="https://www.amazon.com/dp/B07GB2HL98?tag=eloabder-20&linkCode=osi&th=1&psc=1">View Product</a></div><div class="product"><a href="https://www.amazon.com/dp/B09SRV8QHH?tag=eloabder-20&linkCode=osi&th=1&psc=1"><img src="https://m.media-amazon.com/images/I/51Iq4eGNL+L._SL500_.jpg" alt="Product Image"></a><p>C4 Ultimate | Pre Workout Sugar Free Energy Drink | Tri-Stim Experience with 300mg Caffeine + TeaCrine + Dynamine | Fruit Punch | 16oz (Pack of 12)</p><p> -14% 0FF </p><p>$30.00 ($0.16 / Fl Oz)</p><a href="https://www.amazon.com/dp/B09SRV8QHH?tag=eloabder-20&linkCode=osi&th=1&psc=1">View Product</a></div>
<div class="product"><a href="https://www.amazon.com/dp/B002DYIZEE?tag=eloabder-20&linkCode=osi&th=1&psc=1"><img src="https://m.media-amazon.com/images/I/310djDmWGLL._SL500_.jpg" alt="Product Image"></a><p>Optimum Nutrition Micronized Creatine Monohydrate Powder, Unflavored, Keto Friendly, 60 Servings (Packaging May Vary)</p><p> -23% 0FF </p><p>$17.00 ($1.60 / Ounce)</p><a href="https://www.amazon.com/dp/B002DYIZEE?tag=eloabder-20&linkCode=osi&th=1&psc=1">View Product</a></div><div class="product"><a href="https://www.amazon.com/dp/B00XQ2XGAA?tag=eloabder-20&linkCode=osi&th=1&psc=1"><img src="https://m.media-amazon.com/images/I/3176H8jDR9L._SL500_.jpg" alt="Product Image"></a><p>Sports Research Collagen Peptides for Women & Men - Hydrolyzed Type 1 & 3 Collagen Powder Protein Supplement for Healthy Skin, Nails, Bones & Joints - Easy Mixing Vital Nutrients & Proteins</p><p> -11% 0FF </p><p>$32.95 ($2.06 / Ounce)</p><a href="https://www.amazon.com/dp/B00XQ2XGAA?tag=eloabder-20&linkCode=osi&th=1&psc=1">View Product</a></div><div class="product"><a href="https://www.amazon.com/dp/B019GU4ILQ?tag=eloabder-20&linkCode=osi&th=1&psc=1"><img src="https://m.media-amazon.com/images/I/51QLnQIgtZL._SL500_.jpg" alt="Product Image"></a><p>Nuun Sport: Electrolyte-Rich Sports Drink Tablets, Citrus Berry Mixed Flavor Pack, Box of 4 Count (40 servings), Sports Drink for Replenishment of Essential Electrolytes Lost Through Sweat</p><p> -36% 0FF </p><p>$19.12 ($0.48 / Count)</p><a href="https://www.amazon.com/dp/B019GU4ILQ?tag=eloabder-20&linkCode=osi&th=1&psc=1">View Product</a></div>
<div class="product"><a href="https://www.amazon.com/dp/B00O193Y4U?tag=eloabder-20&linkCode=osi&th=1&psc=1"><img src="https://m.media-amazon.com/images/I/51b1a31ZNOL._SL500_.jpg" alt="Product Image"></a><p>Pure Protein Bars, High Protein, Nutritious Snacks to Support Energy, Low Sugar, Gluten Free, Chewy Chocolate Chip, 1.76oz (Pack of 12), Packaging may vary</p><p> -24% 0FF </p><p>$15.28 ($0.72 / Ounce)</p><a href="https://www.amazon.com/dp/B00O193Y4U?tag=eloabder-20&linkCode=osi&th=1&psc=1">View Product</a></div><div class="product"><a href="https://www.amazon.com/dp/B07J2MM23Z?tag=eloabder-20&linkCode=osi&th=1&psc=1"><img src="https://m.media-amazon.com/images/I/51FUKQtlLiL._SL500_.jpg" alt="Product Image"></a><p>Quest Nutrition Ultimate Variety Pack Protein Bars, High Protein, Low Carb, Gluten Free, Keto Friendly, 12 Count</p><p> -17% 0FF </p><p>$24.88 ($0.98 / Ounce)</p><a href="https://www.amazon.com/dp/B07J2MM23Z?tag=eloabder-20&linkCode=osi&th=1&psc=1">View Product</a></div><div class="product"><a href="https://www.amazon.com/dp/B09QHBBGJT?tag=eloabder-20&linkCode=osi&th=1&psc=1"><img src="https://m.media-amazon.com/images/I/51gdruf0zxL._SL500_.jpg" alt="Product Image"></a><p>CLIF Builders - Chocolate Peanut Butter Flavor - Protein Bars - Gluten-Free - Non-GMO - Low Glycemic - 20g Protein - 2.4 oz.</p><p> -8% 0FF </p><p>$19.28 ($0.67 / Ounce)</p><a href="https://www.amazon.com/dp/B09QHBBGJT?tag=eloabder-20&linkCode=osi&th=1&psc=1">View Product</a></div><div class="product"><a href="https://www.amazon.com/dp/B00VRALMVI?tag=eloabder-20&linkCode=osi&th=1&psc=1"><img src="https://m.media-amazon.com/images/I/516gkLbCIVL._SL500_.jpg" alt="Product Image"></a><p>MET-Rx Big 100 Colossal Protein Bars, Crispy Apple Pie Meal Replacement Bars, 9 Count</p><p> -42% 0FF </p><p>$19.19 ($0.61 / Ounce)</p><a href="https://www.amazon.com/dp/B00VRALMVI?tag=eloabder-20&linkCode=osi&th=1&psc=1">View Product</a></div><div class="product"><a href="https://www.amazon.com/dp/B0CVNCJKJJ?tag=eloabder-20&linkCode=osi&th=1&psc=1"><img src="https://m.media-amazon.com/images/I/41BiVPM9dvL._SL500_.jpg" alt="Product Image"></a><p>ONE Protein Bars, Reese's Peanut Butter Lovers, Gluten Free with 18g Protein and 3g Sugar, Pantry Staples, 2.12 oz (12 Count)</p><p> -20% 0FF </p><p>$23.94 ($2.00 / Count)</p><a href="https://www.amazon.com/dp/B0CVNCJKJJ?tag=eloabder-20&linkCode=osi&th=1&psc=1">View Product</a></div><div class="product"><a href="https://www.amazon.com/dp/B00ZQUEYP6?tag=eloabder-20&linkCode=osi&th=1&psc=1"><img src="https://m.media-amazon.com/images/I/41dNIIdL+JL._SL500_.jpg" alt="Product Image"></a><p>ONE Protein Bars, Cookies & Creme, Gluten Free Protein Bars with 20g Protein and 1g Sugar, Pantry Staples, 2.12 oz (12 Count)</p><p> -11% 0FF </p><p>$26.75 ($1.05 / Ounce)</p><a href="https://www.amazon.com/dp/B00ZQUEYP6?tag=eloabder-20&linkCode=osi&th=1&psc=1">View Product</a></div><div class="product"><a href="https://www.amazon.com/dp/B07CSGVMH6?tag=eloabder-20&linkCode=osi&th=1&psc=1"><img src="https://m.media-amazon.com/images/I/51Z+34aZg6L._SL500_.jpg" alt="Product Image"></a><p>Quest Nutrition Pumpkin Pie Protein Bar, 20g Protein, 4g Net Carb, 1g Sugar, Gluten Free, 12 Count</p><p> -13% 0FF </p><p>$25.98 ($1.01 / Ounce)</p><a href="https://www.amazon.com/dp/B07CSGVMH6?tag=eloabder-20&linkCode=osi&th=1&psc=1">View Product</a></div>
<div class="product"><a href="https://www.amazon.com/dp/B09NS38Q41?tag=eloabder-20&linkCode=osi&th=1&psc=1"><img src="https://m.media-amazon.com/images/I/41Yr3qVgBZL._SL500_.jpg" alt="Product Image"></a><p>Nutricost Electrolyte Complex (Advanced Hydration with Real Salt®) 120 Capsules - 8 Hydrating Electrolytes & Vitamins, Gluten Free, Non-GMO, Vegetarian</p><p> -13% 0FF </p><p>$13.95 ($0.12 / Count)</p><a href="https://www.amazon.com/dp/B09NS38Q41?tag=eloabder-20&linkCode=osi&th=1&psc=1">View Product</a></div><div class="product"><a href="https://www.amazon.com/dp/B0BGT67LM7?tag=eloabder-20&linkCode=osi&th=1&psc=1"><img src="https://m.media-amazon.com/images/I/41E+0pcyr-L._SL500_.jpg" alt="Product Image"></a><p>Horbäach Electrolyte Tablets | 200 Count | Vegetarian | Keto-Friendly | Non-GMO, and Gluten Free Hydration Supplement</p><p> -15% 0FF </p><p>$9.99 ($0.05 / Count)</p><a href="https://www.amazon.com/dp/B0BGT67LM7?tag=eloabder-20&linkCode=osi&th=1&psc=1">View Product</a></div><div class="product"><a href="https://www.amazon.com/dp/B0C6MXP3C7?tag=eloabder-20&linkCode=osi&th=1&psc=1"><img src="https://m.media-amazon.com/images/I/51mwXw1W8RL._SL500_.jpg" alt="Product Image"></a><p>Electrolytes - Electrolyte Tablets with Magnesium, Sodium, Potassium, Chloride, Vitamins D3 & B6, Kelp Powder - Salt Pills - Made in USA - Oral Tablets as Capsules - Vegan & Keto Friendly - 120 Tabs</p><p> -20% 0FF </p><p>$15.11 ($0.13 / Count)</p><a href="https://www.amazon.com/dp/B0C6MXP3C7?tag=eloabder-20&linkCode=osi&th=1&psc=1">View Product</a></div><div class="product"><a href="https://www.amazon.com/dp/B08CMLT2CB?tag=eloabder-20&linkCode=osi&th=1&psc=1"><img src="https://m.media-amazon.com/images/I/51BRxFyU0+L._SL500_.jpg" alt="Product Image"></a><p>KEY NUTRIENTS Electrolyte Tablets, 200 Capsules, Salt Tablets for Dehydration, Fasting Electrolytes Tablets - Salt Pills with Electrolytes, No Sugar, Gluten Free Hydration Tablets Made in USA</p><p> -28% 0FF </p><p>$17.99 ($0.09 / Count)</p><a href="https://www.amazon.com/dp/B08CMLT2CB?tag=eloabder-20&linkCode=osi&th=1&psc=1">View Product</a></div>
<div class="product"><a href="https://www.amazon.com/dp/B094QB6PH6?tag=eloabder-20&linkCode=osi&th=1&psc=1"><img src="https://m.media-amazon.com/images/I/51t-JLtma+L._SL500_.jpg" alt="Product Image"></a><p>DripDrop Hydration Juicy Variety Pack Electrolyte Drink Mix Single-Serve Powder Packets- Grape, Fruit Punch, Strawberry Lemonade, Cherry - 32 Servings</p><p> -22% 0FF </p><p>$28.00 ($2.50 / Ounce)</p><a href="https://www.amazon.com/dp/B094QB6PH6?tag=eloabder-20&linkCode=osi&th=1&psc=1">View Product</a></div><div class="product"><a href="https://www.amazon.com/dp/B08TZD2R7L?tag=eloabder-20&linkCode=osi&th=1&psc=1"><img src="https://m.media-amazon.com/images/I/510WEkhuwiL._SL500_.jpg" alt="Product Image"></a><p>DripDrop Hydration - Bold Variety Pack - Electrolyte Drink Mix Single Serve Hydration Powder Packets - Watermelon, Berry, Lemon, Orange | Non-GMO, Gluten Free, Vegan | 32 Sticks</p><p> -7% 0FF </p><p>$33.50 ($2.97 / Ounce)</p><a href="https://www.amazon.com/dp/B08TZD2R7L?tag=eloabder-20&linkCode=osi&th=1&psc=1">View Product</a></div><div class="product"><a href="https://www.amazon.com/dp/B08YFDWXBL?tag=eloabder-20&linkCode=osi&th=1&psc=1"><img src="https://m.media-amazon.com/images/I/51u06T4BbnL._SL500_.jpg" alt="Product Image"></a><p>Nectar Hydration Packets - Electrolytes Powder Packets - No Sugar or Calories - Organic Fruit Liquid Daily IV Hydrate Packets for Dehydration Relief and Rapid Rehydration (Variety 18 Pack)</p><p> -15% 0FF </p><p>$16.91 ($8.05 / Ounce)</p><a href="https://www.amazon.com/dp/B08YFDWXBL?tag=eloabder-20&linkCode=osi&th=1&psc=1">View Product</a></div><div class="product"><a href="https://www.amazon.com/dp/B0D434LLZ1?tag=eloabder-20&linkCode=osi&th=1&psc=1"><img src="https://m.media-amazon.com/images/I/41DIcfxPEiL._SL500_.jpg" alt="Product Image"></a><p>PRIME HYDRATION+ Sticks VARIETY PACK | Hydration Powder Single Serve Sticks | Electrolyte Powder On The Go | Low Sugar | Caffeine-Free | Vegan | 30 Sticks</p><p> -20% 0FF </p><p>$19.98 ($2.04 / Ounce)</p><a href="https://www.amazon.com/dp/B0D434LLZ1?tag=eloabder-20&linkCode=osi&th=1&psc=1">View Product</a></div>
<div class="product"><a href="https://www.amazon.com/dp/B00IUHMKJ4?tag=eloabder-20&linkCode=osi&th=1&psc=1"><img src="https://m.media-amazon.com/images/I/41wlhPiv-dL._SL500_.jpg" alt="Product Image"></a><p>Glutamine Powder | MuscleTech 100% Pure L Glutamine Powder | Post Workout Recovery Drink | L-Glutamine Powder for Men & Women | Muscle Recovery | Unflavored (60 Servings)</p><p> -12% 0FF </p><p>$14.99 ($1.42 / Ounce)</p><a href="https://www.amazon.com/dp/B00IUHMKJ4?tag=eloabder-20&linkCode=osi&th=1&psc=1">View Product</a></div><div class="product"><a href="https://www.amazon.com/dp/B000GIQS02?tag=eloabder-20&linkCode=osi&th=1&psc=1"><img src="https://m.media-amazon.com/images/I/41QSuDDAvEL._SL500_.jpg" alt="Product Image"></a><p>Optimum Nutrition Muscle Recovery and Endurance Supplement for Men and Women, Zinc and Magnesium Supplement, 180 Count</p><p> -13% 0FF </p><p>$34.62 ($0.19 / Count)</p><a href="https://www.amazon.com/dp/B000GIQS02?tag=eloabder-20&linkCode=osi&th=1&psc=1">View Product</a></div><div class="product"><a href="https://www.amazon.com/dp/B07YNGFFDT?tag=eloabder-20&linkCode=osi&th=1&psc=1"><img src="https://m.media-amazon.com/images/I/41NRL8t4kKL._SL500_.jpg" alt="Product Image"></a><p>Muscletech HMB Supplements 1000mg, Clear Muscle (42 Liquid Softgels) - Highest Grade HMB for Lean Muscle & Recovery - HMB Free Acid Muscle Supplement - Help Decrease Muscle Breakdown</p><p> -15% 0FF </p><p>$17.05 ($0.41 / Count)</p><a href="https://www.amazon.com/dp/B07YNGFFDT?tag=eloabder-20&linkCode=osi&th=1&psc=1">View Product</a></div><div class="product"><a href="https://www.amazon.com/dp/B001LXMUW6?tag=eloabder-20&linkCode=osi&th=1&psc=1"><img src="https://m.media-amazon.com/images/I/413hbtz4hkL._SL500_.jpg" alt="Product Image"></a><p>NOW Foods Sports Nutrition, ZMA (Zinc, Magnesium and Vitamin B-6), Enhanced Absorption, Sports Recovery*, 180 Capsules</p><p> -47% 0FF </p><p>$24.53 ($0.14 / Count)</p><a href="https://www.amazon.com/dp/B001LXMUW6?tag=eloabder-20&linkCode=osi&th=1&psc=1">View Product</a></div>
<div class="product"><a href="https://www.amazon.com/dp/B087JNQ4X8?tag=eloabder-20&linkCode=osi&th=1&psc=1"><img src="https://m.media-amazon.com/images/I/41KqQHK5+vL._SL500_.jpg" alt="Product Image"></a><p>Immuneti - Advanced Immune Defense, 6-in-1 Powerful Blend of Vitamin C, Vitamin D3, Zinc, Elderberries, Garlic Bulb, Echinacea - Supports Overall Health, Provides Vital Nutrients & Antioxidants</p><p> -11% 0FF </p><p>$15.20 ($0.25 / Count)</p><a href="https://www.amazon.com/dp/B087JNQ4X8?tag=eloabder-20&linkCode=osi&th=1&psc=1">View Product</a></div><div class="product"><a href="https://www.amazon.com/dp/B00MJ7VL1O?tag=eloabder-20&linkCode=osi&th=1&psc=1"><img src="https://m.media-amazon.com/images/I/41dN7-gv40L._SL500_.jpg" alt="Product Image"></a><p>Nature’s Way Sambucus Elderberry Immune Gummies, Daily Immune Support for Kids and Adults*, with Vitamin C, Vitamin D3, Zinc, Gluten Free, Vegetarian, 60 Gummies (Packaging May Vary)</p><p> -29% 0FF </p><p>$14.97 ($0.25 / Count)</p><a href="https://www.amazon.com/dp/B00MJ7VL1O?tag=eloabder-20&linkCode=osi&th=1&psc=1">View Product</a></div><div class="product"><a href="https://www.amazon.com/dp/B096XST3NP?tag=eloabder-20&linkCode=osi&th=1&psc=1"><img src="https://m.media-amazon.com/images/I/41LbQVRj61L._SL500_.jpg" alt="Product Image"></a><p>Amazon Basic Care Immune Support Citrus Chew Tablets, 116 Count</p><p> -20% 0FF </p><p>$12.05 ($0.10 / Count)</p><a href="https://www.amazon.com/dp/B096XST3NP?tag=eloabder-20&linkCode=osi&th=1&psc=1">View Product</a></div>
<div class="product"><a href="https://www.amazon.com/dp/B09GS4SQ4P?tag=eloabder-20&linkCode=osi&th=1&psc=1"><img src="https://m.media-amazon.com/images/I/51mHDeOOoUL._SL500_.jpg" alt="Product Image"></a><p>Tylenol Cold + Flu Severe Medicine Caplets for Cold & Flu Symptom Relief, Fever Reducer, Pain Reliever, Cough Suppressant, Nasal Decongestant & Expectorant with Acetaminophen, 2 pks of 24 ct ea, 48 ct</p><p> -30% 0FF </p><p>$14.88 ($0.31 / Count)</p><a href="https://www.amazon.com/dp/B09GS4SQ4P?tag=eloabder-20&linkCode=osi&th=1&psc=1">View Product</a></div><div class="product"><a href="https://www.amazon.com/dp/B07DQ1KLNH?tag=eloabder-20&linkCode=osi&th=1&psc=1"><img src="https://m.media-amazon.com/images/I/51SOkRabMvL._SL500_.jpg" alt="Product Image"></a><p>Vicks DayQuil & NyQuil SEVERE Co-Pack, Cold & Flu Medicine, Relief for Headache, Fever, Sore Throat, Minor Aches & Pains, Nasal Congestion, Sinus Pressure, Stuffy Nose, & Cough, 48ct</p><p> -8% 0FF </p><p>$18.41 ($0.38 / Count)</p><a href="https://www.amazon.com/dp/B07DQ1KLNH?tag=eloabder-20&linkCode=osi&th=1&psc=1">View Product</a></div><div class="product"><a href="https://www.amazon.com/dp/B01HI7WQRW?tag=eloabder-20&linkCode=osi&th=1&psc=1"><img src="https://m.media-amazon.com/images/I/51jAgEb8O0L._SL500_.jpg" alt="Product Image"></a><p>Tylenol Cold + Flu Severe Day & Night Caplets for Fever, Pain, Cough & Congestion Relief, 24 Count</p><p> -21% 0FF </p><p>$8.39 ($0.35 / count)</p><a href="https://www.amazon.com/dp/B01HI7WQRW?tag=eloabder-20&linkCode=osi&th=1&psc=1">View Product</a></div><div class="product"><a href="https://www.amazon.com/dp/B0078W0QOI?tag=eloabder-20&linkCode=osi&th=1&psc=1"><img src="https://m.media-amazon.com/images/I/41a0ryy5RyL._SL500_.jpg" alt="Product Image"></a><p>Boiron Oscillococcinum For Relief From Flu-Like Symptoms Of Body Aches, Headache, Fever, Chills, And Fatigue - 30 Count</p><p> -37% 0FF </p><p>$21.41 ($0.71 / Count)</p><a href="https://www.amazon.com/dp/B0078W0QOI?tag=eloabder-20&linkCode=osi&th=1&psc=1">View Product</a></div>
<div class="product"><a href="https://www.amazon.com/dp/B00HE66ZUC?tag=eloabder-20&linkCode=osi&th=1&psc=1"><img src="https://m.media-amazon.com/images/I/510MmBSuAfL._SL500_.jpg" alt="Product Image"></a><p>GoodSense Allergy Relief Loratadine Tablets 10 mg, Compare to Claritin, Antihistamine, 24 Hour Allergy Relief, 365 Count</p><p> -24% 0FF </p><p>$12.99 ($0.04 / Count)</p><a href="https://www.amazon.com/dp/B00HE66ZUC?tag=eloabder-20&linkCode=osi&th=1&psc=1">View Product</a></div><div class="product"><a href="https://www.amazon.com/dp/B087Z6TKD9?tag=eloabder-20&linkCode=osi&th=1&psc=1"><img src="https://m.media-amazon.com/images/I/41hMESBq3wL._SL500_.jpg" alt="Product Image"></a><p>HealthA2Z® Allergy Relief | Loratadine 10mg | Antihistamine | Non-Drowsy | Relief from Itchy Throat, Sneezing, Runny Noses | 24-Hours Allergy Medicine (300 Tablets)</p><p> -11% 0FF </p><p>$12.45 ($0.04 / Count)</p><a href="https://www.amazon.com/dp/B087Z6TKD9?tag=eloabder-20&linkCode=osi&th=1&psc=1">View Product</a></div><div class="product"><a href="https://www.amazon.com/dp/B083VVT61S?tag=eloabder-20&linkCode=osi&th=1&psc=1"><img src="https://m.media-amazon.com/images/I/41BJ8O5m3RL._SL500_.jpg" alt="Product Image"></a><p>Amazon Basic Care 24 Hour Allergy Relief, Levocetirizine Dihydrochloride Tablets, 5 mg, Antihistamine, Relieves Sneezing, Runny Nose, Itchy Nose or Throat and Itchy, Watery Eyes, 80 Count</p><p> -7% 0FF </p><p>$19.19 ($0.24 / Count)</p><a href="https://www.amazon.com/dp/B083VVT61S?tag=eloabder-20&linkCode=osi&th=1&psc=1">View Product</a></div><div class="product"><a href="https://www.amazon.com/dp/B07HD67Q1G?tag=eloabder-20&linkCode=osi&th=1&psc=1"><img src="https://m.media-amazon.com/images/I/51FycexY97L._SL500_.jpg" alt="Product Image"></a><p>HealthCareAisle Allergy Relief - Fexofenadine Hydrochloride Tablets USP, 180 mg – 180 Tablets – Allergy Medication, Non-Drowsy 24-Hour Allergy Relief</p><p> -11% 0FF </p><p>$25.20 ($0.14 / Count)</p><a href="https://www.amazon.com/dp/B07HD67Q1G?tag=eloabder-20&linkCode=osi&th=1&psc=1">View Product</a></div><div class="product"><a href="https://www.amazon.com/dp/B002ZX8X2C?tag=eloabder-20&linkCode=osi&th=1&psc=1"><img src="https://m.media-amazon.com/images/I/41ZzxDs5LOL._SL500_.jpg" alt="Product Image"></a><p>berkley jensen 24 Hour Allergy Relief (365-Count), 10 mg Cetirizine Hydrochloride Antihistamine - Fast Allergy Medicine for Indoor & Outdoor Allergies, Easy-Swallow Tablets, Compare to Zyrtec</p><p> -25% 0FF </p><p>$14.99 ($0.04 / Count)</p><a href="https://www.amazon.com/dp/B002ZX8X2C?tag=eloabder-20&linkCode=osi&th=1&psc=1">View Product</a></div>
<div class="product"><a href="https://www.amazon.com/dp/B01HI7WP0U?tag=eloabder-20&linkCode=osi&th=1&psc=1"><img src="https://m.media-amazon.com/images/I/41W2gWWMMvL._SL500_.jpg" alt="Product Image"></a><p>Tylenol Extra Strength Acetaminophen Rapid Release Gels, Pain Reliever & Fever Reducer, 100 ct</p><p> -25% 0FF </p><p>$12.47 ($0.12 / Count)</p><a href="https://www.amazon.com/dp/B01HI7WP0U?tag=eloabder-20&linkCode=osi&th=1&psc=1">View Product</a></div><div class="product"><a href="https://www.amazon.com/dp/B01LXFEY6H?tag=eloabder-20&linkCode=osi&th=1&psc=1"><img src="https://m.media-amazon.com/images/I/31hLnewBXIL._SL500_.jpg" alt="Product Image"></a><p>Biofreeze Pain Relief Gel, Arthritis Pain Reliver, Knee & Lower Back Pain Relief, Sore Muscle Relief, Neck Pain Relief, Pharmacist Recommended, FSA Eligible, 3 FL OZ Biofreeze Menthol Gel</p><p> -14% 0FF </p><p>$10.30 ($3.43 / Fl Oz)</p><a href="https://www.amazon.com/dp/B01LXFEY6H?tag=eloabder-20&linkCode=osi&th=1&psc=1">View Product</a></div><div class="product"><a href="https://www.amazon.com/dp/B00HCQEYCK?tag=eloabder-20&linkCode=osi&th=1&psc=1"><img src="https://m.media-amazon.com/images/I/41YZhrYx3IL._SL500_.jpg" alt="Product Image"></a><p>Boiron Arnicare Gel for Soothing Relief of Joint Pain, Muscle Pain, Muscle Soreness, and Swelling from Bruises or Injury - Non-greasy and Fragrance-Free - 2.6 oz</p><p> -34% 0FF </p><p>$8.29 ($3.19 / Ounce)</p><a href="https://www.amazon.com/dp/B00HCQEYCK?tag=eloabder-20&linkCode=osi&th=1&psc=1">View Product</a></div><div class="product"><a href="https://www.amazon.com/dp/B074F2FSX4?tag=eloabder-20&linkCode=osi&th=1&psc=1"><img src="https://m.media-amazon.com/images/I/41NsmqTCfVL._SL500_.jpg" alt="Product Image"></a><p>Amazon Basic Care Naproxen Sodium Tablets 220 mg, Pain Reliever/Fever Reducer (NSAID), Muscular Aches, Backache, Headache, Toothache, Minor Arthritis Pain Relief and More, 300 Count</p><p> -14% 0FF </p><p>$12.86 ($0.04 / Count)</p><a href="https://www.amazon.com/dp/B074F2FSX4?tag=eloabder-20&linkCode=osi&th=1&psc=1">View Product</a></div>
<div class="product"><a href="https://www.amazon.com/dp/B07L1PHSY9?tag=eloabder-20&linkCode=osi&th=1&psc=1"><img src="https://m.media-amazon.com/images/I/41u9g+RZFLL._SL500_.jpg" alt="Product Image"></a><p>Differin Acne Treatment Gel, 30 Day Supply, Retinoid Treatment for Face with 0.1% Adapalene, Gentle Skin Care for Acne Prone Sensitive Skin, 15g Tube (Packaging May Vary)</p><p> -34% 0FF </p><p>$9.95 ($19.90 / Ounce)</p><a href="https://www.amazon.com/dp/B07L1PHSY9?tag=eloabder-20&linkCode=osi&th=1&psc=1">View Product</a></div><div class="product"><a href="https://www.amazon.com/dp/B0014VTOAQ?tag=eloabder-20&linkCode=osi&th=1&psc=1"><img src="https://m.media-amazon.com/images/I/41N+MLQ+2XL._SL500_.jpg" alt="Product Image"></a><p>AcneFree Terminator 10 Acne Spot Treatment with Benzoyl Peroxide 10% Maximum Strength Acne Cream Treatment, 1 Ounce - Pack Of 1</p><p> -32% 0FF </p><p>$5.47</p><a href="https://www.amazon.com/dp/B0014VTOAQ?tag=eloabder-20&linkCode=osi&th=1&psc=1">View Product</a></div><div class="product"><a href="https://www.amazon.com/dp/B00NR1YVYU?tag=eloabder-20&linkCode=osi&th=1&psc=1"><img src="https://m.media-amazon.com/images/I/41WxZvl58rL._SL500_.jpg" alt="Product Image"></a><p>Neutrogena Rapid Clear Stubborn Acne Spot Treatment Gel with Maximum Strength 10% Benzoyl Peroxide Acne Treatment Medication, Pimple Cream for Acne Prone Skin Care, 1 oz</p><p> -20% 0FF </p><p>$10.77</p><a href="https://www.amazon.com/dp/B00NR1YVYU?tag=eloabder-20&linkCode=osi&th=1&psc=1">View Product</a></div><div class="product"><a href="https://www.amazon.com/dp/B097WMCYYJ?tag=eloabder-20&linkCode=osi&th=1&psc=1"><img src="https://m.media-amazon.com/images/I/41jj-LdIBUL._SL500_.jpg" alt="Product Image"></a><p>CeraVe Acne Control Gel, 2% Salicylic Acid Acne Treatment With Glycolic Acid + Lactic Acids + Niacniamide, Acne Gel Helps Clear Acne Blemishes Without Over Drying, Alcohol Free & Oil Free, 1.35 Fl Oz</p><p> -14% 0FF </p><p>$17.97 ($13.31 / Ounce)</p><a href="https://www.amazon.com/dp/B097WMCYYJ?tag=eloabder-20&linkCode=osi&th=1&psc=1">View Product</a></div><div class="product"><a href="https://www.amazon.com/dp/B0D9BP1HSS?tag=eloabder-20&linkCode=osi&th=1&psc=1"><img src="https://m.media-amazon.com/images/I/41-YQdCQgwL._SL500_.jpg" alt="Product Image"></a><p>Cystic Acne Spot Treatment Cream for Face, Back and Body, with 10% Azelaic Acid & 2% Salicylic Acid, Hormonal Pimple Moisturizer for Teens & Adults, Relief Breakouts Redness Swelling, 1.8 oz</p><p> -27% 0FF </p><p>$21.99 ($12.22 / Ounce)</p><a href="https://www.amazon.com/dp/B0D9BP1HSS?tag=eloabder-20&linkCode=osi&th=1&psc=1">View Product</a></div><div class="product"><a href="https://www.amazon.com/dp/B00KZ22ED4?tag=eloabder-20&linkCode=osi&th=1&psc=1"><img src="https://m.media-amazon.com/images/I/5139oSKFhAL._SL500_.jpg" alt="Product Image"></a><p>Clean & Clear Persa-Gel 10 Oil-Free Acne Spot Treatment with Maximum Strength 10% Benzoyl Peroxide, Topical Pimple Cream & Acne Gel Medication for Face Acne, Fragrance-Free, 1 fl. oz</p><p> -25% 0FF </p><p>$5.97</p><a href="https://www.amazon.com/dp/B00KZ22ED4?tag=eloabder-20&linkCode=osi&th=1&psc=1">View Product</a></div><div class="product"><a href="https://www.amazon.com/dp/B07952C372?tag=eloabder-20&linkCode=osi&th=1&psc=1"><img src="https://m.media-amazon.com/images/I/41Abobk5uVL._SL500_.jpg" alt="Product Image"></a><p>De La Cruz 10% Sulfur Ointment - Cystic Acne Treatment for Face and Body - Daily 10 Min Spot Treatment Mask Safe and Effective Game Changing Hormonal Acne Treatment that Clears Up Pimples 0.21oz 6g</p><p> -8% 0FF </p><p>$5.49 ($26.14 / Ounce)</p><a href="https://www.amazon.com/dp/B07952C372?tag=eloabder-20&linkCode=osi&th=1&psc=1">View Product</a></div>
<div class="product"><a href="https://www.amazon.com/dp/B0CY9X9FQQ?tag=eloabder-20&linkCode=osi&th=1&psc=1"><img src="https://m.media-amazon.com/images/I/31+KrwtuI1L._SL500_.jpg" alt="Product Image"></a><p>Bubble Skincare Cloud Surf Water Cream Face Moisturizer - Hydrating & Mattifying Moisturizer to Help Rebalance Oils and Minimize Pores with Celery Seed Extract - Suitable for Sensitive Skin (50ml)</p><p> -12% 0FF </p><p>$14.98 ($8.86 / Ounce)</p><a href="https://www.amazon.com/dp/B0CY9X9FQQ?tag=eloabder-20&linkCode=osi&th=1&psc=1">View Product</a></div><div class="product"><a href="https://www.amazon.com/dp/B0BJ74DJXG?tag=eloabder-20&linkCode=osi&th=1&psc=1"><img src="https://m.media-amazon.com/images/I/31RefDglMLL._SL500_.jpg" alt="Product Image"></a><p>BYOMA Moisturizing Gel Cream - Barrier Repair Cream/Gel Face Lotion with Niacinamide and Green Tea - Ceramide Face Moisturizer for Dry Skin - Alcohol Free, Oil Free Face Moisturizer - 1.69 fl. oz</p><p> -25% 0FF </p><p>$11.19 ($6.36 / Ounce)</p><a href="https://www.amazon.com/dp/B0BJ74DJXG?tag=eloabder-20&linkCode=osi&th=1&psc=1">View Product</a></div><div class="product"><a href="https://www.amazon.com/dp/B09NXS395V?tag=eloabder-20&linkCode=osi&th=1&psc=1"><img src="https://m.media-amazon.com/images/I/41ZHn0qwWwL._SL500_.jpg" alt="Product Image"></a><p>NAZANO Under Eye Patches - 60 Pcs - 24K Gold Eye Mask- Puffy Eyes & Dark Circles Treatments,Reduce Under Eye Bags and Smooth Wrinkles,Eye Skin Care Pads With Collagen,Hyaluronic Acid & Castor Oil</p><p> -40% 0FF </p><p>$8.99 ($0.30 / Count)</p><a href="https://www.amazon.com/dp/B09NXS395V?tag=eloabder-20&linkCode=osi&th=1&psc=1">View Product</a></div><div class="product"><a href="https://www.amazon.com/dp/B01M9F9JYH?tag=eloabder-20&linkCode=osi&th=1&psc=1"><img src="https://m.media-amazon.com/images/I/41s-rn1v8+L._SL500_.jpg" alt="Product Image"></a><p>Garnier Micellar Cleansing Water, All-in-1 Makeup Remover and Facial Cleanser, For All Skin Types, 3.4 Fl Oz (100mL), 1 Count (Packaging May Vary)</p><p> -11% 0FF </p><p>$3.99 ($1.17 / Fl Oz)</p><a href="https://www.amazon.com/dp/B01M9F9JYH?tag=eloabder-20&linkCode=osi&th=1&psc=1">View Product</a></div>
<div class="product"><a href="https://www.amazon.com/dp/B00TTD9BRC?tag=eloabder-20&linkCode=osi&th=1&psc=1"><img src="https://m.media-amazon.com/images/I/41ba2zJNMXL._SL500_.jpg" alt="Product Image"></a><p>CeraVe Moisturizing Cream | Body and Face Moisturizer for Dry Skin | Body Cream with Hyaluronic Acid and Ceramides | Daily Moisturizer | Oil-Free | Fragrance Free | Non-Comedogenic | 19 Ounce</p><p> -9% 0FF </p><p>$17.78 ($0.94 / Ounce)</p><a href="https://www.amazon.com/dp/B00TTD9BRC?tag=eloabder-20&linkCode=osi&th=1&psc=1">View Product</a></div><div class="product"><a href="https://www.amazon.com/dp/B000YJ2SLG?tag=eloabder-20&linkCode=osi&th=1&psc=1"><img src="https://m.media-amazon.com/images/I/31kAQxeCY6L._SL500_.jpg" alt="Product Image"></a><p>CeraVe Daily Moisturizing Lotion for Dry Skin | Body Lotion & Face Moisturizer with Hyaluronic Acid and Ceramides | Daily Moisturizer | Fragrance Free | Oil-Free | 12 Ounce</p><p> -9% 0FF </p><p>$13.68 ($1.14 / Fl Oz)</p><a href="https://www.amazon.com/dp/B000YJ2SLG?tag=eloabder-20&linkCode=osi&th=1&psc=1">View Product</a></div><div class="product"><a href="https://www.amazon.com/dp/B08BW46XXK?tag=eloabder-20&linkCode=osi&th=1&psc=1"><img src="https://m.media-amazon.com/images/I/41oCJ4BF8oL._SL500_.jpg" alt="Product Image"></a><p>Vanicream Daily Facial Moisturizer With Ceramides and Hyaluronic Acid - Formulated Without Common Irritants for Those with Sensitive Skin, 3 fl oz (Pack of 1)</p><p> -13% 0FF </p><p>$12.97 ($4.32 / Fl Oz)</p><a href="https://www.amazon.com/dp/B08BW46XXK?tag=eloabder-20&linkCode=osi&th=1&psc=1">View Product</a></div><div class="product"><a href="https://www.amazon.com/dp/B00NR1YQHM?tag=eloabder-20&linkCode=osi&th=1&psc=1"><img src="https://m.media-amazon.com/images/I/41yzZFTW63L._SL500_.jpg" alt="Product Image"></a><p>Neutrogena Hydro Boost Face Moisturizer with Hyaluronic Acid for Dry Skin, Oil-Free and Non-Comedogenic Water Gel Face Lotion, 1.7 oz</p><p> -48% 0FF </p><p>$13.99 ($8.23 / Ounce)</p><a href="https://www.amazon.com/dp/B00NR1YQHM?tag=eloabder-20&linkCode=osi&th=1&psc=1">View Product</a></div><div class="product"><a href="https://www.amazon.com/dp/B00365DABC?tag=eloabder-20&linkCode=osi&th=1&psc=1"><img src="https://m.media-amazon.com/images/I/41rqUy3OtML._SL500_.jpg" alt="Product Image"></a><p>CeraVe PM Facial Moisturizing Lotion | Night Cream with Hyaluronic Acid and Niacinamide | Ultra-Lightweight, Oil-Free Moisturizer for Face | 3 Ounce</p><p> -25% 0FF </p><p>$14.99 ($5.00 / Ounce)</p><a href="https://www.amazon.com/dp/B00365DABC?tag=eloabder-20&linkCode=osi&th=1&psc=1">View Product</a></div><div class="product"><a href="https://www.amazon.com/dp/B0BBSP2JNQ?tag=eloabder-20&linkCode=osi&th=1&psc=1"><img src="https://m.media-amazon.com/images/I/51HjtwscPOL._SL500_.jpg" alt="Product Image"></a><p>SimplyVital Face Moisturizer Collagen Cream - Anti Aging Neck and Décolleté - Made in USA Day & Night Face Cream - Moisturizing, Lifting & Recovery – 1.7oz</p><p> -43% 0FF </p><p>$22.89 ($13.46 / Fl Oz)</p><a href="https://www.amazon.com/dp/B0BBSP2JNQ?tag=eloabder-20&linkCode=osi&th=1&psc=1">View Product</a></div>
<div class="product"><a href="https://www.amazon.com/dp/B01N34XW93?tag=eloabder-20&linkCode=osi&th=1&psc=1"><img src="https://m.media-amazon.com/images/I/41LiOnNJ79L._SL500_.jpg" alt="Product Image"></a><p>La Roche-Posay Toleriane Purifying Foaming Facial Cleanser, Oil Free Face Wash for Oily Skin and for Sensitive Skin with Niacinamide, Pore Cleanser Won’t Dry Out Skin, Unscented</p><p> -17% 0FF </p><p>$14.99 ($1.11 / Fl Oz)</p><a href="https://www.amazon.com/dp/B01N34XW93?tag=eloabder-20&linkCode=osi&th=1&psc=1">View Product</a></div><div class="product"><a href="https://www.amazon.com/dp/B01N7T7JKJ?tag=eloabder-20&linkCode=osi&th=1&psc=1"><img src="https://m.media-amazon.com/images/I/31VXK3y1KYL._SL500_.jpg" alt="Product Image"></a><p>La Roche-Posay Toleriane Hydrating Gentle Face Cleanser, Daily Facial Cleanser with Niacinamide and Ceramides for Sensitive Skin, Moisturizing Face Wash for Normal to Dry Skin, Fragrance Free</p><p> -17% 0FF </p><p>$14.99 ($1.11 / Fl Oz)</p><a href="https://www.amazon.com/dp/B01N7T7JKJ?tag=eloabder-20&linkCode=osi&th=1&psc=1">View Product</a></div><div class="product"><a href="https://www.amazon.com/dp/B01MSSDEPK?tag=eloabder-20&linkCode=osi&th=1&psc=1"><img src="https://m.media-amazon.com/images/I/41YuSwjJUIL._SL500_.jpg" alt="Product Image"></a><p>CeraVe Hydrating Facial Cleanser | Moisturizing Face Wash For Dry Skin | Hyaluronic Acid + Ceramides + Glycerin | Hydrating Cleanser For Normal To Dry Skin | National Eczema Association Certified</p><p> -14% 0FF </p><p>$15.48 ($0.97 / Fl Oz)</p><a href="https://www.amazon.com/dp/B01MSSDEPK?tag=eloabder-20&linkCode=osi&th=1&psc=1">View Product</a></div><div class="product"><a href="https://www.amazon.com/dp/B00U1YCRD8?tag=eloabder-20&linkCode=osi&th=1&psc=1"><img src="https://m.media-amazon.com/images/I/31LVb8KvKwL._SL500_.jpg" alt="Product Image"></a><p>CeraVe SA Cleanser | Salicylic Acid Cleanser with Hyaluronic Acid, Niacinamide & Ceramides| BHA Exfoliant for Face | Fragrance Free Non-Comedogenic | 8 Ounce</p><p> -23% 0FF </p><p>$12.37 ($1.55 / Ounce)</p><a href="https://www.amazon.com/dp/B00U1YCRD8?tag=eloabder-20&linkCode=osi&th=1&psc=1">View Product</a></div><div class="product"><a href="https://www.amazon.com/dp/B01N1LL62W?tag=eloabder-20&linkCode=osi&th=1&psc=1"><img src="https://m.media-amazon.com/images/I/41kwN8dWWzL._SL500_.jpg" alt="Product Image"></a><p>CeraVe Foaming Facial Cleanser | Daily Face Wash for Oily Skin with Hyaluronic Acid, Ceramides, and Niacinamide| Fragrance Free | 16 Fluid Ounce</p><p> -14% 0FF </p><p>$15.48 ($0.97 / Fl Oz)</p><a href="https://www.amazon.com/dp/B01N1LL62W?tag=eloabder-20&linkCode=osi&th=1&psc=1">View Product</a></div><div class="product"><a href="https://www.amazon.com/dp/B00QY1XZ4W?tag=eloabder-20&linkCode=osi&th=1&psc=1"><img src="https://m.media-amazon.com/images/I/319pG+OQZxL._SL500_.jpg" alt="Product Image"></a><p>Vanicream Gentle Facial Cleanser with Pump Dispenser - 8 fl oz - Formulated Without Common Irritants for Those with Sensitive Skin</p><p> -11% 0FF </p><p>$8.86 ($1.11 / Fl Oz)</p><a href="https://www.amazon.com/dp/B00QY1XZ4W?tag=eloabder-20&linkCode=osi&th=1&psc=1">View Product</a></div><div class="product"><a href="https://www.amazon.com/dp/B09Y4HHY1P?tag=eloabder-20&linkCode=osi&th=1&psc=1"><img src="https://m.media-amazon.com/images/I/41Crw80Q3yL._SL500_.jpg" alt="Product Image"></a><p>Face Wash by CETAPHIL, Daily Facial Cleanser for Sensitive, Combination to Oily Skin, NEW 16 Oz, Fragrance Free ,Gentle Foaming, Soap Free, Hypoallergenic</p><p> -30% 0FF </p><p>$11.97 ($0.75 / Fl Oz)</p><a href="https://www.amazon.com/dp/B09Y4HHY1P?tag=eloabder-20&linkCode=osi&th=1&psc=1">View Product</a></div>
<div class="product"><a href="https://www.amazon.com/dp/B08CMS8P67?tag=eloabder-20&linkCode=osi&th=1&psc=1"><img src="https://m.media-amazon.com/images/I/21t-OAmjNPL._SL500_.jpg" alt="Product Image"></a><p>Anua Heartleaf 77 Soothing Toner I pH 5.5 Trouble Care, Calming Skin, Refreshing, Hydrating, Purifying, Cruelty Free, Vegan,(250ml / 8.45 fl.oz.)</p><p> -14% 0FF </p><p>$19.69 ($2.33 / Fl Oz)</p><a href="https://www.amazon.com/dp/B08CMS8P67?tag=eloabder-20&linkCode=osi&th=1&psc=1">View Product</a></div><div class="product"><a href="https://www.amazon.com/dp/B007HD570Q?tag=eloabder-20&linkCode=osi&th=1&psc=1"><img src="https://m.media-amazon.com/images/I/31uC8ENEVqL._SL500_.jpg" alt="Product Image"></a><p>Thayers Alcohol-Free Rose Petal Witch Hazel Facial Toner for Glowing Skin, Soothing, Hydrating, Refreshing Toner for Normal and Combination Skin, 12oz</p><p> -16% 0FF </p><p>$9.17 ($0.76 / Fl Oz)</p><a href="https://www.amazon.com/dp/B007HD570Q?tag=eloabder-20&linkCode=osi&th=1&psc=1">View Product</a></div><div class="product"><a href="https://www.amazon.com/dp/B07K23HV61?tag=eloabder-20&linkCode=osi&th=1&psc=1"><img src="https://m.media-amazon.com/images/I/31KkgEtoFiL._SL500_.jpg" alt="Product Image"></a><p>I'm from Rice Toner, Milky Toner for Glowing Skin, 77.78% Korean Rice, Glow Essence with Niacinamide, Hydrating for Dry, Dull, Combination Skin, Vegan, Fragrance Free, Glass Skin 5.07 Fl Oz</p><p> -20% 0FF </p><p>$24.90 ($4.91 / Fl Oz)</p><a href="https://www.amazon.com/dp/B07K23HV61?tag=eloabder-20&linkCode=osi&th=1&psc=1">View Product</a></div><div class="product"><a href="https://www.amazon.com/dp/B07THCMGFP?tag=eloabder-20&linkCode=osi&th=1&psc=1"><img src="https://m.media-amazon.com/images/I/31n-zByuthL._SL500_.jpg" alt="Product Image"></a><p>Haruharu Wonder Black Rice Hyaluronic Toner 5.1 fl.oz / 150ml | Face Moisturizer, Facial Toner for All Skin Types | Vegan, Cruelty Free, EWG-Green</p><p> -11% 0FF </p><p>$13.35 ($2.62 / Fl Oz)</p><a href="https://www.amazon.com/dp/B07THCMGFP?tag=eloabder-20&linkCode=osi&th=1&psc=1">View Product</a></div><div class="product"><a href="https://www.amazon.com/dp/B07BYJF7L7?tag=eloabder-20&linkCode=osi&th=1&psc=1"><img src="https://m.media-amazon.com/images/I/31+G3Xc+J7L._SL500_.jpg" alt="Product Image"></a><p>SOME BY MI AHA BHA PHA 30 Days Miracle Toner - 5.07Oz, 150ml - Mild Exfoliating Skin Prep Korean Toner for All Skin Type - Daily Blackhead Removing Pore Minimizer for Face Texture - Korean Skin Care</p><p> -38% 0FF </p><p>$13.90 ($2.74 / Fl Oz)</p><a href="https://www.amazon.com/dp/B07BYJF7L7?tag=eloabder-20&linkCode=osi&th=1&psc=1">View Product</a></div>
<div class="product"><a href="https://www.amazon.com/dp/B00PBX3L7K?tag=eloabder-20&linkCode=osi&th=1&psc=1"><img src="https://m.media-amazon.com/images/I/31OiAm-FA8L._SL500_.jpg" alt="Product Image"></a><p>COSRX Snail Mucin 96% Power Repairing Essence 3.38 fl.oz 100ml, Hydrating Serum for Face with Snail Secretion Filtrate for Dull Skin & Fine Lines, Korean Skin Care</p><p> -32% 0FF </p><p>$16.99 ($5.03 / Fl Oz)</p><a href="https://www.amazon.com/dp/B00PBX3L7K?tag=eloabder-20&linkCode=osi&th=1&psc=1">View Product</a></div><div class="product"><a href="https://www.amazon.com/dp/B014PGEEO2?tag=eloabder-20&linkCode=osi&th=1&psc=1"><img src="https://m.media-amazon.com/images/I/51v+djIfQGL._SL500_.jpg" alt="Product Image"></a><p>Tree of Life Facial Skin Care Set, Brightening, Firming, Hydrating, Dry Face, Dermatologist Tested - Trio Power Kit, Vitamin C, Retinol and Hyaluronic Acid, 3 count of 1 Fl Oz</p><p> -14% 0FF </p><p>$29.99 ($10.00 / Fl Oz)</p><a href="https://www.amazon.com/dp/B014PGEEO2?tag=eloabder-20&linkCode=osi&th=1&psc=1">View Product</a></div><div class="product"><a href="https://www.amazon.com/dp/B01B5G45R6?tag=eloabder-20&linkCode=osi&th=1&psc=1"><img src="https://m.media-amazon.com/images/I/51Q5RBPeaLL._SL500_.jpg" alt="Product Image"></a><p>artnaturals Anti-Aging-Set with Vitamin-C Retinol and Hyaluronic-Acid - (3 x 1 Fl Oz / 30ml) Serum for Anti Wrinkle and Dark Circle Remover – All Natural and Moisturizing</p><p> -19% 0FF </p><p>$24.95 ($8.32 / Fl Oz)</p><a href="https://www.amazon.com/dp/B01B5G45R6?tag=eloabder-20&linkCode=osi&th=1&psc=1">View Product</a></div><div class="product"><a href="https://www.amazon.com/dp/B07VWSN95S?tag=eloabder-20&linkCode=osi&th=1&psc=1"><img src="https://m.media-amazon.com/images/I/411Y0nzh9zL._SL500_.jpg" alt="Product Image"></a><p>CeraVe Retinol Serum for Post-Acne Marks and Skin Texture | Pore Refining, Resurfacing, Brightening Facial Serum with Retinol and Niacinamide | Fragrance Free, Paraben Free & Non-Comedogenic| 1 Oz</p><p> -15% 0FF </p><p>$18.68</p><a href="https://www.amazon.com/dp/B07VWSN95S?tag=eloabder-20&linkCode=osi&th=1&psc=1">View Product</a></div><div class="product"><a href="https://www.amazon.com/dp/B07QFHZZZL?tag=eloabder-20&linkCode=osi&th=1&psc=1"><img src="https://m.media-amazon.com/images/I/41I2Z44ByOL._SL500_.jpg" alt="Product Image"></a><p>The Ordinary Face Serum Set! Caffeine Solution 5%+EGCG! Hyaluronic Acid 2%+B5! Niacinamide 10% + Zinc 1%! Help Fight Visible Blemishes And Improve The Look Of Skin Texture&Radiance</p><p> -8% 0FF </p><p>$27.00 ($9.00 / Ounce)</p><a href="https://www.amazon.com/dp/B07QFHZZZL?tag=eloabder-20&linkCode=osi&th=1&psc=1">View Product</a></div>
<div class="product"><a href="https://www.amazon.com/dp/B09HH8R1T8?tag=eloabder-20&linkCode=osi&th=1&psc=1"><img src="https://m.media-amazon.com/images/I/51wBTGbcqkL._SL500_.jpg" alt="Product Image"></a><p>UJFQBH 3 Pieces African Bath Sponge African Net Long Net Bath Sponge Exfoliating Shower Body Scrubber Back Scrubber Skin Smoother,Great for Daily Use (Pink,Yellow,Purple)</p><p> -47% 0FF </p><p>$7.99 ($2.66 / Count)</p><a href="https://www.amazon.com/dp/B09HH8R1T8?tag=eloabder-20&linkCode=osi&th=1&psc=1">View Product</a></div><div class="product"><a href="https://www.amazon.com/dp/B004GEV9JW?tag=eloabder-20&linkCode=osi&th=1&psc=1"><img src="https://m.media-amazon.com/images/I/41MgyDfHXfL._SL500_.jpg" alt="Product Image"></a><p>Buf-Puf Gentle Facial Sponge, Dermatologist Developed, Removes Deep Down Dirt & Makeup That Causes Breakouts and Blackheads, Reusable, Exfoliating, 1 Count</p><p> -22% 0FF </p><p>$7.84</p><a href="https://www.amazon.com/dp/B004GEV9JW?tag=eloabder-20&linkCode=osi&th=1&psc=1">View Product</a></div>

<div class="product"><a href="https://www.amazon.com/dp/B005IHT94S?tag=eloabder-20&linkCode=osi&th=1&psc=1"><img src="https://m.media-amazon.com/images/I/31YAXVCRMAL._SL500_.jpg" alt="Product Image"></a><p>Neutrogena Ultra Sheer Dry-Touch Water Resistant and Non-Greasy Sunscreen Lotion with Broad Spectrum SPF 70, 3 Fl Oz (Pack of 1)</p><p> -26% 0FF </p><p>$9.88 ($3.29 / Fl Oz)</p><a href="https://www.amazon.com/dp/B005IHT94S?tag=eloabder-20&linkCode=osi&th=1&psc=1">View Product</a></div><div class="product"><a href="https://www.amazon.com/dp/B01MQXX9US?tag=eloabder-20&linkCode=osi&th=1&psc=1"><img src="https://m.media-amazon.com/images/I/41Zi7BP15NL._SL500_.jpg" alt="Product Image"></a><p>Banana Boat Sport Ultra SPF 50 Sunscreen Spray Twin Pack | Banana Boat Sunscreen Spray SPF 50, Spray On Sunscreen, Water Resistant Sunscreen, Oxybenzone Free Sunscreen Pack, 6oz each</p><p> -26% 0FF </p><p>$13.97 ($1.16 / Ounce)</p><a href="https://www.amazon.com/dp/B01MQXX9US?tag=eloabder-20&linkCode=osi&th=1&psc=1">View Product</a></div><div class="product"><a href="https://www.amazon.com/dp/B0033ZL5YY?tag=eloabder-20&linkCode=osi&th=1&psc=1"><img src="https://m.media-amazon.com/images/I/41gbrGgbm6L._SL500_.jpg" alt="Product Image"></a><p>Banana Boat Sport Ultra SPF 50 Sunscreen Lotion, 8oz | Banana Boat Sunscreen SPF 50 Lotion, Oxybenzone Free Sunscreen, Sunblock Lotion Sunscreen, Banana Boat Lotion, Water Resistant Sunscreen, 8oz</p><p> -40% 0FF </p><p>$8.97 ($1.12 / Fl Oz)</p><a href="https://www.amazon.com/dp/B0033ZL5YY?tag=eloabder-20&linkCode=osi&th=1&psc=1">View Product</a></div><div class="product"><a href="https://www.amazon.com/dp/B004D2DR0Q?tag=eloabder-20&linkCode=osi&th=1&psc=1"><img src="https://m.media-amazon.com/images/I/41QwzCWNnFL._SL500_.jpg" alt="Product Image"></a><p>Neutrogena Ultra Sheer Dry-Touch Water Resistant and Non-Greasy Sunscreen Lotion with Broad Spectrum SPF 45, TSA-Compliant travel Size, 3 Fl Oz, Pack of 2, 6 Fl Oz</p><p> -38% 0FF </p><p>$13.99 ($2.33 / Fl Oz)</p><a href="https://www.amazon.com/dp/B004D2DR0Q?tag=eloabder-20&linkCode=osi&th=1&psc=1">View Product</a></div><div class="product"><a href="https://www.amazon.com/dp/B074W9HR72?tag=eloabder-20&linkCode=osi&th=1&psc=1"><img src="https://m.media-amazon.com/images/I/41X2bu9GahL._SL500_.jpg" alt="Product Image"></a><p>Coppertone Sport Sunscreen Spray SPF 30, Water Resistant Spray Sunscreen, Broad Spectrum SPF 30 Sunscreen, Bulk Sunscreen Pack, 5.5 Oz Bottle, Pack of 2</p><p> -28% 0FF </p><p>$9.99 ($0.91 / Ounce)</p><a href="https://www.amazon.com/dp/B074W9HR72?tag=eloabder-20&linkCode=osi&th=1&psc=1">View Product</a></div><div class="product"><a href="https://www.amazon.com/dp/B0031O5QF6?tag=eloabder-20&linkCode=osi&th=1&psc=1"><img src="https://m.media-amazon.com/images/I/31aJ6gPLVaL._SL500_.jpg" alt="Product Image"></a><p>Hawaiian Tropic Sheer Touch Ultra Radiance Lotion Sunscreen SPF 30, 8oz | Hawaiian Tropic Sunscreen SPF 30, Sunblock, Broad Spectrum Sunscreen, Oxybenzone Free Sunscreen, Body Sunscreen, 8oz</p><p> -14% 0FF </p><p>$8.98 ($1.12 / Fl Oz)</p><a href="https://www.amazon.com/dp/B0031O5QF6?tag=eloabder-20&linkCode=osi&th=1&psc=1">View Product</a></div><div class="product"><a href="https://www.amazon.com/dp/B00B81XR1Y?tag=eloabder-20&linkCode=osi&th=1&psc=1"><img src="https://m.media-amazon.com/images/I/41NtDXr-dML._SL500_.jpg" alt="Product Image"></a><p>Banana Boat Sport Ultra SPF 30 Sunscreen Spray Twin Pack | Banana Boat Sunscreen Spray SPF 30, Spray On Sunscreen, Water Resistant Sunscreen, Oxybenzone Free Sunscreen Pack, 6oz each</p><p> -25% 0FF </p><p>$13.47 ($1.12 / Ounce)</p><a href="https://www.amazon.com/dp/B00B81XR1Y?tag=eloabder-20&linkCode=osi&th=1&psc=1">View Product</a></div><div class="product"><a href="https://www.amazon.com/dp/B00AEN4QZ8?tag=eloabder-20&linkCode=osi&th=1&psc=1"><img src="https://m.media-amazon.com/images/I/31QMrCJPoeL._SL500_.jpg" alt="Product Image"></a><p>Neutrogena Beach Defense Water-Resistant Face & Body SPF 70 Sunscreen Lotion with Broad Spectrum UVA/UVB Protection, Oil-Free Fast-Absorbing Sunscreen Lotion, Oxybenzone-Free, 6.7 oz</p><p> -27% 0FF </p><p>$9.60 ($1.43 / Fl Oz)</p><a href="https://www.amazon.com/dp/B00AEN4QZ8?tag=eloabder-20&linkCode=osi&th=1&psc=1">View Product</a></div><div class="product"><a href="https://www.amazon.com/dp/B09DGPRM22?tag=eloabder-20&linkCode=osi&th=1&psc=1"><img src="https://m.media-amazon.com/images/I/31B9wKQM5vL._SL500_.jpg" alt="Product Image"></a><p>ROUND LAB Birch Juice Moisturizing Sunscreen (SPF50+ PA++++) | A moisturizing sunscreen, No White Cast, Strong UV Protection, Moist Essence Type, Ocean Friendly-Reef Safe (1.69fl.oz)</p><p> -32% 0FF </p><p>$18.99 ($11.24 / Fl Oz)</p><a href="https://www.amazon.com/dp/B09DGPRM22?tag=eloabder-20&linkCode=osi&th=1&psc=1">View Product</a></div>
<div class="product"><a href="https://www.amazon.com/dp/B0C9H6PD9B?tag=eloabder-20&linkCode=osi&th=1&psc=1"><img src="https://m.media-amazon.com/images/I/51MQp9qtYZL._SL500_.jpg" alt="Product Image"></a><p>Collagen Face Moisturizer with Airless Pump - Collagen Botanical Stem Cells Cream for Skin with Retinol, Niacinamide, Hyaluronic Acid - Anti-Aging Day & Night Cream - Made in USA (1.7 Oz)</p><p> -17% 0FF </p><p>$14.99 ($8.82 / Ounce)</p><a href="https://www.amazon.com/dp/B0C9H6PD9B?tag=eloabder-20&linkCode=osi&th=1&psc=1">View Product</a></div><div class="product"><a href="https://www.amazon.com/dp/B008EKY8VK?tag=eloabder-20&linkCode=osi&th=1&psc=1"><img src="https://m.media-amazon.com/images/I/417CElRN9WL._SL500_.jpg" alt="Product Image"></a><p>L'Oreal Paris Revitalift Triple Power Anti-Aging Face Moisturizer, Pro Retinol, Hyaluronic Acid & Vitamin C to Reduce Wrinkles, Firm & Brighten Skin, 1.7 Oz</p><p> -21% 0FF </p><p>$23.66 ($13.92 / Ounce)</p><a href="https://www.amazon.com/dp/B008EKY8VK?tag=eloabder-20&linkCode=osi&th=1&psc=1">View Product</a></div><div class="product"><a href="https://www.amazon.com/dp/B07XJ7XWLW?tag=eloabder-20&linkCode=osi&th=1&psc=1"><img src="https://m.media-amazon.com/images/I/41NLZaGIIvL._SL500_.jpg" alt="Product Image"></a><p>CeraVe Anti Aging Retinol Serum | Cream Serum for Smoothing Fine Lines and Skin Brightening | With Retinol, Hyaluronic Acid, Niacinamide, and Ceramides | 1 Ounce</p><p> -6% 0FF </p><p>$23.49</p><a href="https://www.amazon.com/dp/B07XJ7XWLW?tag=eloabder-20&linkCode=osi&th=1&psc=1">View Product</a></div><div class="product"><a href="https://www.amazon.com/dp/B002JDUMFO?tag=eloabder-20&linkCode=osi&th=1&psc=1"><img src="https://m.media-amazon.com/images/I/41h3+tOcptL._SL500_.jpg" alt="Product Image"></a><p>L’Oréal Paris Collagen Daily Face Moisturizer, Reduce Wrinkles, Face Cream 1.7 oz</p><p> -16% 0FF </p><p>$9.70 ($5.71 / Ounce)</p><a href="https://www.amazon.com/dp/B002JDUMFO?tag=eloabder-20&linkCode=osi&th=1&psc=1">View Product</a></div><div class="product"><a href="https://www.amazon.com/dp/B09JMDLSJR?tag=eloabder-20&linkCode=osi&th=1&psc=1"><img src="https://m.media-amazon.com/images/I/41dzg8Cq95L._SL500_.jpg" alt="Product Image"></a><p>RoC Retinol Correxion Deep Wrinkle Serum Facial Cleanser with Niacinamide for Anti-Aging and Fine Lines, Long-Wear Makeup Remover, Fragrance Free Skin Care, Opthalmologist Tested, 6 Ounces</p><p> -29% 0FF </p><p>$9.99 ($1.66 / Fl Oz)</p><a href="https://www.amazon.com/dp/B09JMDLSJR?tag=eloabder-20&linkCode=osi&th=1&psc=1">View Product</a></div><div class="product"><a href="https://www.amazon.com/dp/B01B7AGX2U?tag=eloabder-20&linkCode=osi&th=1&psc=1"><img src="https://m.media-amazon.com/images/I/31ZFZXsQryL._SL500_.jpg" alt="Product Image"></a><p>Neutrogena Retinol Treatment and Tinted Facial Moisturizer, Healthy Skin Anti-Aging Perfector with Broad Spectrum SPF 20 Sunscreen with Titanium Dioxide, 40 Neutral to Tan, 1 fl. oz</p><p> -50% 0FF </p><p>$10.20</p><a href="https://www.amazon.com/dp/B01B7AGX2U?tag=eloabder-20&linkCode=osi&th=1&psc=1">View Product</a></div>
<div class="product"><a href="https://www.amazon.com/dp/B000N758A2?tag=eloabder-20&linkCode=osi&th=1&psc=1"><img src="https://m.media-amazon.com/images/I/41YSvL8jS6L._SL500_.jpg" alt="Product Image"></a><p>OGX Nourishing + Coconut Milk Anti-Breakage Serum, 4 Fl Oz</p><p> -11% 0FF </p><p>$7.97 ($1.99 / Fl Oz)</p><a href="https://www.amazon.com/dp/B000N758A2?tag=eloabder-20&linkCode=osi&th=1&psc=1">View Product</a></div><div class="product"><a href="https://www.amazon.com/dp/B005LPN8R6?tag=eloabder-20&linkCode=osi&th=1&psc=1"><img src="https://m.media-amazon.com/images/I/41AX5ZL0F9L._SL500_.jpg" alt="Product Image"></a><p>Wet Brush Original Detangling Hair Brush, Classic Black - Ultra-Soft IntelliFlex Bristles - Detangler Brush Glide Through Tangles With Ease For All Hair Types - For Women, Men, Wet & Dry Hair</p><p> -30% 0FF </p><p>$7.00</p><a href="https://www.amazon.com/dp/B005LPN8R6?tag=eloabder-20&linkCode=osi&th=1&psc=1">View Product</a></div><div class="product"><a href="https://www.amazon.com/dp/B001126XOI?tag=eloabder-20&linkCode=osi&th=1&psc=1"><img src="https://m.media-amazon.com/images/I/31MeKMlDGLL._SL500_.jpg" alt="Product Image"></a><p>Conair Velvet Touch hair brush - Detangling hair brush - Ideal for all hair types - Paddle Cushion - Soft Touch Handle - Colors at random - 1 Count</p><p> -28% 0FF </p><p>$4.99</p><a href="https://www.amazon.com/dp/B001126XOI?tag=eloabder-20&linkCode=osi&th=1&psc=1">View Product</a></div><div class="product"><a href="https://www.amazon.com/dp/B00AINMFAC?tag=eloabder-20&linkCode=osi&th=1&psc=1"><img src="https://m.media-amazon.com/images/I/41D7x04cFtL._SL500_.jpg" alt="Product Image"></a><p>Nizoral Anti-Dandruff Shampoo with 1% Ketoconazole, Fresh Scent, 7 Fl Oz</p><p> -47% 0FF </p><p>$15.88 ($2.27 / Fl Oz)</p><a href="https://www.amazon.com/dp/B00AINMFAC?tag=eloabder-20&linkCode=osi&th=1&psc=1">View Product</a></div><div class="product"><a href="https://www.amazon.com/dp/B01LTIAUAG?tag=eloabder-20&linkCode=osi&th=1&psc=1"><img src="https://m.media-amazon.com/images/I/414cIBskUjL._SL500_.jpg" alt="Product Image"></a><p>Cantu Leave-In Conditioning Repair Cream with Argan Oil, 16 oz (Packaging May Vary)</p><p> -13% 0FF </p><p>$6.48 ($0.40 / Ounce)</p><a href="https://www.amazon.com/dp/B01LTIAUAG?tag=eloabder-20&linkCode=osi&th=1&psc=1">View Product</a></div><div class="product"><a href="https://www.amazon.com/dp/B0011DP24Y?tag=eloabder-20&linkCode=osi&th=1&psc=1"><img src="https://m.media-amazon.com/images/I/318wWjq3aeL._SL500_.jpg" alt="Product Image"></a><p>Avalon Organics Revitalizing Lavender Shampoo, For Smooth, Shiny, Touchably Soft Hair For Normal To Dry Hair, 32 Fluid Ounces</p><p> -9% 0FF </p><p>$17.69 ($0.55 / Fl Oz)</p><a href="https://www.amazon.com/dp/B0011DP24Y?tag=eloabder-20&linkCode=osi&th=1&psc=1">View Product</a></div><div class="product"><a href="https://www.amazon.com/dp/B015HTJDDS?tag=eloabder-20&linkCode=osi&th=1&psc=1"><img src="https://m.media-amazon.com/images/I/31TKfcsgYvL._SL500_.jpg" alt="Product Image"></a><p>The Honest Company Conditioning Hair Detangler | Leave-in Conditioner + Fortifying Spray | Tear-free, Cruelty-Free, Hypoallergenic | Citrus Vanilla Refresh, 4 fl oz</p><p> -7% 0FF </p><p>$6.99 ($1.75 / Fl Oz)</p><a href="https://www.amazon.com/dp/B015HTJDDS?tag=eloabder-20&linkCode=osi&th=1&psc=1">View Product</a></div><div class="product"><a href="https://www.amazon.com/dp/B019ZZB3O2?tag=eloabder-20&linkCode=osi&th=1&psc=1"><img src="https://m.media-amazon.com/images/I/41LErxWdadL._SL500_.jpg" alt="Product Image"></a><p>SugarbearPRO Hair Vitamin Extra Strength 6000mcg Biotin, Longer-Looking Hair Gummy for Women & Men,B12, MSM, Inositol, Omega 3, Elderberry, Growth, USA Patent Design, Kosher Halal Vegan 2 Month Supply</p><p> -23% 0FF </p><p>$29.99 ($0.50 / Count)</p><a href="https://www.amazon.com/dp/B019ZZB3O2?tag=eloabder-20&linkCode=osi&th=1&psc=1">View Product</a></div>
<div class="product"><a href="https://www.amazon.com/dp/B00ADRH2OM?tag=eloabder-20&linkCode=osi&th=1&psc=1"><img src="https://m.media-amazon.com/images/I/413WPcPNDbL._SL500_.jpg" alt="Product Image"></a><p>OGX Thick & Full + Biotin & Collagen Volumizing Shampoo, Nutrient-Infused Hair Shampoo with Vitamin B7 Biotin Gives Hair Volume & Body for 72+ Hours, Sulfate-Free Surfactants, 13 fl. oz</p><p> -25% 0FF </p><p>$6.97 ($0.54 / Fl Oz)</p><a href="https://www.amazon.com/dp/B00ADRH2OM?tag=eloabder-20&linkCode=osi&th=1&psc=1">View Product</a></div><div class="product"><a href="https://www.amazon.com/dp/B008J2GP9G?tag=eloabder-20&linkCode=osi&th=1&psc=1"><img src="https://m.media-amazon.com/images/I/31BkIKu3HgL._SL500_.jpg" alt="Product Image"></a><p>OGX Renewing Argan Oil of Morocco Shampoo - Strengthens and Repairs Dry, Damaged Hair - Paraben-Free, Sulfate-Free - 25.4 fl. oz</p><p> -27% 0FF </p><p>$11.99 ($0.47 / Fl Oz)</p><a href="https://www.amazon.com/dp/B008J2GP9G?tag=eloabder-20&linkCode=osi&th=1&psc=1">View Product</a></div><div class="product"><a href="https://www.amazon.com/dp/B008OL3UYK?tag=eloabder-20&linkCode=osi&th=1&psc=1"><img src="https://m.media-amazon.com/images/I/41h78nCTqqL._SL500_.jpg" alt="Product Image"></a><p>Avalon Organics Therapy Biotin B-Complex Thickening Shampoo, For an Energized Scalp and Thicker, Fuller-Looking Hair, 32 Fluid Ounces</p><p> -9% 0FF </p><p>$17.69 ($0.55 / Fl Oz)</p><a href="https://www.amazon.com/dp/B008OL3UYK?tag=eloabder-20&linkCode=osi&th=1&psc=1">View Product</a></div><div class="product"><a href="https://www.amazon.com/dp/B001UGL84U?tag=eloabder-20&linkCode=osi&th=1&psc=1"><img src="https://m.media-amazon.com/images/I/41TIFLFVNyL._SL500_.jpg" alt="Product Image"></a><p>Selsun Blue Medicated Anti-dandruff Shampoo with Menthol, 11 fl. oz., Maximum Strength, Selenium Sulfide 1%</p><p> -13% 0FF </p><p>$7.89 ($0.72 / Fl Oz)</p><a href="https://www.amazon.com/dp/B001UGL84U?tag=eloabder-20&linkCode=osi&th=1&psc=1">View Product</a></div>
<div class="product"><a href="https://www.amazon.com/dp/B0128QFSPK?tag=eloabder-20&linkCode=osi&th=1&psc=1"><img src="https://m.media-amazon.com/images/I/31lrVfnasLL._SL500_.jpg" alt="Product Image"></a><p>OGX Quenching + Coconut Curls Curl-Defining Conditioner, Nourishing Curly Hair Conditioner with Coconut /Citrus Oil & Honey, Paraben-Free with Sulfate-Free Surfactants, 13oz</p><p> -25% 0FF </p><p>$6.97 ($0.54 / Fl Oz)</p><a href="https://www.amazon.com/dp/B0128QFSPK?tag=eloabder-20&linkCode=osi&th=1&psc=1">View Product</a></div><div class="product"><a href="https://www.amazon.com/dp/B0048F38DY?tag=eloabder-20&linkCode=osi&th=1&psc=1"><img src="https://m.media-amazon.com/images/I/41GrHa75nWL._SL500_.jpg" alt="Product Image"></a><p>OGX Renewing + Argan Oil of Morocco Conditioner, 13 fl. oz - Repairs Dry, Damaged Hair, Paraben-Free, Sulfate-Free Surfactants, LipiPro Shield Technology, Citrus-Fresh Scent</p><p> -25% 0FF </p><p>$6.97 ($0.54 / Fl Oz)</p><a href="https://www.amazon.com/dp/B0048F38DY?tag=eloabder-20&linkCode=osi&th=1&psc=1">View Product</a></div><div class="product"><a href="https://www.amazon.com/dp/B01E9CSI44?tag=eloabder-20&linkCode=osi&th=1&psc=1"><img src="https://m.media-amazon.com/images/I/31eFC3P2y4L._SL500_.jpg" alt="Product Image"></a><p>OGX Thick & Full + Biotin & Collagen Volumizing Conditioner, Nutrient-Infused Conditioner + Vitamin B7 Biotin Gives Hair Volume & Body for 72+ Hours, Sulfate-Free Surfactants, 25.4 fl. oz</p><p> -27% 0FF </p><p>$11.99 ($0.47 / Fl Oz)</p><a href="https://www.amazon.com/dp/B01E9CSI44?tag=eloabder-20&linkCode=osi&th=1&psc=1">View Product</a></div><div class="product"><a href="https://www.amazon.com/dp/B000TG850M?tag=eloabder-20&linkCode=osi&th=1&psc=1"><img src="https://m.media-amazon.com/images/I/31TYCRS9xuL._SL500_.jpg" alt="Product Image"></a><p>OGX Nourishing + Coconut Milk Conditioner, Hydrating & Restoring Conditioner Moisturizes for Soft Hair After the First Use, Parabens-Free, Sulfate-Free Surfactants, 13 fl. Oz</p><p> -30% 0FF </p><p>$6.97 ($0.54 / Fl Oz)</p><a href="https://www.amazon.com/dp/B000TG850M?tag=eloabder-20&linkCode=osi&th=1&psc=1">View Product</a></div><div class="product"><a href="https://www.amazon.com/dp/B008OL3VW6?tag=eloabder-20&linkCode=osi&th=1&psc=1"><img src="https://m.media-amazon.com/images/I/31tIRt0xMJL._SL500_.jpg" alt="Product Image"></a><p>Avalon Organics Therapy Thickening Conditioner, Biotin B-Complex, 32 Oz</p><p> -9% 0FF </p><p>$17.69 ($0.55 / Fl Oz)</p><a href="https://www.amazon.com/dp/B008OL3VW6?tag=eloabder-20&linkCode=osi&th=1&psc=1">View Product</a></div>
<div class="product"><a href="https://www.amazon.com/dp/B000ZLVUYO?tag=eloabder-20&linkCode=osi&th=1&psc=1"><img src="https://m.media-amazon.com/images/I/41CNAwwnEqL._SL500_.jpg" alt="Product Image"></a><p>It's A 10 Haircare Miracle Hair Mask - 8 oz. - 1ct</p><p> -21% 0FF </p><p>$24.45 ($3.06 / Fl Oz)</p><a href="https://www.amazon.com/dp/B000ZLVUYO?tag=eloabder-20&linkCode=osi&th=1&psc=1">View Product</a></div><div class="product"><a href="https://www.amazon.com/dp/B002WTC37A?tag=eloabder-20&linkCode=osi&th=1&psc=1"><img src="https://m.media-amazon.com/images/I/41yD1U1SpnL._SL500_.jpg" alt="Product Image"></a><p>Macadamia Natural Deep Repair Hair Masque, 8 OZ</p><p> -7% 0FF </p><p>$16.80 ($2.10 / Fl Oz)</p><a href="https://www.amazon.com/dp/B002WTC37A?tag=eloabder-20&linkCode=osi&th=1&psc=1">View Product</a></div><div class="product"><a href="https://www.amazon.com/dp/B0CQDWM26G?tag=eloabder-20&linkCode=osi&th=1&psc=1"><img src="https://m.media-amazon.com/images/I/41Cg2H-fyrL._SL500_.jpg" alt="Product Image"></a><p>Fino Premium Touch Hair Mask, 180g / 8.11 Ounce by ode</p><p> -9% 0FF </p><p>$13.69 ($1.69 / Ounce)</p><a href="https://www.amazon.com/dp/B0CQDWM26G?tag=eloabder-20&linkCode=osi&th=1&psc=1">View Product</a></div>
<div class="product"><a href="https://www.amazon.com/dp/B0BBSDNX7W?tag=eloabder-20&linkCode=osi&th=1&psc=1"><img src="https://m.media-amazon.com/images/I/41Y91vJb1TL._SL500_.jpg" alt="Product Image"></a><p>Handcraft Blends Castor Oil with Rosemary Oil - 8 Fl Oz - 100% Pure and Natural - Premium Grade Oil for Hair Growth, Eyelashes and Eyebrows - Carrier Oil - Hair and Body Oil</p><p> -10% 0FF </p><p>$8.99 ($1.12 / Fl Oz)</p><a href="https://www.amazon.com/dp/B0BBSDNX7W?tag=eloabder-20&linkCode=osi&th=1&psc=1">View Product</a></div><div class="product"><a href="https://www.amazon.com/dp/B0019LTGOU?tag=eloabder-20&linkCode=osi&th=1&psc=1"><img src="https://m.media-amazon.com/images/I/31pK3I8DkWL._SL500_.jpg" alt="Product Image"></a><p>NOW Foods Solutions, Organic Jojoba Oil, Moisturizing Multi-Purpose Oil for Face, Hair and Body, 4-Ounce</p><p> -31% 0FF </p><p>$10.31 ($2.58 / Fl Oz)</p><a href="https://www.amazon.com/dp/B0019LTGOU?tag=eloabder-20&linkCode=osi&th=1&psc=1">View Product</a></div><div class="product"><a href="https://www.amazon.com/dp/B004Z209HS?tag=eloabder-20&linkCode=osi&th=1&psc=1"><img src="https://m.media-amazon.com/images/I/41iZC2aD-zL._SL500_.jpg" alt="Product Image"></a><p>PURA D'OR 4 Oz ORGANIC Moroccan Argan Oil - USDA Certified 100% Pure & Cold Pressed Virgin Premium Grade Natural Moisturizer Treatment For Dry, Damaged Skin, Hair, Face, Body & Scalp - Men & Women</p><p> -13% 0FF </p><p>$12.99 ($3.25 / Fl Oz)</p><a href="https://www.amazon.com/dp/B004Z209HS?tag=eloabder-20&linkCode=osi&th=1&psc=1">View Product</a></div><div class="product"><a href="https://www.amazon.com/dp/B08ZLLB1QP?tag=eloabder-20&linkCode=osi&th=1&psc=1"><img src="https://m.media-amazon.com/images/I/41Er838d1WL._SL500_.jpg" alt="Product Image"></a><p>HIQILI Rosemary Oil for Hair Growth, Skin, Scalp, 100% Pure Natural, Add to Shampoo & Conditioner - 3.38 Fl Oz</p><p> -38% 0FF </p><p>$7.99 ($2.36 / Fl Oz)</p><a href="https://www.amazon.com/dp/B08ZLLB1QP?tag=eloabder-20&linkCode=osi&th=1&psc=1">View Product</a></div>
<div class="product"><a href="https://www.amazon.com/dp/B00AIL783I?tag=eloabder-20&linkCode=osi&th=1&psc=1"><img src="https://m.media-amazon.com/images/I/31H0Iw6tmZL._SL500_.jpg" alt="Product Image"></a><p>CHI Straight Guard Smoothing Styling Cream, Eliminates Frizz For Sleek & Shiny Hair, Maximum Control, 8.5 Oz</p><p> -58% 0FF </p><p>$8.50 ($1.00 / Fl Oz)</p><a href="https://www.amazon.com/dp/B00AIL783I?tag=eloabder-20&linkCode=osi&th=1&psc=1">View Product</a></div><div class="product"><a href="https://www.amazon.com/dp/B0167HOOEC?tag=eloabder-20&linkCode=osi&th=1&psc=1"><img src="https://m.media-amazon.com/images/I/51z28ow-ggL._SL500_.jpg" alt="Product Image"></a><p>Smooth Viking Hair Clay for Men - Strong Hold, Clay Pomade, Hair Paste, Styling Clay with Matte Finish, Made in USA, 2oz</p><p> -23% 0FF </p><p>$12.99 ($6.50 / Ounce)</p><a href="https://www.amazon.com/dp/B0167HOOEC?tag=eloabder-20&linkCode=osi&th=1&psc=1">View Product</a></div>
<div class="product"><a href="https://www.amazon.com/dp/B004INIW1Y?tag=eloabder-20&linkCode=osi&th=1&psc=1"><img src="https://m.media-amazon.com/images/I/51QXVxOgEkL._SL500_.jpg" alt="Product Image"></a><p>L'Oreal Paris Excellence Creme Permanent Hair Color, 4 Dark Brown, 100 percent Gray Coverage Hair Dye, Pack of 1</p><p> -9% 0FF </p><p>$10.97</p><a href="https://www.amazon.com/dp/B004INIW1Y?tag=eloabder-20&linkCode=osi&th=1&psc=1">View Product</a></div><div class="product"><a href="https://www.amazon.com/dp/B004C0K018?tag=eloabder-20&linkCode=osi&th=1&psc=1"><img src="https://m.media-amazon.com/images/I/517WiYZFqBL._SL500_.jpg" alt="Product Image"></a><p>L'Oreal Paris Superior Preference Fade-Defying + Shine Permanent Hair Color, 5A Medium Ash Brown, Pack of 1, Hair Dye</p><p> -8% 0FF </p><p>$11.97</p><a href="https://www.amazon.com/dp/B004C0K018?tag=eloabder-20&linkCode=osi&th=1&psc=1">View Product</a></div><div class="product"><a href="https://www.amazon.com/dp/B004INCW9W?tag=eloabder-20&linkCode=osi&th=1&psc=1"><img src="https://m.media-amazon.com/images/I/41zrK6E6A7L._SL500_.jpg" alt="Product Image"></a><p>L'Oreal Paris Feria Multi-Faceted Shimmering Permanent Hair Color, 45 French Roast (Deep Bronzed Brown), Pack of 1, Hair Dye</p><p> -8% 0FF </p><p>$11.97</p><a href="https://www.amazon.com/dp/B004INCW9W?tag=eloabder-20&linkCode=osi&th=1&psc=1">View Product</a></div><div class="product"><a href="https://www.amazon.com/dp/B00TUMG2N8?tag=eloabder-20&linkCode=osi&th=1&psc=1"><img src="https://m.media-amazon.com/images/I/51AQGB6nt+L._SL500_.jpg" alt="Product Image"></a><p>Schwarzkopf Keratin Color Anti-Age Hair Color Cream, 8.0 Medium Blonde (Packaging May Vary)</p><p> -7% 0FF </p><p>$11.09</p><a href="https://www.amazon.com/dp/B00TUMG2N8?tag=eloabder-20&linkCode=osi&th=1&psc=1">View Product</a></div><div class="product"><a href="https://www.amazon.com/dp/B004DK8TUQ?tag=eloabder-20&linkCode=osi&th=1&psc=1"><img src="https://m.media-amazon.com/images/I/410IY7twavL._SL500_.jpg" alt="Product Image"></a><p>John Frieda Deep Cherry Brown 3VR Permanent Foam Hair Color, 1 Application</p><p> -8% 0FF </p><p>$11.92</p><a href="https://www.amazon.com/dp/B004DK8TUQ?tag=eloabder-20&linkCode=osi&th=1&psc=1">View Product</a></div><div class="product"><a href="https://www.amazon.com/dp/B000NSX3NU?tag=eloabder-20&linkCode=osi&th=1&psc=1"><img src="https://m.media-amazon.com/images/I/51ioG6p30AS._SL500_.jpg" alt="Product Image"></a><p>Just For Men Shampoo-In Color (Formerly Original Formula), Mens Hair Color with Keratin and Vitamin E for Stronger Hair - Real Black, H-55, Pack of 3</p><p> -10% 0FF </p><p>$26.88 ($8.96 / Count)</p><a href="https://www.amazon.com/dp/B000NSX3NU?tag=eloabder-20&linkCode=osi&th=1&psc=1">View Product</a></div>
<div class="product"><a href="https://www.amazon.com/dp/B07FP3686J?tag=eloabder-20&linkCode=osi&th=1&psc=1"><img src="https://m.media-amazon.com/images/I/51KOSA5dFEL._SL500_.jpg" alt="Product Image"></a><p>Kitsch Spiral Hair Ties for Women, Coil Hair Ties for Thick Hair, No Crease Hair Tie, Spiral Hair Ties No Damage, Hair Coils & Phone Cord Hair Ties for Thin Hair, Hair Ties Spiral, 8pcs (Brunette)</p><p> -9% 0FF </p><p>$7.99 ($1.00 / Count)</p><a href="https://www.amazon.com/dp/B07FP3686J?tag=eloabder-20&linkCode=osi&th=1&psc=1">View Product</a></div><div class="product"><a href="https://www.amazon.com/dp/B08H6V3Q5Y?tag=eloabder-20&linkCode=osi&th=1&psc=1"><img src="https://m.media-amazon.com/images/I/41NgYqBP9PL._SL500_.jpg" alt="Product Image"></a><p>Kitsch Nylon Hair Elastics, No Tangle & No Breakage Hair Ties for Ponytails, Updos & Braids, For All Hair Types, Seamless, Damage Free Hair Accessories for Girls & Women, Blush, 20pcs</p><p> -10% 0FF </p><p>$7.93 ($0.40 / Count)</p><a href="https://www.amazon.com/dp/B08H6V3Q5Y?tag=eloabder-20&linkCode=osi&th=1&psc=1">View Product</a></div><div class="product"><a href="https://www.amazon.com/dp/B009MGKQ0W?tag=eloabder-20&linkCode=osi&th=1&psc=1"><img src="https://m.media-amazon.com/images/I/41pGPMVGZ4L._SL500_.jpg" alt="Product Image"></a><p>GOODY Ouchless Elastic Hair Tie - 50 Count, Neutral Colors - 2MM for Fine to Medium Hair - Pain-Free Hair Accessories for Men, Women, Boys, and Girls - for Long Lasting Braids, Ponytails</p><p> -39% 0FF </p><p>$3.79 ($0.08 / Count)</p><a href="https://www.amazon.com/dp/B009MGKQ0W?tag=eloabder-20&linkCode=osi&th=1&psc=1">View Product</a></div><div class="product"><a href="https://www.amazon.com/dp/B005CSYTCU?tag=eloabder-20&linkCode=osi&th=1&psc=1"><img src="https://m.media-amazon.com/images/I/41og7wvl2GL._SL500_.jpg" alt="Product Image"></a><p>GOODY Ouchless Womens Polyband Elastic Hair Tie - 250 Count, Clear - Fine Hair Accessories to Style With Ease and Keep Your Hair Secured - Perfect for Fun and Unique Hairstyles - Pain-Free</p><p> -39% 0FF </p><p>$4.54 ($0.02 / Count)</p><a href="https://www.amazon.com/dp/B005CSYTCU?tag=eloabder-20&linkCode=osi&th=1&psc=1">View Product</a></div><div class="product"><a href="https://www.amazon.com/dp/B00DFSHD5O?tag=eloabder-20&linkCode=osi&th=1&psc=1"><img src="https://m.media-amazon.com/images/I/41U4OswVDQL._SL500_.jpg" alt="Product Image"></a><p>Goody Ouchless Women's Elastic Hair Ties - 27 Count, Black - 4MM for Medium Hair - Long-Lasting Braids, Ponytails, and More - Pain-Free Hair Accessories (Packaging May Vary)</p><p> -42% 0FF </p><p>$4.27 ($0.16 / Count)</p><a href="https://www.amazon.com/dp/B00DFSHD5O?tag=eloabder-20&linkCode=osi&th=1&psc=1">View Product</a></div><div class="product"><a href="https://www.amazon.com/dp/B001SXPSD2?tag=eloabder-20&linkCode=osi&th=1&psc=1"><img src="https://m.media-amazon.com/images/I/4197dro0RyL._SL500_.jpg" alt="Product Image"></a><p>Scunci by Conair jaw claw clips - hair accessories for women - claw clips for thick hair - claw clip - Black & Tortoise- 2 Count</p><p> -36% 0FF </p><p>$4.99 ($2.50 / Count)</p><a href="https://www.amazon.com/dp/B001SXPSD2?tag=eloabder-20&linkCode=osi&th=1&psc=1">View Product</a></div><div class="product"><a href="https://www.amazon.com/dp/B00DIWQDWQ?tag=eloabder-20&linkCode=osi&th=1&psc=1"><img src="https://m.media-amazon.com/images/I/41YEJFomuGL._SL500_.jpg" alt="Product Image"></a><p>Goody Ouchless Comfort Headwraps - 3 Count(Pack of 1), Assorted Made from Fabric that is Soft and Strong for a Comfortable Fit All Hair Types Pain-Free Accessories Women Girls</p><p> -73% 0FF </p><p>$2.98 ($0.99 / Count)</p><a href="https://www.amazon.com/dp/B00DIWQDWQ?tag=eloabder-20&linkCode=osi&th=1&psc=1">View Product</a></div>
<div class="product"><a href="https://www.amazon.com/dp/B000QXH4PK?tag=eloabder-20&linkCode=osi&th=1&psc=1"><img src="https://m.media-amazon.com/images/I/41SXL+-YzcL._SL500_.jpg" alt="Product Image"></a><p>Listerine Cool Mint Pocketpaks Breath Strips Kills Bad Breath Germs, 24-Strip Pack, 3 Pack</p><p> -18% 0FF </p><p>$5.72 ($0.08 / Count)</p><a href="https://www.amazon.com/dp/B000QXH4PK?tag=eloabder-20&linkCode=osi&th=1&psc=1">View Product</a></div><div class="product"><a href="https://www.amazon.com/dp/B00UB7BO16?tag=eloabder-20&linkCode=osi&th=1&psc=1"><img src="https://m.media-amazon.com/images/I/51JexKE3EDL._SL500_.jpg" alt="Product Image"></a><p>Oral-B Glide Complete with Scope Outlast Mint Flavor Floss Picks 75 Count</p><p> -20% 0FF </p><p>$3.96 ($0.05 / Count)</p><a href="https://www.amazon.com/dp/B00UB7BO16?tag=eloabder-20&linkCode=osi&th=1&psc=1">View Product</a></div><div class="product"><a href="https://www.amazon.com/dp/B0758F8KDC?tag=eloabder-20&linkCode=osi&th=1&psc=1"><img src="https://m.media-amazon.com/images/I/51JvxvVlcIL._SL500_.jpg" alt="Product Image"></a><p>TheraBreath Healthy Gums Mouthwash Clean Mint, Antigingivitis, Dentist Formulated, 16 Fl Oz (2-Pack)</p><p> -37% 0FF </p><p>$17.58 ($0.55 / Fl Oz)</p><a href="https://www.amazon.com/dp/B0758F8KDC?tag=eloabder-20&linkCode=osi&th=1&psc=1">View Product</a></div><div class="product"><a href="https://www.amazon.com/dp/B0BG52SJ5N?tag=eloabder-20&linkCode=osi&th=1&psc=1"><img src="https://m.media-amazon.com/images/I/51PpZUt1LYL._SL500_.jpg" alt="Product Image"></a><p>COSLUS Water Dental Flosser Teeth Pick: Portable Cordless Oral Irrigator 300ML Rechargeable Travel Irrigation Cleaner IPX7 Waterproof Electric Waterflosser Flossing Machine for Teeth Cleaning F5020E</p><p> -25% 0FF </p><p>$29.98</p><a href="https://www.amazon.com/dp/B0BG52SJ5N?tag=eloabder-20&linkCode=osi&th=1&psc=1">View Product</a></div>
<div class="product"><a href="https://www.amazon.com/dp/B005PLQIQ4?tag=eloabder-20&linkCode=osi&th=1&psc=1"><img src="https://m.media-amazon.com/images/I/51DOyE1fx2L._SL500_.jpg" alt="Product Image"></a><p>Crest + Scope Complete Whitening Toothpaste - Pack of 3, 5.4 Oz Tubes - Anticavity Fluoride Toothpaste - Fresh Breath, Kills Germs - Tartar Protection, Enamel Protection - Minty Fresh Flavor</p><p> -10% 0FF </p><p>$9.00 ($0.56 / Ounce)</p><a href="https://www.amazon.com/dp/B005PLQIQ4?tag=eloabder-20&linkCode=osi&th=1&psc=1">View Product</a></div><div class="product"><a href="https://www.amazon.com/dp/B0BLX8VSCH?tag=eloabder-20&linkCode=osi&th=1&psc=1"><img src="https://m.media-amazon.com/images/I/61dvpbGDJjL._SL500_.jpg" alt="Product Image"></a><p>Colgate Max Fresh Whitening Toothpaste with Mini Strips, Clean Mint Toothpaste for Bad Breath, Helps Fight Cavities, Whitens Teeth, and Freshens Breath, 6.3 Ounce (Pack of 4)</p><p> -24% 0FF </p><p>$10.65 ($0.42 / Ounce)</p><a href="https://www.amazon.com/dp/B0BLX8VSCH?tag=eloabder-20&linkCode=osi&th=1&psc=1">View Product</a></div><div class="product"><a href="https://www.amazon.com/dp/B0BLJ68F9R?tag=eloabder-20&linkCode=osi&th=1&psc=1"><img src="https://m.media-amazon.com/images/I/51ccJX66fBL._SL500_.jpg" alt="Product Image"></a><p>Crest Pro-Health Clean Mint Toothpaste (4.3oz) Triple Pack</p><p> -10% 0FF </p><p>$8.97 ($0.70 / Ounce)</p><a href="https://www.amazon.com/dp/B0BLJ68F9R?tag=eloabder-20&linkCode=osi&th=1&psc=1">View Product</a></div><div class="product"><a href="https://www.amazon.com/dp/B0CMW3X9ZK?tag=eloabder-20&linkCode=osi&th=1&psc=1"><img src="https://m.media-amazon.com/images/I/41Y4jxmQuBL._SL500_.jpg" alt="Product Image"></a><p>Crest 3D White Advanced Teeth Whitening Toothpaste, Radiant Mint, 3.3 oz, Pack of 2</p><p> -10% 0FF </p><p>$8.97 ($1.36 / Ounce)</p><a href="https://www.amazon.com/dp/B0CMW3X9ZK?tag=eloabder-20&linkCode=osi&th=1&psc=1">View Product</a></div><div class="product"><a href="https://www.amazon.com/dp/B01BNEWDFQ?tag=eloabder-20&linkCode=osi&th=1&psc=1"><img src="https://m.media-amazon.com/images/I/51ViNDjKZIL._SL500_.jpg" alt="Product Image"></a><p>Colgate Cavity Protection Toothpaste with Fluoride, Great Regular Flavor, 6 Ounce (Pack of 6)</p><p> -16% 0FF </p><p>$11.82 ($0.33 / Ounce)</p><a href="https://www.amazon.com/dp/B01BNEWDFQ?tag=eloabder-20&linkCode=osi&th=1&psc=1">View Product</a></div>
<div class="product"><a href="https://www.amazon.com/dp/B06XK2M3H3?tag=eloabder-20&linkCode=osi&th=1&psc=1"><img src="https://m.media-amazon.com/images/I/41tntn0c7BL._SL500_.jpg" alt="Product Image"></a><p>Oral-B Vivid Dual Action Whitening Toothbrushes, Soft, 4 Count (Packaging and Product Color May Vary)</p><p> -17% 0FF </p><p>$7.49 ($1.87 / Count)</p><a href="https://www.amazon.com/dp/B06XK2M3H3?tag=eloabder-20&linkCode=osi&th=1&psc=1">View Product</a></div><div class="product"><a href="https://www.amazon.com/dp/B00I7HPNHS?tag=eloabder-20&linkCode=osi&th=1&psc=1"><img src="https://m.media-amazon.com/images/I/51Bm+7CrZ2L._SL500_.jpg" alt="Product Image"></a><p>Colgate Toothbrushes Premier Extra Clean ( 12 Toothbrushes)</p><p> -20% 0FF </p><p>$7.99 ($0.67 / Count)</p><a href="https://www.amazon.com/dp/B00I7HPNHS?tag=eloabder-20&linkCode=osi&th=1&psc=1">View Product</a></div><div class="product"><a href="https://www.amazon.com/dp/B08JQCZ71B?tag=eloabder-20&linkCode=osi&th=1&psc=1"><img src="https://m.media-amazon.com/images/I/41Zvcj-EvDL._SL500_.jpg" alt="Product Image"></a><p>Reach Essentials Toothbrush with Toothbrush Caps, Multi-Zoned Angled Soft Bristles, Contoured Handle, Tongue Scraper, 6 Count</p><p> -20% 0FF </p><p>$3.98 ($0.66 / Count)</p><a href="https://www.amazon.com/dp/B08JQCZ71B?tag=eloabder-20&linkCode=osi&th=1&psc=1">View Product</a></div><div class="product"><a href="https://www.amazon.com/dp/B07S9GV83R?tag=eloabder-20&linkCode=osi&th=1&psc=1"><img src="https://m.media-amazon.com/images/I/41ziiRLsaEL._SL500_.jpg" alt="Product Image"></a><p>Colgate 360 Optic White Advanced Whitening Toothbrush, Adult Medium Toothbrush with Whitening Cups, Helps Whiten Teeth and Removes Odor Causing Bacteria, 2 Pack</p><p> -19% 0FF </p><p>$6.96 ($3.48 / Count)</p><a href="https://www.amazon.com/dp/B07S9GV83R?tag=eloabder-20&linkCode=osi&th=1&psc=1">View Product</a></div><div class="product"><a href="https://www.amazon.com/dp/B0BQ1CT7V7?tag=eloabder-20&linkCode=osi&th=1&psc=1"><img src="https://m.media-amazon.com/images/I/41afWttiPjL._SL500_.jpg" alt="Product Image"></a><p>Colgate 360 Whole Mouth Clean Toothbrush, Adult Medium Toothbrushes, 5 Count (Pack of 1)</p><p> -11% 0FF </p><p>$9.99 ($2.00 / Count)</p><a href="https://www.amazon.com/dp/B0BQ1CT7V7?tag=eloabder-20&linkCode=osi&th=1&psc=1">View Product</a></div><div class="product"><a href="https://www.amazon.com/dp/B08172V3Y5?tag=eloabder-20&linkCode=osi&th=1&psc=1"><img src="https://m.media-amazon.com/images/I/41kw3icbwXL._SL500_.jpg" alt="Product Image"></a><p>VIVAGO Biodegradable Bamboo Toothbrushes 10 Pack - BPA Free Soft Bristles Toothbrushes, Eco-Friendly, Compostable Natural Wooden Toothbrush</p><p> -10% 0FF </p><p>$8.98 ($0.90 / Count)</p><a href="https://www.amazon.com/dp/B08172V3Y5?tag=eloabder-20&linkCode=osi&th=1&psc=1">View Product</a></div>
<div class="product"><a href="https://www.amazon.com/dp/B00IRKRK9O?tag=eloabder-20&linkCode=osi&th=1&psc=1"><img src="https://m.media-amazon.com/images/I/51oNh1DLVjL._SL500_.jpg" alt="Product Image"></a><p>TheraBreath Fresh Breath Mouthwash, Icy Mint Flavor, Alcohol-Free, 16 Fl Oz (Pack of 2)</p><p> -15% 0FF </p><p>$15.34 ($0.48 / Fl Oz)</p><a href="https://www.amazon.com/dp/B00IRKRK9O?tag=eloabder-20&linkCode=osi&th=1&psc=1">View Product</a></div><div class="product"><a href="https://www.amazon.com/dp/B0126XBQK6?tag=eloabder-20&linkCode=osi&th=1&psc=1"><img src="https://m.media-amazon.com/images/I/51dT1Mhf3zL._SL500_.jpg" alt="Product Image"></a><p>Crest Pro-Health Advanced Mouthwash, Alcohol Free, Extra Whitening, Energizing Mint Flavor, 946 mL (32 fl oz)</p><p> -19% 0FF </p><p>$7.32 ($0.23 / Fl Oz)</p><a href="https://www.amazon.com/dp/B0126XBQK6?tag=eloabder-20&linkCode=osi&th=1&psc=1">View Product</a></div><div class="product"><a href="https://www.amazon.com/dp/B0B5Y7KCS8?tag=eloabder-20&linkCode=osi&th=1&psc=1"><img src="https://m.media-amazon.com/images/I/51Dmtgp-2ZL._SL500_.jpg" alt="Product Image"></a><p>Listerine Total Care Anticavity Fluoride Mouthwash, Kills 99.9% of Germs That Cause Bad Breath and Prevents Cavities, Fresh Mint Flavor, 1L (Pack of 2)</p><p> -30% 0FF </p><p>$15.96 ($0.24 / Fl Oz)</p><a href="https://www.amazon.com/dp/B0B5Y7KCS8?tag=eloabder-20&linkCode=osi&th=1&psc=1">View Product</a></div><div class="product"><a href="https://www.amazon.com/dp/B0C881GLNM?tag=eloabder-20&linkCode=osi&th=1&psc=1"><img src="https://m.media-amazon.com/images/I/51C2ohy2RWL._SL500_.jpg" alt="Product Image"></a><p>Crest Pro-Health Advanced Mouthwash, Alcohol Free, Multi-Protection, Fresh Mint, 1 L (33.8 fl oz), Pack of 2</p><p> -9% 0FF </p><p>$10.97 ($0.16 / Fl Oz)</p><a href="https://www.amazon.com/dp/B0C881GLNM?tag=eloabder-20&linkCode=osi&th=1&psc=1">View Product</a></div><div class="product"><a href="https://www.amazon.com/dp/B0B5Y2G4HH?tag=eloabder-20&linkCode=osi&th=1&psc=1"><img src="https://m.media-amazon.com/images/I/41KhoumiQGL._SL500_.jpg" alt="Product Image"></a><p>Listerine Freshburst Antiseptic Mouthwash for Bad Breath, Kills 99% of Germs That Cause Bad Breath & Fight Plaque & Gingivitis, ADA Accepted Mouthwash, Spearmint, 1 L, Pack of 2</p><p> -25% 0FF </p><p>$13.96 ($0.21 / Fl Oz)</p><a href="https://www.amazon.com/dp/B0B5Y2G4HH?tag=eloabder-20&linkCode=osi&th=1&psc=1">View Product</a></div><div class="product"><a href="https://www.amazon.com/dp/B005IHSPLQ?tag=eloabder-20&linkCode=osi&th=1&psc=1"><img src="https://m.media-amazon.com/images/I/41iKIAcP6+L._SL500_.jpg" alt="Product Image"></a><p>Listerine Zero Alcohol Mouthwash, Alcohol-Free Oral Rinse to Kill 99% of Germs That Cause Bad Breath for Fresh Breath & Clean Mouth, Less Intense Taste, Cool Mint Flavor, 1 L</p><p> -26% 0FF </p><p>$6.98 ($0.21 / Fl Oz)</p><a href="https://www.amazon.com/dp/B005IHSPLQ?tag=eloabder-20&linkCode=osi&th=1&psc=1">View Product</a></div>
<div class="product"><a href="https://www.amazon.com/dp/B013OKRGWW?tag=eloabder-20&linkCode=osi&th=1&psc=1"><img src="https://m.media-amazon.com/images/I/31JQij0qrGL._SL500_.jpg" alt="Product Image"></a><p>REACH Waxed Dental Floss, Mint, Plaque Remover, Shred Resistant, Extra Wide Cleaning, Gentle on Gums & Teeth, PFAS-Free, Oral Care, for Adults & Kids, 55yd, 1 Pack</p><p> -13% 0FF </p><p>$1.29 ($0.01 / Foot)</p><a href="https://www.amazon.com/dp/B013OKRGWW?tag=eloabder-20&linkCode=osi&th=1&psc=1">View Product</a></div><div class="product"><a href="https://www.amazon.com/dp/B00FZNMHZS?tag=eloabder-20&linkCode=osi&th=1&psc=1"><img src="https://m.media-amazon.com/images/I/31whYdSykoL._SL500_.jpg" alt="Product Image"></a><p>Johnson & Johnson Reach Mint Waxed Dental Floss, 5 Count</p><p> -32% 0FF </p><p>$9.50 ($0.01 / Foot)</p><a href="https://www.amazon.com/dp/B00FZNMHZS?tag=eloabder-20&linkCode=osi&th=1&psc=1">View Product</a></div><div class="product"><a href="https://www.amazon.com/dp/B07WFX1WD2?tag=eloabder-20&linkCode=osi&th=1&psc=1"><img src="https://m.media-amazon.com/images/I/51lqCql47sL._SL500_.jpg" alt="Product Image"></a><p>Oral-B Glide Dental Floss, Scope Flavor, 40m (Pack of 6)</p><p> -5% 0FF </p><p>$18.99 ($0.02 / Foot)</p><a href="https://www.amazon.com/dp/B07WFX1WD2?tag=eloabder-20&linkCode=osi&th=1&psc=1">View Product</a></div><div class="product"><a href="https://www.amazon.com/dp/B013EK49VI?tag=eloabder-20&linkCode=osi&th=1&psc=1"><img src="https://m.media-amazon.com/images/I/31nlcs4SdpL._SL500_.jpg" alt="Product Image"></a><p>REACH Waxed Dental Floss, 200 yds, Mint, Plaque Remover, Shred Resistant, Extra Wide Cleaning, Gentle on Gums & Teeth, PFAS-Free, Oral Care, for Adults & Kids, 1 Pack</p><p> -7% 0FF </p><p>$7.45 ($0.01 / Foot)</p><a href="https://www.amazon.com/dp/B013EK49VI?tag=eloabder-20&linkCode=osi&th=1&psc=1">View Product</a></div>
<div class="product"><a href="https://www.amazon.com/dp/B0BVT76MFH?tag=eloabder-20&linkCode=osi&th=1&psc=1"><img src="https://m.media-amazon.com/images/I/41-2mpIWfYL._SL500_.jpg" alt="Product Image"></a><p>Crest 3D Whitestrips Sensitive At-home Teeth Whitening Kit, 18 Treatments, Gently Removes 15 Years of Stains</p><p> -24% 0FF </p><p>$37.88 ($2.10 / Count)</p><a href="https://www.amazon.com/dp/B0BVT76MFH?tag=eloabder-20&linkCode=osi&th=1&psc=1">View Product</a></div><div class="product"><a href="https://www.amazon.com/dp/B00YPBHU5S?tag=eloabder-20&linkCode=osi&th=1&psc=1"><img src="https://m.media-amazon.com/images/I/51f2CfyycTL._SL500_.jpg" alt="Product Image"></a><p>Crest 3D Whitestrips, Professional Effects, Teeth Whitening Strip Kit, 44 Strips (22 Count Pack)</p><p> -23% 0FF </p><p>$39.94</p><a href="https://www.amazon.com/dp/B00YPBHU5S?tag=eloabder-20&linkCode=osi&th=1&psc=1">View Product</a></div><div class="product"><a href="https://www.amazon.com/dp/B0D7BM9PZB?tag=eloabder-20&linkCode=osi&th=1&psc=1"><img src="https://m.media-amazon.com/images/I/41Nc3jZFaqL._SL500_.jpg" alt="Product Image"></a><p>Teeth Whitening Strips for Sensitive Teeth - Annecal 28 White Strips Enamel Safe for Whiter Teeth, Non-Sensitive Formula, Deep Stains Removal Tooth Whitening, 14 Treatment Enhanced Brightness, Mint</p><p> -33% 0FF </p><p>$19.99 ($0.71 / Count)</p><a href="https://www.amazon.com/dp/B0D7BM9PZB?tag=eloabder-20&linkCode=osi&th=1&psc=1">View Product</a></div><div class="product"><a href="https://www.amazon.com/dp/B082TPDTM2?tag=eloabder-20&linkCode=osi&th=1&psc=1"><img src="https://m.media-amazon.com/images/I/41yMwYlzBGL._SL500_.jpg" alt="Product Image"></a><p>Lumineux Teeth Whitening Strips 21 Treatments – Peroxide Free - Enamel Safe for Whiter Teeth - Whitening Without The Sensitivity - Dentist Formulated and Certified Non-Toxic - Sensitivity Free</p><p> -10% 0FF </p><p>$44.99 ($1.07 / count)</p><a href="https://www.amazon.com/dp/B082TPDTM2?tag=eloabder-20&linkCode=osi&th=1&psc=1">View Product</a></div><div class="product"><a href="https://www.amazon.com/dp/B0B5HN65QQ?tag=eloabder-20&linkCode=osi&th=1&psc=1"><img src="https://m.media-amazon.com/images/I/517JKm6wCpL._SL500_.jpg" alt="Product Image"></a><p>InoPro Teeth Whitening Strips 14 Treatments Kit - Sensitive Teeth Whitener, Peroxide Free, Enamel Safe Green White Strips, Deep Stains Removal - Instant Teeth Whitening Without The Harm (28 Strips)</p><p> -23% 0FF </p><p>$29.99 ($1.07 / Count)</p><a href="https://www.amazon.com/dp/B0B5HN65QQ?tag=eloabder-20&linkCode=osi&th=1&psc=1">View Product</a></div>
<div class="product"><a href="https://www.amazon.com/dp/B0072K2BMG?tag=eloabder-20&linkCode=osi&th=1&psc=1"><img src="https://m.media-amazon.com/images/I/41jVFfZ76tL._SL500_.jpg" alt="Product Image"></a><p>vH essentials, Ph Balanced Daily Feminine Wash, Tea Tree Oil & Prebiotic, 6, Fl Oz, (Pack Of 1) 54306 Clear</p><p> -18% 0FF </p><p>$6.99 ($1.16 / Fl Oz)</p><a href="https://www.amazon.com/dp/B0072K2BMG?tag=eloabder-20&linkCode=osi&th=1&psc=1">View Product</a></div><div class="product"><a href="https://www.amazon.com/dp/B0D5FZGY8W?tag=eloabder-20&linkCode=osi&th=1&psc=1"><img src="https://m.media-amazon.com/images/I/51gWW6a+5uL._SL500_.jpg" alt="Product Image"></a><p>URO Vaginal Probiotics for Women pH Balance with Prebiotics & Lactobacillus Probiotic Blend - Women's Vaginal Health Supplement - Promote Healthy Vaginal Odor & Vaginal Flora, 60 Count (Pack of 1)</p><p> -10% 0FF </p><p>$28.79 ($0.48 / Count)</p><a href="https://www.amazon.com/dp/B0D5FZGY8W?tag=eloabder-20&linkCode=osi&th=1&psc=1">View Product</a></div><div class="product"><a href="https://www.amazon.com/dp/B01IULAUJG?tag=eloabder-20&linkCode=osi&th=1&psc=1"><img src="https://m.media-amazon.com/images/I/51gWC1MsOnL._SL500_.jpg" alt="Product Image"></a><p>Always Infinity Feminine Pads for Women, Size 2, 96 Count, Heavy Flow Absorbency, with Wings, Unscented 32 Count (Pack of 3)</p><p> -35% 0FF </p><p>$17.38 ($0.18 / Count)</p><a href="https://www.amazon.com/dp/B01IULAUJG?tag=eloabder-20&linkCode=osi&th=1&psc=1">View Product</a></div><div class="product"><a href="https://www.amazon.com/dp/B0BYPLPV5P?tag=eloabder-20&linkCode=osi&th=1&psc=1"><img src="https://m.media-amazon.com/images/I/31vw19c9DUL._SL500_.jpg" alt="Product Image"></a><p>The Honey Pot Company - Anti-Itch Soothing Wipes - At Home or On the Go Medicated Feminine Wipes. Temporary Relief of Itching and Discomfort. Maximum Strength - 30 ct.</p><p> -26% 0FF </p><p>$10.39 ($0.35 / Count)</p><a href="https://www.amazon.com/dp/B0BYPLPV5P?tag=eloabder-20&linkCode=osi&th=1&psc=1">View Product</a></div><div class="product"><a href="https://www.amazon.com/dp/B08L4Q75QP?tag=eloabder-20&linkCode=osi&th=1&psc=1"><img src="https://m.media-amazon.com/images/I/41Mo8N3g62L._SL500_.jpg" alt="Product Image"></a><p>Playtex Sport Tampons, Multipack (24ct Regular/24ct Super Absorbency), Fragrance-Free - 48ct</p><p> -29% 0FF </p><p>$9.97 ($0.21 / Count)</p><a href="https://www.amazon.com/dp/B08L4Q75QP?tag=eloabder-20&linkCode=osi&th=1&psc=1">View Product</a></div>
<div class="product"><a href="https://www.amazon.com/dp/B01NCUIII2?tag=eloabder-20&linkCode=osi&th=1&psc=1"><img src="https://m.media-amazon.com/images/I/516gNXGwbTL._SL500_.jpg" alt="Product Image"></a><p>Tampax Pearl Tampons Regular Absorbency, With Leakguard Braid, Unscented, 50 Count</p><p> -10% 0FF </p><p>$9.42 ($0.19 / Count)</p><a href="https://www.amazon.com/dp/B01NCUIII2?tag=eloabder-20&linkCode=osi&th=1&psc=1">View Product</a></div><div class="product"><a href="https://www.amazon.com/dp/B077NHF4FS?tag=eloabder-20&linkCode=osi&th=1&psc=1"><img src="https://m.media-amazon.com/images/I/51oCPmCaG2L._SL500_.jpg" alt="Product Image"></a><p>Tampax Radiant Tampons Multipack, Regular/Super/Super Plus Absorbency, With Leakguard Braid, Unscented, 28 Count X 4 Packs (112 Count Total)</p><p> -7% 0FF </p><p>$29.64 ($0.26 / Count)</p><a href="https://www.amazon.com/dp/B077NHF4FS?tag=eloabder-20&linkCode=osi&th=1&psc=1">View Product</a></div><div class="product"><a href="https://www.amazon.com/dp/B083M2GP97?tag=eloabder-20&linkCode=osi&th=1&psc=1"><img src="https://m.media-amazon.com/images/I/41RnK1xUDqL._SL500_.jpg" alt="Product Image"></a><p>U by Kotex Click Compact Tampons, Super Absorbency, Unscented, 45 Count</p><p> -17% 0FF </p><p>$9.97 ($0.22 / Count)</p><a href="https://www.amazon.com/dp/B083M2GP97?tag=eloabder-20&linkCode=osi&th=1&psc=1">View Product</a></div>
<div class="product"><a href="https://www.amazon.com/dp/B01M1BLRC1?tag=eloabder-20&linkCode=osi&th=1&psc=1"><img src="https://m.media-amazon.com/images/I/51-XQGHg6iL._SL500_.jpg" alt="Product Image"></a><p>Always Maxi Overnight Pads with Wings, Size 5, Extra Heavy Overnight, Unscented, 36 Count</p><p> -5% 0FF </p><p>$10.47 ($0.29 / Count)</p><a href="https://www.amazon.com/dp/B01M1BLRC1?tag=eloabder-20&linkCode=osi&th=1&psc=1">View Product</a></div><div class="product"><a href="https://www.amazon.com/dp/B01IZ5FDNA?tag=eloabder-20&linkCode=osi&th=1&psc=1"><img src="https://m.media-amazon.com/images/I/51EuvaPNa7L._SL500_.jpg" alt="Product Image"></a><p>Always Ultra Thin Feminine Pads with Wings for Women, Super Absorbency, Unscented, Size 2, 126 Count</p><p> -33% 0FF </p><p>$16.00 ($0.13 / Count)</p><a href="https://www.amazon.com/dp/B01IZ5FDNA?tag=eloabder-20&linkCode=osi&th=1&psc=1">View Product</a></div><div class="product"><a href="https://www.amazon.com/dp/B0BG45ZMLB?tag=eloabder-20&linkCode=osi&th=1&psc=1"><img src="https://m.media-amazon.com/images/I/511-kp7efTL._SL500_.jpg" alt="Product Image"></a><p>Always Ultra Thin Daytime Pads with Wings, Size 1, Regular, Unscented, 42 Counts x 3 Packs (126 Count Total)</p><p> -28% 0FF </p><p>$15.33 ($0.12 / Count)</p><a href="https://www.amazon.com/dp/B0BG45ZMLB?tag=eloabder-20&linkCode=osi&th=1&psc=1">View Product</a></div>
<div class="product"><a href="https://www.amazon.com/dp/B086JBZW48?tag=eloabder-20&linkCode=osi&th=1&psc=1"><img src="https://m.media-amazon.com/images/I/419mX5-k8XL._SL500_.jpg" alt="Product Image"></a><p>EcoBlossom Reusable Menstrual Cup Set - The Most Reliable Medical Grade Silicone Period Cups - Comfortably use for 12 Hours (Small & Large)</p><p> -25% 0FF </p><p>$14.99 ($7.50 / Count)</p><a href="https://www.amazon.com/dp/B086JBZW48?tag=eloabder-20&linkCode=osi&th=1&psc=1">View Product</a></div><div class="product"><a href="https://www.amazon.com/dp/B0CY2QM3Q3?tag=eloabder-20&linkCode=osi&th=1&psc=1"><img src="https://m.media-amazon.com/images/I/41GsZ8ifixL._SL500_.jpg" alt="Product Image"></a><p>Reusable Menstrual Cup with Sterilizing Cup | Tampon, Pad, and Disc Alternative</p><p> -23% 0FF </p><p>$9.99</p><a href="https://www.amazon.com/dp/B0CY2QM3Q3?tag=eloabder-20&linkCode=osi&th=1&psc=1">View Product</a></div><div class="product"><a href="https://www.amazon.com/dp/B019632Z0E?tag=eloabder-20&linkCode=osi&th=1&psc=1"><img src="https://m.media-amazon.com/images/I/41q2-srqXeL._SL500_.jpg" alt="Product Image"></a><p>Pixie Menstrual Cup - No Metals or Toxins - 100% Medical-Grade Silicone - Ranked 1 for The Most Soft Reusable Period Cup - Wear 12 Hours - Tampon Alternative - Buy One We Give One (Small)</p><p> -29% 0FF </p><p>$19.95 ($19.95 / Count)</p><a href="https://www.amazon.com/dp/B019632Z0E?tag=eloabder-20&linkCode=osi&th=1&psc=1">View Product</a></div><div class="product"><a href="https://www.amazon.com/dp/B000X29GY6?tag=eloabder-20&linkCode=osi&th=1&psc=1"><img src="https://m.media-amazon.com/images/I/31-khSMUfFL._SL500_.jpg" alt="Product Image"></a><p>Softdisc Menstrual Discs | Disposable Period Discs | Tampon, Pad, and Cup Alternative | Capacity of 3 Super Tampons | HSA or FSA Eligible | 14 Count</p><p> -10% 0FF </p><p>$14.79 ($1.06 / Count)</p><a href="https://www.amazon.com/dp/B000X29GY6?tag=eloabder-20&linkCode=osi&th=1&psc=1">View Product</a></div>
<div class="product"><a href="https://www.amazon.com/dp/B01ARVVTYW?tag=eloabder-20&linkCode=osi&th=1&psc=1"><img src="https://m.media-amazon.com/images/I/41x8sgpA-CL._SL500_.jpg" alt="Product Image"></a><p>Carefree Panty Liners for Women, Regular, Wrapped, Unscented, 54ct | Pantiliners, Carefree Liners, Daily Liners for Women, Light Periods and Leaks, 8-Hour Odor Control | 54ct (Packaging May Vary)</p><p> -33% 0FF </p><p>$3.35 ($0.06 / Count)</p><a href="https://www.amazon.com/dp/B01ARVVTYW?tag=eloabder-20&linkCode=osi&th=1&psc=1">View Product</a></div><div class="product"><a href="https://www.amazon.com/dp/B00NJNJ6O6?tag=eloabder-20&linkCode=osi&th=1&psc=1"><img src="https://m.media-amazon.com/images/I/41J8A9AcBLL._SL500_.jpg" alt="Product Image"></a><p>Carefree Panty Liners for Women, Regular, Unwrapped, Unscented, 120ct | Pantiliners, Carefree Liners, Daily Liners for Women, Light Periods and Leaks, 8-Hour Odor Control | 120ct (Packaging May Vary)</p><p> -35% 0FF </p><p>$6.14 ($0.05 / Count)</p><a href="https://www.amazon.com/dp/B00NJNJ6O6?tag=eloabder-20&linkCode=osi&th=1&psc=1">View Product</a></div><div class="product"><a href="https://www.amazon.com/dp/B00UASJJX6?tag=eloabder-20&linkCode=osi&th=1&psc=1"><img src="https://m.media-amazon.com/images/I/41NJQqZQrOL._SL500_.jpg" alt="Product Image"></a><p>U by Kotex Balance Wrapped Panty Liners, Regular Length, 80 Count (Packaging May Vary)</p><p> -38% 0FF </p><p>$4.99 ($0.06 / Count)</p><a href="https://www.amazon.com/dp/B00UASJJX6?tag=eloabder-20&linkCode=osi&th=1&psc=1">View Product</a></div><div class="product"><a href="https://www.amazon.com/dp/B00UASJM1K?tag=eloabder-20&linkCode=osi&th=1&psc=1"><img src="https://m.media-amazon.com/images/I/41m0POFpI4L._SL500_.jpg" alt="Product Image"></a><p>U by Kotex Balance Daily Wrapped Panty Liners, Light Absorbency, Regular Length, 100 Count (Packaging May Vary)</p><p> -22% 0FF </p><p>$6.24 ($0.06 / Count)</p><a href="https://www.amazon.com/dp/B00UASJM1K?tag=eloabder-20&linkCode=osi&th=1&psc=1">View Product</a></div>
<div class="product"><a href="https://www.amazon.com/dp/B076HFFX3J?tag=eloabder-20&linkCode=osi&th=1&psc=1"><img src="https://m.media-amazon.com/images/I/410TtiZGkvL._SL500_.jpg" alt="Product Image"></a><p>Summer's Eve Simply Sensitive Daily Gentle Feminine Wipes, Removes Odor, pH balanced, 32 count, 4 Pack</p><p> -11% 0FF </p><p>$15.12 ($0.12 / Count)</p><a href="https://www.amazon.com/dp/B076HFFX3J?tag=eloabder-20&linkCode=osi&th=1&psc=1">View Product</a></div><div class="product"><a href="https://www.amazon.com/dp/B01FV02YZ2?tag=eloabder-20&linkCode=osi&th=1&psc=1"><img src="https://m.media-amazon.com/images/I/41mq0T4rupL._SL500_.jpg" alt="Product Image"></a><p>Always Feminine Wipes, Fresh & Clean, Soft Pack, 32 Count</p><p> -42% 0FF </p><p>$3.79 ($0.12 / Count)</p><a href="https://www.amazon.com/dp/B01FV02YZ2?tag=eloabder-20&linkCode=osi&th=1&psc=1">View Product</a></div><div class="product"><a href="https://www.amazon.com/dp/B0D1KXV9ZS?tag=eloabder-20&linkCode=osi&th=1&psc=1"><img src="https://m.media-amazon.com/images/I/311Liu9BWoL._SL500_.jpg" alt="Product Image"></a><p>Vagisil pH Balance Daily Freshening Wipes for Feminine Hygiene in Resealable Pouch, Gynecologist Tested & Hypoallergenic, 20 Wipes (Pack of 1)</p><p> -40% 0FF </p><p>$2.97 ($0.15 / Count)</p><a href="https://www.amazon.com/dp/B0D1KXV9ZS?tag=eloabder-20&linkCode=osi&th=1&psc=1">View Product</a></div><div class="product"><a href="https://www.amazon.com/dp/B078JG7HWT?tag=eloabder-20&linkCode=osi&th=1&psc=1"><img src="https://m.media-amazon.com/images/I/31xeOLgbUdL._SL500_.jpg" alt="Product Image"></a><p>The Honey Pot Company - Feminine Wipes - Daily PH Balancing, Fragrance & Sulfate Free Wipes for Intimate Parts, Body, or Face - Feminine Products - Sensitive 30 ct.</p><p> -28% 0FF </p><p>$7.91 ($0.26 / Count)</p><a href="https://www.amazon.com/dp/B078JG7HWT?tag=eloabder-20&linkCode=osi&th=1&psc=1">View Product</a></div>
<div class="product"><a href="https://www.amazon.com/dp/B0735Q681B?tag=eloabder-20&linkCode=osi&th=1&psc=1"><img src="https://m.media-amazon.com/images/I/41GSnrtq3-L._SL500_.jpg" alt="Product Image"></a><p>SKYN Elite – 36 Count – Ultra-Thin, Lubricated Latex-Free Condoms</p><p> -16% 0FF </p><p>$15.99 ($0.44 / Count)</p><a href="https://www.amazon.com/dp/B0735Q681B?tag=eloabder-20&linkCode=osi&th=1&psc=1">View Product</a></div><div class="product"><a href="https://www.amazon.com/dp/B0073RKL2U?tag=eloabder-20&linkCode=osi&th=1&psc=1"><img src="https://m.media-amazon.com/images/I/51sxGCFULDL._SL500_.jpg" alt="Product Image"></a><p>TROJAN Pleasure Pack Assorted Condoms, Lubricated Condoms Value Pack, 36 Count</p><p> -32% 0FF </p><p>$11.97 ($0.33 / Count)</p><a href="https://www.amazon.com/dp/B0073RKL2U?tag=eloabder-20&linkCode=osi&th=1&psc=1">View Product</a></div><div class="product"><a href="https://www.amazon.com/dp/B0073RBUZ2?tag=eloabder-20&linkCode=osi&th=1&psc=1"><img src="https://m.media-amazon.com/images/I/41xsciTqR7L._SL500_.jpg" alt="Product Image"></a><p>TROJAN Ultra Thin Condoms For Ultra Sensitivity, Lubricated Condoms for Men, America’s Number One Condom, 36 Count Value Pack</p><p> -30% 0FF </p><p>$11.24 ($0.31 / Count)</p><a href="https://www.amazon.com/dp/B0073RBUZ2?tag=eloabder-20&linkCode=osi&th=1&psc=1">View Product</a></div><div class="product"><a href="https://www.amazon.com/dp/B0946VTR1Y?tag=eloabder-20&linkCode=osi&th=1&psc=1"><img src="https://m.media-amazon.com/images/I/41VsQAsg3DL._SL500_.jpg" alt="Product Image"></a><p>TROJAN BareSkin Raw Thin Condoms, Lubricated Condoms For Men, America’s Number One Condom Brand, 24 Count Pack</p><p> -25% 0FF </p><p>$13.07 ($0.54 / Count)</p><a href="https://www.amazon.com/dp/B0946VTR1Y?tag=eloabder-20&linkCode=osi&th=1&psc=1">View Product</a></div><div class="product"><a href="https://www.amazon.com/dp/B0073R7TWU?tag=eloabder-20&linkCode=osi&th=1&psc=1"><img src="https://m.media-amazon.com/images/I/414DiUf9FbL._SL500_.jpg" alt="Product Image"></a><p>TROJAN ENZ Lubricated Condoms, Latex Condoms For Contraception and STI Protection, America’s Number One Condom, 36 Count Value Pack</p><p> -54% 0FF </p><p>$9.26 ($0.26 / Count)</p><a href="https://www.amazon.com/dp/B0073R7TWU?tag=eloabder-20&linkCode=osi&th=1&psc=1">View Product</a></div><div class="product"><a href="https://www.amazon.com/dp/B097F5B2CW?tag=eloabder-20&linkCode=osi&th=1&psc=1"><img src="https://m.media-amazon.com/images/I/51bEsCRMIxL._SL500_.jpg" alt="Product Image"></a><p>Trojan Bareskin Variety Pack Every Thin Premium Lubricated Condoms - 24 Count</p><p> -28% 0FF </p><p>$11.49 ($0.48 / Count)</p><a href="https://www.amazon.com/dp/B097F5B2CW?tag=eloabder-20&linkCode=osi&th=1&psc=1">View Product</a></div><div class="product"><a href="https://www.amazon.com/dp/B004WDRCTI?tag=eloabder-20&linkCode=osi&th=1&psc=1"><img src="https://m.media-amazon.com/images/I/51arxJlXsUL._SL500_.jpg" alt="Product Image"></a><p>TROJAN EXTENDED PLEASURE Climax Control Extended Pleasure Condoms, 12 Count</p><p> -27% 0FF </p><p>$7.98 ($0.66 / Count)</p><a href="https://www.amazon.com/dp/B004WDRCTI?tag=eloabder-20&linkCode=osi&th=1&psc=1">View Product</a></div><div class="product"><a href="https://www.amazon.com/dp/B0083HLPLA?tag=eloabder-20&linkCode=osi&th=1&psc=1"><img src="https://m.media-amazon.com/images/I/51EQMHCwVYL._SL500_.jpg" alt="Product Image"></a><p>TROJAN Magnum Lubricated Large Condoms, Comfortable and Smooth Lubricated Condoms for Men, America’s Number One Condom, 36 Count Pack</p><p> -36% 0FF </p><p>$15.47 ($0.43 / Count)</p><a href="https://www.amazon.com/dp/B0083HLPLA?tag=eloabder-20&linkCode=osi&th=1&psc=1">View Product</a></div><div class="product"><a href="https://www.amazon.com/dp/B004N731ZM?tag=eloabder-20&linkCode=osi&th=1&psc=1"><img src="https://m.media-amazon.com/images/I/41woyNNX1QL._SL500_.jpg" alt="Product Image"></a><p>Lifestyles Skyn Polyisoprene Condoms, 12 Count (Pack of 1)</p><p> -13% 0FF </p><p>$6.99 ($0.58 / Count)</p><a href="https://www.amazon.com/dp/B004N731ZM?tag=eloabder-20&linkCode=osi&th=1&psc=1">View Product</a></div><div class="product"><a href="https://www.amazon.com/dp/B0CD85PD5K?tag=eloabder-20&linkCode=osi&th=1&psc=1"><img src="https://m.media-amazon.com/images/I/51YMzd0CMKL._SL500_.jpg" alt="Product Image"></a><p>Durex Condoms Adventure Pack | Mix of Smooth & Ribbed Condoms Bulk | Condom Variety Pack | Regular Fit Latex Condoms (Includes Durex Extra Sensitive Smooth, Stimulating, & Performax Intense), 144 ct</p><p> -20% 0FF </p><p>$28.00 ($0.19 / Count)</p><a href="https://www.amazon.com/dp/B0CD85PD5K?tag=eloabder-20&linkCode=osi&th=1&psc=1">View Product</a></div>
<div class="product"><a href="https://www.amazon.com/dp/B000CLTYCW?tag=eloabder-20&linkCode=osi&th=1&psc=1"><img src="https://m.media-amazon.com/images/I/41OOYdcG-QL._SL500_.jpg" alt="Product Image"></a><p>Astroglide Water Based Lube (5oz), Liquid Personal Lubricant, Sex Lube, Long-Lasting for Men, Women and Couples, Safe for Toys</p><p> -38% 0FF </p><p>$7.48 ($1.50 / Fl Oz)</p><a href="https://www.amazon.com/dp/B000CLTYCW?tag=eloabder-20&linkCode=osi&th=1&psc=1">View Product</a></div><div class="product"><a href="https://www.amazon.com/dp/B00008NFL0?tag=eloabder-20&linkCode=osi&th=1&psc=1"><img src="https://m.media-amazon.com/images/I/41ZksVV7iHL._SL500_.jpg" alt="Product Image"></a><p>Astroglide Water Based Lube (4oz), Ultra Gentle Gel Personal Lubricant for Vaginal and Anal Sex, Stays Put with No Drip, Sex Lube, Long-Lasting for Men, Women and Couples, Safe for Toys</p><p> -11% 0FF </p><p>$3.98 ($1.00 / Ounce)</p><a href="https://www.amazon.com/dp/B00008NFL0?tag=eloabder-20&linkCode=osi&th=1&psc=1">View Product</a></div><div class="product"><a href="https://www.amazon.com/dp/B00B29WMIQ?tag=eloabder-20&linkCode=osi&th=1&psc=1"><img src="https://m.media-amazon.com/images/I/41N3u7LtJBL._SL500_.jpg" alt="Product Image"></a><p>Lubricant, Durex Massage Gel & Personal Lubricant, Durex Massage & Play 2 in 1 Lubricant, 6.76 oz., Soothing Touch with Aloe Vera</p><p> -11% 0FF </p><p>$9.68 ($1.43 / Fl Oz)</p><a href="https://www.amazon.com/dp/B00B29WMIQ?tag=eloabder-20&linkCode=osi&th=1&psc=1">View Product</a></div><div class="product"><a href="https://www.amazon.com/dp/B004GW9GXU?tag=eloabder-20&linkCode=osi&th=1&psc=1"><img src="https://m.media-amazon.com/images/I/41ubL2N3JBL._SL500_.jpg" alt="Product Image"></a><p>K-Y Ultragel Water Based Personal Lubricant, pH Balanced Lube, Paraben Free, Non-Sticky, Non-Staining, 4.5 fl oz</p><p> -28% 0FF </p><p>$9.99 ($2.22 / Fl Oz)</p><a href="https://www.amazon.com/dp/B004GW9GXU?tag=eloabder-20&linkCode=osi&th=1&psc=1">View Product</a></div>
<div class="product"><a href="https://www.amazon.com/dp/B07BGLT25K?tag=eloabder-20&linkCode=osi&th=1&psc=1"><img src="https://m.media-amazon.com/images/I/51E4cTD1y1L._SL500_.jpg" alt="Product Image"></a><p>Scott ComfortPlus Toilet Paper, 12 Double Rolls, 231 Sheets per Roll, Septic-Safe, 1-Ply Toilet Tissue</p><p> -12% 0FF </p><p>$5.68 ($0.20 / 100 Sheets)</p><a href="https://www.amazon.com/dp/B07BGLT25K?tag=eloabder-20&linkCode=osi&th=1&psc=1">View Product</a></div><div class="product"><a href="https://www.amazon.com/dp/B08L7KWMBQ?tag=eloabder-20&linkCode=osi&th=1&psc=1"><img src="https://m.media-amazon.com/images/I/41Fk482WEaL._SL500_.jpg" alt="Product Image"></a><p>kingheroes Electric Toothbrush Set, Comes with 8 Brush Heads & Travel Case,4 Modes with 2 Minutes Built in Smart Timer, One Charge for 60 Days, 42000 VPM Motor (Pink)</p><p> -75% 0FF </p><p>$9.99</p><a href="https://www.amazon.com/dp/B08L7KWMBQ?tag=eloabder-20&linkCode=osi&th=1&psc=1">View Product</a></div><div class="product"><a href="https://www.amazon.com/dp/B0CFHDV2S8?tag=eloabder-20&linkCode=osi&th=1&psc=1"><img src="https://m.media-amazon.com/images/I/41xOOYd+igL._SL500_.jpg" alt="Product Image"></a><p>Breiboz Pimple Patches for Face, Hydrocolloid Acne Patches, Zit Patches for Day and Night Invisible with Tea Tree, Salicylic Acid & Cica Oil</p><p> -82% 0FF </p><p>$9.09 ($0.03 / Count)</p><a href="https://www.amazon.com/dp/B0CFHDV2S8?tag=eloabder-20&linkCode=osi&th=1&psc=1">View Product</a></div><div class="product"><a href="https://www.amazon.com/dp/B0CDZJ9JJC?tag=eloabder-20&linkCode=osi&th=1&psc=1"><img src="https://m.media-amazon.com/images/I/51eaQ4M7l3L._SL500_.jpg" alt="Product Image"></a><p>Charmin Ultra Soft Toilet Paper 6 Mega Rolls = 24 Regular Rolls</p><p> -27% 0FF </p><p>$7.97 ($0.59 / 100 Sheets)</p><a href="https://www.amazon.com/dp/B0CDZJ9JJC?tag=eloabder-20&linkCode=osi&th=1&psc=1">View Product</a></div><div class="product"><a href="https://www.amazon.com/dp/B09NW92T8Q?tag=eloabder-20&linkCode=osi&th=1&psc=1"><img src="https://m.media-amazon.com/images/I/5125ACWy+CL._SL500_.jpg" alt="Product Image"></a><p>Sparkle Pick-A-Size Paper Towels, 6 Double Rolls = 12 Regular Rolls, Everyday Value Paper Towel With Full And Half Sheets</p><p> -13% 0FF </p><p>$7.28 ($1.10 / 100 Sheets)</p><a href="https://www.amazon.com/dp/B09NW92T8Q?tag=eloabder-20&linkCode=osi&th=1&psc=1">View Product</a></div><div class="product"><a href="https://www.amazon.com/dp/B0CKK43XXS?tag=eloabder-20&linkCode=osi&th=1&psc=1"><img src="https://m.media-amazon.com/images/I/51H5mXFgbsL._SL500_.jpg" alt="Product Image"></a><p>Scott Paper Towels, Choose-A-Sheet, 6 Double Rolls = 12 Regular Rolls (100 Sheets Per Roll)</p><p> -20% 0FF </p><p>$6.84 ($1.14 / 100 Sheets)</p><a href="https://www.amazon.com/dp/B0CKK43XXS?tag=eloabder-20&linkCode=osi&th=1&psc=1">View Product</a></div><div class="product"><a href="https://www.amazon.com/dp/B09NW83XJ2?tag=eloabder-20&linkCode=osi&th=1&psc=1"><img src="https://m.media-amazon.com/images/I/51vCc1LlPYL._SL500_.jpg" alt="Product Image"></a><p>Sparkle Pick-A-Size Paper Towels, Spirited Prints, 6 Double Rolls = 12 Regular Rolls, Everyday Value Paper Towel With Full And Half Sheets</p><p> -13% 0FF </p><p>$7.28 ($1.10 / 100 Sheets)</p><a href="https://www.amazon.com/dp/B09NW83XJ2?tag=eloabder-20&linkCode=osi&th=1&psc=1">View Product</a></div>



<div class="product"><a href="https://www.amazon.com/dp/B07KRMQ8W6?tag=eloabder-20&linkCode=osi&th=1&psc=1"><img src="https://m.media-amazon.com/images/I/31-2HjYAfiL._SL500_.jpg" alt="Product Image"></a><p>Bactine MAX First Aid Spray - Pain Relief Cleansing Spray with 4% Lidocaine - Numbing Lidocaine Spray Kills 99.9% of Germs - Pain + Itch Relief for Minor Cuts & Scrapes, Burns & Bug Bites - 5oz</p><p> -28% 0FF </p><p>$5.74 ($1.15 / Fl Oz)</p><a href="https://www.amazon.com/dp/B07KRMQ8W6?tag=eloabder-20&linkCode=osi&th=1&psc=1">View Product</a></div><div class="product"><a href="https://www.amazon.com/dp/B010VE7BS8?tag=eloabder-20&linkCode=osi&th=1&psc=1"><img src="https://m.media-amazon.com/images/I/41qfuMfsQoL._SL500_.jpg" alt="Product Image"></a><p>Band-Aid Brand Cushion Care Non-Stick Gauze Pads, Individually-Wrapped, Medium, 3 in x 3 in, 10 ct</p><p> -33% 0FF </p><p>$2.28 ($0.23 / Count)</p><a href="https://www.amazon.com/dp/B010VE7BS8?tag=eloabder-20&linkCode=osi&th=1&psc=1">View Product</a></div><div class="product"><a href="https://www.amazon.com/dp/B09RD87NGV?tag=eloabder-20&linkCode=osi&th=1&psc=1"><img src="https://m.media-amazon.com/images/I/418Vl5rxFQL._SL500_.jpg" alt="Product Image"></a><p>Nexcare Gentle Paper Tape, Medical Paper Tape, Secures Dressings and Lifts Away Gently - 1 In x 10 Yds, 2 Rolls of Tape</p><p> -37% 0FF </p><p>$3.99 ($2.00 / Count)</p><a href="https://www.amazon.com/dp/B09RD87NGV?tag=eloabder-20&linkCode=osi&th=1&psc=1">View Product</a></div><div class="product"><a href="https://www.amazon.com/dp/B0BQWYRXPT?tag=eloabder-20&linkCode=osi&th=1&psc=1"><img src="https://m.media-amazon.com/images/I/411xH4LwE1L._SL500_.jpg" alt="Product Image"></a><p>Dermoplast Wound Wipes Medicated First Aid Cloths, Analgesic & Antiseptic Wipes for Treating Minor Cuts, Scrapes and Burns on The Go, Sting Free Formula, 10 Individual Cloths (Packaging May Vary)</p><p> -38% 0FF </p><p>$8.00 ($0.80 / Count)</p><a href="https://www.amazon.com/dp/B0BQWYRXPT?tag=eloabder-20&linkCode=osi&th=1&psc=1">View Product</a></div><div class="product"><a href="https://www.amazon.com/dp/B09N1R2WSS?tag=eloabder-20&linkCode=osi&th=1&psc=1"><img src="https://m.media-amazon.com/images/I/31Y2u8YVFiL._SL500_.jpg" alt="Product Image"></a><p>Band-Aid Brand Pain Relieving Antiseptic Cleansing Spray, Pramoxine HCl, 8 fl. Oz</p><p> -5% 0FF </p><p>$8.02 ($1.00 / Fl Oz)</p><a href="https://www.amazon.com/dp/B09N1R2WSS?tag=eloabder-20&linkCode=osi&th=1&psc=1">View Product</a></div><div class="product"><a href="https://www.amazon.com/dp/B076FS9RYL?tag=eloabder-20&linkCode=osi&th=1&psc=1"><img src="https://m.media-amazon.com/images/I/51A3wOry1oL._SL500_.jpg" alt="Product Image"></a><p>General Medi 160 Piece First Aid Kit Bag Refill Kit - Includes Eyewash, Instant Cold Pack, Bandages,Emergency Blanket, Moleskin Pad, Gauze - Extra Replacement Medical Supplies for First Aid</p><p> -25% 0FF </p><p>$14.95</p><a href="https://www.amazon.com/dp/B076FS9RYL?tag=eloabder-20&linkCode=osi&th=1&psc=1">View Product</a></div>
<div class="product"><a href="https://www.amazon.com/dp/B07W7BHM2R?tag=eloabder-20&linkCode=osi&th=1&psc=1"><img src="https://m.media-amazon.com/images/I/41tq1TfsR6L._SL500_.jpg" alt="Product Image"></a><p>Fanwer Toilet Aids for Wiping - 15.7" Long Reach Comfort Butt Wiper Tools - Bathroom Bottom Buddy Wiping Self Assist for Disabled,Elderly,Pregnant,Overweight People and Back Surgery Recovery (2 Pack)</p><p> -12% 0FF </p><p>$14.99 ($7.50 / Count)</p><a href="https://www.amazon.com/dp/B07W7BHM2R?tag=eloabder-20&linkCode=osi&th=1&psc=1">View Product</a></div><div class="product"><a href="https://www.amazon.com/dp/B0151FP9AY?tag=eloabder-20&linkCode=osi&th=1&psc=1"><img src="https://m.media-amazon.com/images/I/31aU3GgS78S._SL500_.jpg" alt="Product Image"></a><p>Juvo Toilet Aid - 18” Long Reach Personal Wiping Aid with Hygienic Cover - Easy Use Comfort Self Wiper for Toileting (SATA01)</p><p> -11% 0FF </p><p>$24.99</p><a href="https://www.amazon.com/dp/B0151FP9AY?tag=eloabder-20&linkCode=osi&th=1&psc=1">View Product</a></div><div class="product"><a href="https://www.amazon.com/dp/B0BFB93583?tag=eloabder-20&linkCode=osi&th=1&psc=1"><img src="https://m.media-amazon.com/images/I/310TRP10uvL._SL500_.jpg" alt="Product Image"></a><p>Toilet Aids Set for Wiping - Long Handle Butt Wiper for People Overweight, Elderly and Disabled, Bottom Buddy Wiping Aid for Bathroom ( 4PCS Personal Hygiene Kit )</p><p> -43% 0FF </p><p>$19.95 ($19.95 / Count)</p><a href="https://www.amazon.com/dp/B0BFB93583?tag=eloabder-20&linkCode=osi&th=1&psc=1">View Product</a></div>



<div class="product"><a href="https://www.amazon.com/dp/B000Q6WAFG?tag=eloabder-20&linkCode=osi&th=1&psc=1"><img src="https://m.media-amazon.com/images/I/31LASXSqc+L._SL500_.jpg" alt="Product Image"></a><p>Gillette Shaving Cream</p><p> -5% 0FF </p><p>$2.47 ($0.22 / Ounce)</p><a href="https://www.amazon.com/dp/B000Q6WAFG?tag=eloabder-20&linkCode=osi&th=1&psc=1">View Product</a></div><div class="product"><a href="https://www.amazon.com/dp/B01CKC8O9Y?tag=eloabder-20&linkCode=osi&th=1&psc=1"><img src="https://m.media-amazon.com/images/I/31e7qUv0w3L._SL500_.jpg" alt="Product Image"></a><p>Cremo Barber Grade Cooling Shave Cream, Astonishingly Superior Ultra-Slick Shaving Cream for Men, Fights Nicks, Cuts and Razor Burn, 6 Fl Oz</p><p> -20% 0FF </p><p>$7.97 ($1.33 / Ounce)</p><a href="https://www.amazon.com/dp/B01CKC8O9Y?tag=eloabder-20&linkCode=osi&th=1&psc=1">View Product</a></div><div class="product"><a href="https://www.amazon.com/dp/B08QB3V7HK?tag=eloabder-20&linkCode=osi&th=1&psc=1"><img src="https://m.media-amazon.com/images/I/51C8qpNYbWL._SL500_.jpg" alt="Product Image"></a><p>Skintimate Coconut Delight Shave Gel for Women, 3 Pack | Skintimate Shaving Cream for Women, Womens Shaving Cream, Shave Cream, Shaving Foam, Womens Shave Gel, Pack of 3, 7oz each</p><p> -19% 0FF </p><p>$9.71 ($0.46 / Ounce)</p><a href="https://www.amazon.com/dp/B08QB3V7HK?tag=eloabder-20&linkCode=osi&th=1&psc=1">View Product</a></div><div class="product"><a href="https://www.amazon.com/dp/B07C8XGF63?tag=eloabder-20&linkCode=osi&th=1&psc=1"><img src="https://m.media-amazon.com/images/I/41EST2aAOmL._SL500_.jpg" alt="Product Image"></a><p>Cremo Barber Grade Original Shave Cream Classic Citrus Moisturizing Formula, Astonishingly Superior Ultra-Slick Shaving Cream Fights Nicks, Cuts and Razor Burn, 6 Fl Oz (2 Pack)</p><p> -20% 0FF </p><p>$15.94 ($1.33 / Fl Oz)</p><a href="https://www.amazon.com/dp/B07C8XGF63?tag=eloabder-20&linkCode=osi&th=1&psc=1">View Product</a></div><div class="product"><a href="https://www.amazon.com/dp/B00Q1L9Q0W?tag=eloabder-20&linkCode=osi&th=1&psc=1"><img src="https://m.media-amazon.com/images/I/41m5NDPkYuL._SL500_.jpg" alt="Product Image"></a><p>Barbasol Thick & Rich Shaving Cream, Original 10 oz (Value Pack of 3)</p><p> -40% 0FF </p><p>$11.44 ($3.81 / Count)</p><a href="https://www.amazon.com/dp/B00Q1L9Q0W?tag=eloabder-20&linkCode=osi&th=1&psc=1">View Product</a></div>
<div class="product"><a href="https://www.amazon.com/dp/B0001LQGPG?tag=eloabder-20&linkCode=osi&th=1&psc=1"><img src="https://m.media-amazon.com/images/I/51V5N3IVEwL._SL500_.jpg" alt="Product Image"></a><p>Gillette Sensor3 Sensitive Men's Disposable Razor, 4 Razors</p><p> -22% 0FF </p><p>$6.97 ($1.74 / Count)</p><a href="https://www.amazon.com/dp/B0001LQGPG?tag=eloabder-20&linkCode=osi&th=1&psc=1">View Product</a></div><div class="product"><a href="https://www.amazon.com/dp/B002L5WFT6?tag=eloabder-20&linkCode=osi&th=1&psc=1"><img src="https://m.media-amazon.com/images/I/413g3af4kiL._SL500_.jpg" alt="Product Image"></a><p>BIC Soleil Smooth Scented Women’s Disposable Razor, 3 Blades with a Moisture Strip For a Silky Shave, Assorted, 4 Piece Razor Set</p><p> -51% 0FF </p><p>$4.92 ($1.23 / Count)</p><a href="https://www.amazon.com/dp/B002L5WFT6?tag=eloabder-20&linkCode=osi&th=1&psc=1">View Product</a></div><div class="product"><a href="https://www.amazon.com/dp/B0787JNN97?tag=eloabder-20&linkCode=osi&th=1&psc=1"><img src="https://m.media-amazon.com/images/I/41H+SqazA0L._SL500_.jpg" alt="Product Image"></a><p>BIC Soleil Smooth Colors Women's Disposable Razors With Aloe Vera and vitamin E Lubricating Strip for Enhanced Glide, With 3 Blades, 14 Count</p><p> -39% 0FF </p><p>$13.95 ($1.00 / Count)</p><a href="https://www.amazon.com/dp/B0787JNN97?tag=eloabder-20&linkCode=osi&th=1&psc=1">View Product</a></div><div class="product"><a href="https://www.amazon.com/dp/B08J94S65H?tag=eloabder-20&linkCode=osi&th=1&psc=1"><img src="https://m.media-amazon.com/images/I/51K2Cnt2eRL._SL500_.jpg" alt="Product Image"></a><p>Schick Xtreme 3 Original Razor — Disposable Head Razor for Sensitive Skin, 12 Count</p><p> -12% 0FF </p><p>$14.97 ($1.25 / Count)</p><a href="https://www.amazon.com/dp/B08J94S65H?tag=eloabder-20&linkCode=osi&th=1&psc=1">View Product</a></div>
<div class="product"><a href="https://www.amazon.com/dp/B01HTJTPZA?tag=eloabder-20&linkCode=osi&th=1&psc=1"><img src="https://m.media-amazon.com/images/I/618IrjjMkUL._SL500_.jpg" alt="Product Image"></a><p>Dove Advanced Care Antiperspirant Deodorant Stick Cool Essentials 4 ct for helping your skin barrier repair after shaving 72 hour odor control and sweat protection with Pro Ceramide Technology 2.6 oz</p><p> -43% 0FF </p><p>$13.98 ($1.34 / Ounce)</p><a href="https://www.amazon.com/dp/B01HTJTPZA?tag=eloabder-20&linkCode=osi&th=1&psc=1">View Product</a></div><div class="product"><a href="https://www.amazon.com/dp/B01HTJTMF8?tag=eloabder-20&linkCode=osi&th=1&psc=1"><img src="https://m.media-amazon.com/images/I/61k+x5yZyML._SL500_.jpg" alt="Product Image"></a><p>Dove Men + Care Antiperspirant Deodorant, 72hr Sweat & Odor Protection, Vitamin E, Triple Moisturizer, 4 Pack</p><p> -21% 0FF </p><p>$15.48 ($1.43 / Ounce)</p><a href="https://www.amazon.com/dp/B01HTJTMF8?tag=eloabder-20&linkCode=osi&th=1&psc=1">View Product</a></div><div class="product"><a href="https://www.amazon.com/dp/B072J2ZBPY?tag=eloabder-20&linkCode=osi&th=1&psc=1"><img src="https://m.media-amazon.com/images/I/41Th2KQyzlL._SL500_.jpg" alt="Product Image"></a><p>Degree Men UltraClear Antiperspirant Deodorant Black + White 72-Hour Sweat & Odor Protection Antiperspirant For Men With MotionSense Technology 2.7 Ounce (Pack of 4)</p><p> -19% 0FF </p><p>$15.96 ($1.48 / Ounce)</p><a href="https://www.amazon.com/dp/B072J2ZBPY?tag=eloabder-20&linkCode=osi&th=1&psc=1">View Product</a></div><div class="product"><a href="https://www.amazon.com/dp/B0080PEM3S?tag=eloabder-20&linkCode=osi&th=1&psc=1"><img src="https://m.media-amazon.com/images/I/61a+r3V48HL._SL500_.jpg" alt="Product Image"></a><p>Degree Advanced Protection Antiperspirant Deodorant White Flowers & Lychee for 72-Hour Sweat & Odor Control for Women, with Body Heat Activated Technology, 2.6 oz</p><p> -6% 0FF </p><p>$4.99 ($1.92 / Ounce)</p><a href="https://www.amazon.com/dp/B0080PEM3S?tag=eloabder-20&linkCode=osi&th=1&psc=1">View Product</a></div><div class="product"><a href="https://www.amazon.com/dp/B08ZH6P1NY?tag=eloabder-20&linkCode=osi&th=1&psc=1"><img src="https://m.media-amazon.com/images/I/51D2Klixa3L._SL500_.jpg" alt="Product Image"></a><p>Speed Stick Men's Deodorant, Regular, 3 Ounce, 4 Pack</p><p> -10% 0FF </p><p>$8.97 ($0.75 / Ounce)</p><a href="https://www.amazon.com/dp/B08ZH6P1NY?tag=eloabder-20&linkCode=osi&th=1&psc=1">View Product</a></div><div class="product"><a href="https://www.amazon.com/dp/B002VUAM46?tag=eloabder-20&linkCode=osi&th=1&psc=1"><img src="https://m.media-amazon.com/images/I/51+tUdTWg0L._SL500_.jpg" alt="Product Image"></a><p>Degree Men Antiperspirant Deodorant Adventure Freshness and Odor Protection Deodorant for Men 2.7 Oz, (Pack of 4) Woodsy, Stick</p><p> -39% 0FF </p><p>$11.98 ($1.11 / Ounce)</p><a href="https://www.amazon.com/dp/B002VUAM46?tag=eloabder-20&linkCode=osi&th=1&psc=1">View Product</a></div>
<div class="product"><a href="https://www.amazon.com/dp/B0BV4SCSBH?tag=eloabder-20&linkCode=osi&th=1&psc=1"><img src="https://m.media-amazon.com/images/I/61TxQVLN5DL._SL500_.jpg" alt="Product Image"></a><p>Dove Body Wash Deep Moisture 4 Count For Dry Skin Moisturizing Skin Cleanser with 24hr Renewing MicroMoisture Nourishes The Driest Skin 20 oz</p><p> -24% 0FF </p><p>$19.70 ($0.25 / Fl Oz)</p><a href="https://www.amazon.com/dp/B0BV4SCSBH?tag=eloabder-20&linkCode=osi&th=1&psc=1">View Product</a></div><div class="product"><a href="https://www.amazon.com/dp/B082QB23YG?tag=eloabder-20&linkCode=osi&th=1&psc=1"><img src="https://m.media-amazon.com/images/I/31QPAuuaLwL._SL500_.jpg" alt="Product Image"></a><p>NIVEA Refreshing White Peach and Jasmine Body Wash, Scented Body Wash with Nourishing Serum, Plant-Derived Oils, Essential Skin Lipids and Vitamins, 20 Fl Oz Bottle</p><p> -25% 0FF </p><p>$6.00 ($0.30 / Fl Oz)</p><a href="https://www.amazon.com/dp/B082QB23YG?tag=eloabder-20&linkCode=osi&th=1&psc=1">View Product</a></div><div class="product"><a href="https://www.amazon.com/dp/B0BT1VXDGD?tag=eloabder-20&linkCode=osi&th=1&psc=1"><img src="https://m.media-amazon.com/images/I/217eAv7yKyL._SL500_.jpg" alt="Product Image"></a><p>Method Body Wash, Pure Peace, Paraben and Phthalate Free, Biodegradable Formula, 28 oz (Pack of 1)</p><p> -13% 0FF </p><p>$9.99 ($0.36 / Fl Oz)</p><a href="https://www.amazon.com/dp/B0BT1VXDGD?tag=eloabder-20&linkCode=osi&th=1&psc=1">View Product</a></div><div class="product"><a href="https://www.amazon.com/dp/B0CK51LYDN?tag=eloabder-20&linkCode=osi&th=1&psc=1"><img src="https://m.media-amazon.com/images/I/51oaEavRWNL._SL500_.jpg" alt="Product Image"></a><p>Dr Teal's Body Wash with Pure Epsom Salt, Glow & Radiance with Vitamin C & Citrus Essential Oils, 24oz (Pack of 2) (Packaging May Vary)</p><p> -23% 0FF </p><p>$10.00 ($0.21 / Fl Oz)</p><a href="https://www.amazon.com/dp/B0CK51LYDN?tag=eloabder-20&linkCode=osi&th=1&psc=1">View Product</a></div><div class="product"><a href="https://www.amazon.com/dp/B0BT1WN3ZD?tag=eloabder-20&linkCode=osi&th=1&psc=1"><img src="https://m.media-amazon.com/images/I/21GMn0pFzCL._SL500_.jpg" alt="Product Image"></a><p>Method Body Wash, Sea + Surf, Paraben and Phthalate Free, Biodegradable Formula, 28 oz, (Pack of 1)</p><p> -13% 0FF </p><p>$9.99 ($0.36 / Fl Oz)</p><a href="https://www.amazon.com/dp/B0BT1WN3ZD?tag=eloabder-20&linkCode=osi&th=1&psc=1">View Product</a></div><div class="product"><a href="https://www.amazon.com/dp/B0BT1WL6KY?tag=eloabder-20&linkCode=osi&th=1&psc=1"><img src="https://m.media-amazon.com/images/I/21jeYtt0GbL._SL500_.jpg" alt="Product Image"></a><p>Method Body Wash, Simply Nourish, Paraben and Phthalate Free, Biodegradable Formula, 28 oz (Pack of 1)</p><p> -20% 0FF </p><p>$11.00 ($0.39 / Fl Oz)</p><a href="https://www.amazon.com/dp/B0BT1WL6KY?tag=eloabder-20&linkCode=osi&th=1&psc=1">View Product</a></div><div class="product"><a href="https://www.amazon.com/dp/B082QBPDJC?tag=eloabder-20&linkCode=osi&th=1&psc=1"><img src="https://m.media-amazon.com/images/I/31tC4JDwHQL._SL500_.jpg" alt="Product Image"></a><p>NIVEA Coconut and Almond Milk Body Wash with Nourishing Serum, 20 Fl Oz Bottle</p><p> -34% 0FF </p><p>$5.29 ($0.26 / Fl Oz)</p><a href="https://www.amazon.com/dp/B082QBPDJC?tag=eloabder-20&linkCode=osi&th=1&psc=1">View Product</a></div><div class="product"><a href="https://www.amazon.com/dp/B09GN14Y2S?tag=eloabder-20&linkCode=osi&th=1&psc=1"><img src="https://m.media-amazon.com/images/I/41UAqKPL6XL._SL500_.jpg" alt="Product Image"></a><p>Irish Spring Mens Body Wash, Moisture Blast Body Wash for Men, Feel Fresh All Day, 30 Oz Pump Bottle</p><p> -13% 0FF </p><p>$6.94 ($0.23 / Fl Oz)</p><a href="https://www.amazon.com/dp/B09GN14Y2S?tag=eloabder-20&linkCode=osi&th=1&psc=1">View Product</a></div><div class="product"><a href="https://www.amazon.com/dp/B09M7SPFSJ?tag=eloabder-20&linkCode=osi&th=1&psc=1"><img src="https://m.media-amazon.com/images/I/31EHpflVh5L._SL500_.jpg" alt="Product Image"></a><p>Ivory Gentle Body Wash, Designed for the Whole Family, Free of Dyes Heavy Perfumes Parabens Phthalates & Silicones, Original Scent, 35 oz</p><p> -15% 0FF </p><p>$5.97 ($0.17 / Fl Oz)</p><a href="https://www.amazon.com/dp/B09M7SPFSJ?tag=eloabder-20&linkCode=osi&th=1&psc=1">View Product</a></div>


<div class="product"><a href="https://www.amazon.com/dp/B086V843R8?tag=eloabder-20&linkCode=osi&th=1&psc=1"><img src="https://m.media-amazon.com/images/I/410evC+SQHL._SL500_.jpg" alt="Product Image"></a><p>ANAI RUI Turmeric Clay Mask - Green Tea Clay Mask - Dead Sea Minerals Mud Mask, Spa Facial Mask Set, Face Mask Gift Set 2.5 oz each</p><p> -23% 0FF </p><p>$22.99</p><a href="https://www.amazon.com/dp/B086V843R8?tag=eloabder-20&linkCode=osi&th=1&psc=1">View Product</a></div><div class="product"><a href="https://www.amazon.com/dp/B0BSZ23FTF?tag=eloabder-20&linkCode=osi&th=1&psc=1"><img src="https://m.media-amazon.com/images/I/31GRN7P2p8L._SL500_.jpg" alt="Product Image"></a><p>Bubble Skincare Slam Dunk Face Moisturizer - Hydrating Face Cream for Dry Skin Made with Vitamin E + Aloe Vera Juice for a Glowing Complexion - Skin Care with Blue Light Protection (50ml)</p><p> -12% 0FF </p><p>$14.98 ($8.81 / Ounce)</p><a href="https://www.amazon.com/dp/B0BSZ23FTF?tag=eloabder-20&linkCode=osi&th=1&psc=1">View Product</a></div><div class="product"><a href="https://www.amazon.com/dp/B000VPPUEA?tag=eloabder-20&linkCode=osi&th=1&psc=1"><img src="https://m.media-amazon.com/images/I/31e4JzjWhkL._SL500_.jpg" alt="Product Image"></a><p>Bio-Oil Skincare Body Oil, Vitamin E, Serum for Scars & Stretchmarks, Face & Body Moisturizer, 2 oz, All Skin Types</p><p> -18% 0FF </p><p>$11.12 ($5.56 / Fl Oz)</p><a href="https://www.amazon.com/dp/B000VPPUEA?tag=eloabder-20&linkCode=osi&th=1&psc=1">View Product</a></div>

<div class="product"><a href="https://www.amazon.com/dp/B0719GRD5R?tag=eloabder-20&linkCode=osi&th=1&psc=1"><img src="https://m.media-amazon.com/images/I/31d9NvTUowL._SL500_.jpg" alt="Product Image"></a><p>Clean & Clear Deep Action Exfoliating Cleanser with Pro-Vitamin B5, Gentle Exfoliating Daily Face Scrub Cleans Deep Down to the Pore for Soft, Smooth, Hydrated Skin, Oil Free Face Wash, 7 FL OZ</p><p> -39% 0FF </p><p>$5.97 ($0.85 / Fl Oz)</p><a href="https://www.amazon.com/dp/B0719GRD5R?tag=eloabder-20&linkCode=osi&th=1&psc=1">View Product</a></div>

<div class="product"><a href="https://www.amazon.com/dp/B00U2KYUAY?tag=eloabder-20&linkCode=osi&th=1&psc=1"><img src="https://m.media-amazon.com/images/I/516ldzLw1iL._SL500_.jpg" alt="Product Image"></a><p>PURELL Advanced Hand Sanitizer Soothing Gel, Fresh Scent, 8 fl oz Pump Bottle (Pack of 4), 9674-06-ECDECO</p><p> -25% 0FF </p><p>$14.99 ($0.47 / Fl Oz)</p><a href="https://www.amazon.com/dp/B00U2KYUAY?tag=eloabder-20&linkCode=osi&th=1&psc=1">View Product</a></div><div class="product"><a href="https://www.amazon.com/dp/B087781VTJ?tag=eloabder-20&linkCode=osi&th=1&psc=1"><img src="https://m.media-amazon.com/images/I/31OkRWcr12L._SL500_.jpg" alt="Product Image"></a><p>PURELL Advanced Hand Sanitizer Refreshing Gel, Clean Scent, 1 Liter Pump Bottle (Pack of 1) - 9632-04-CMR</p><p> -27% 0FF </p><p>$10.99 ($0.33 / Fl Oz)</p><a href="https://www.amazon.com/dp/B087781VTJ?tag=eloabder-20&linkCode=osi&th=1&psc=1">View Product</a></div><div class="product"><a href="https://www.amazon.com/dp/B08D6V7BLY?tag=eloabder-20&linkCode=osi&th=1&psc=1"><img src="https://m.media-amazon.com/images/I/31jNnpJBhbL._SL500_.jpg" alt="Product Image"></a><p>Purell 64 Oz. Advanced Instant Hand Sanitizer Gel Refill</p><p> -17% 0FF </p><p>$9.95 ($0.16 / Fl Oz)</p><a href="https://www.amazon.com/dp/B08D6V7BLY?tag=eloabder-20&linkCode=osi&th=1&psc=1">View Product</a></div><div class="product"><a href="https://www.amazon.com/dp/B0889WWM49?tag=eloabder-20&linkCode=osi&th=1&psc=1"><img src="https://m.media-amazon.com/images/I/51KTBSE1ZwL._SL500_.jpg" alt="Product Image"></a><p>Germ-X Original Hand Sanitizer, Moisturizing Gel with Vitamin E, Instant and No Rinse Formula, Back to School Supplies College, 8 Fl Oz Pump Bottle (Pack of 12)</p><p> -35% 0FF </p><p>$23.64 ($0.25 / Fl Oz)</p><a href="https://www.amazon.com/dp/B0889WWM49?tag=eloabder-20&linkCode=osi&th=1&psc=1">View Product</a></div>
<div class="product"><a href="https://www.amazon.com/dp/B00A8S6HM4?tag=eloabder-20&linkCode=osi&th=1&psc=1"><img src="https://m.media-amazon.com/images/I/31tIssP5CQL._SL500_.jpg" alt="Product Image"></a><p>Gold Bond Healing Hand Cream, 3 oz., With Aloe, Moisture That Lasts Through Handwashing</p><p> -12% 0FF </p><p>$3.97 ($1.32 / Ounce)</p><a href="https://www.amazon.com/dp/B00A8S6HM4?tag=eloabder-20&linkCode=osi&th=1&psc=1">View Product</a></div><div class="product"><a href="https://www.amazon.com/dp/B0034F9K36?tag=eloabder-20&linkCode=osi&th=1&psc=1"><img src="https://m.media-amazon.com/images/I/319i3EFVPvL._SL500_.jpg" alt="Product Image"></a><p>Jergens Ultra Healing Dry Skin Moisturizer, Body and Hand Lotion for Dry Skin, for Quick Absorption into Extra Dry Skin, with HYDRALUCENCE blend, Vitamins C, E, and B5, 32 Ounce</p><p> -33% 0FF </p><p>$8.17 ($0.26 / Fl Oz)</p><a href="https://www.amazon.com/dp/B0034F9K36?tag=eloabder-20&linkCode=osi&th=1&psc=1">View Product</a></div><div class="product"><a href="https://www.amazon.com/dp/B00008J2XQ?tag=eloabder-20&linkCode=osi&th=1&psc=1"><img src="https://m.media-amazon.com/images/I/419MsgGjzvL._SL500_.jpg" alt="Product Image"></a><p>Aveeno Skin Relief Intense Moisture Hand Cream with Soothing Prebiotic Oat for Dry Skin, Sensitive Skin Cream Softens & Smooths Hands & Lasts Through Hand Washing, Fragrance-Free, 3.5 oz</p><p> -31% 0FF </p><p>$8.79 ($2.51 / Fl Oz)</p><a href="https://www.amazon.com/dp/B00008J2XQ?tag=eloabder-20&linkCode=osi&th=1&psc=1">View Product</a></div><div class="product"><a href="https://www.amazon.com/dp/B0CWVSNVG6?tag=eloabder-20&linkCode=osi&th=1&psc=1"><img src="https://m.media-amazon.com/images/I/31hjLpzc8DL._SL500_.jpg" alt="Product Image"></a><p>Gold Bond Healing Hydrating Lotion with Aloe Moisturizes, Heals & Smooths Dry Skin, Delivers Immediate 24-Hour Hydration, Value Size, 24 oz.</p><p> -26% 0FF </p><p>$9.99 ($0.42 / Fl Oz)</p><a href="https://www.amazon.com/dp/B0CWVSNVG6?tag=eloabder-20&linkCode=osi&th=1&psc=1">View Product</a></div><div class="product"><a href="https://www.amazon.com/dp/B07QBN245V?tag=eloabder-20&linkCode=osi&th=1&psc=1"><img src="https://m.media-amazon.com/images/I/31N7vGLuV0L._SL500_.jpg" alt="Product Image"></a><p>Jergens Lavender Body Butter Body and Hand Lotion, Moisturizer for Women, 7 Fl Oz (Pack of 1), with Essential Oils for Indulgent Moisturization White</p><p> -15% 0FF </p><p>$7.97 ($1.14 / Fl Oz)</p><a href="https://www.amazon.com/dp/B07QBN245V?tag=eloabder-20&linkCode=osi&th=1&psc=1">View Product</a></div><div class="product"><a href="https://www.amazon.com/dp/B00J2L5TOK?tag=eloabder-20&linkCode=osi&th=1&psc=1"><img src="https://m.media-amazon.com/images/I/31ur4kqsEOL._SL500_.jpg" alt="Product Image"></a><p>Gold Bond Healing Skin Therapy Lotion with aloe 5.5 oz., Non-Greasy & Hypoallergenic</p><p> -25% 0FF </p><p>$5.98 ($1.09 / Ounce)</p><a href="https://www.amazon.com/dp/B00J2L5TOK?tag=eloabder-20&linkCode=osi&th=1&psc=1">View Product</a></div><div class="product"><a href="https://www.amazon.com/dp/B003JT8PKQ?tag=eloabder-20&linkCode=osi&th=1&psc=1"><img src="https://m.media-amazon.com/images/I/31TFisQDpKL._SL500_.jpg" alt="Product Image"></a><p>Lubriderm Daily Moisture Lotion + Pro-Ceramide with Shea Butter and Glycerin Helps Moisturize Dry Skin, Hydrating Face, Hand and Body Lotion, Lightly Scented, Non-Greasy, 24 FL OZ</p><p> -13% 0FF </p><p>$12.72 ($0.53 / Fl Oz)</p><a href="https://www.amazon.com/dp/B003JT8PKQ?tag=eloabder-20&linkCode=osi&th=1&psc=1">View Product</a></div><div class="product"><a href="https://www.amazon.com/dp/B00B3R2YVM?tag=eloabder-20&linkCode=osi&th=1&psc=1"><img src="https://m.media-amazon.com/images/I/31F7qr3VMQL._SL500_.jpg" alt="Product Image"></a><p>J.R. Watkins Natural Moisturizing Hand Cream, Hydrating Hand Moisturizer with Shea Butter, Cocoa Butter, and Avocado Oil, USA Made and Cruelty Free, 3.3oz, Aloe & Green Tea, Single</p><p> -7% 0FF </p><p>$5.03 ($1.52 / Fl Oz)</p><a href="https://www.amazon.com/dp/B00B3R2YVM?tag=eloabder-20&linkCode=osi&th=1&psc=1">View Product</a></div>
<div class="product"><a href="https://www.amazon.com/dp/B000BI1Z9Q?tag=eloabder-20&linkCode=osi&th=1&psc=1"><img src="https://m.media-amazon.com/images/I/413HU0cbbrL._SL500_.jpg" alt="Product Image"></a><p>Dynarex BZK Antiseptic Towelettes - 5"x7" - Benzalkonium Chloride, Hand Sanitizing Wipes or First Aid Wound Wipes, 1 Case of 1000 (Packaging May Vary)</p><p> -17% 0FF </p><p>$32.99 ($0.03 / Count)</p><a href="https://www.amazon.com/dp/B000BI1Z9Q?tag=eloabder-20&linkCode=osi&th=1&psc=1">View Product</a></div><div class="product"><a href="https://www.amazon.com/dp/B06XS38XH6?tag=eloabder-20&linkCode=osi&th=1&psc=1"><img src="https://m.media-amazon.com/images/I/41+1GOsXdPL._SL500_.jpg" alt="Product Image"></a><p>Care Touch Alcohol Wipes Individually Wrapped - Prep Pads with 70% Isopropyl Alcohol, Great for Home, Medical & First Aid Kits Sterilized, Antiseptic 2-Ply Swabs 400 Count</p><p> -13% 0FF </p><p>$10.99 ($0.03 / Count)</p><a href="https://www.amazon.com/dp/B06XS38XH6?tag=eloabder-20&linkCode=osi&th=1&psc=1">View Product</a></div>
<div class="product"><a href="https://www.amazon.com/dp/B00006IDL6?tag=eloabder-20&linkCode=osi&th=1&psc=1"><img src="https://m.media-amazon.com/images/I/51SFTNQg7-L._SL500_.jpg" alt="Product Image"></a><p>Band-Aid Brand Flexible Fabric Adhesive Bandages for Wound Care and First Aid, All One Size, 100 Count</p><p> -35% 0FF </p><p>$7.70 ($0.08 / Count)</p><a href="https://www.amazon.com/dp/B00006IDL6?tag=eloabder-20&linkCode=osi&th=1&psc=1">View Product</a></div><div class="product"><a href="https://www.amazon.com/dp/B000GCPW8C?tag=eloabder-20&linkCode=osi&th=1&psc=1"><img src="https://m.media-amazon.com/images/I/51vXh4MmDrL._SL500_.jpg" alt="Product Image"></a><p>Band-Aid Brand Tru-Stay Adhesive Pads, Large Sterile Bandages for Wound Care, Large Size, 10 ct</p><p> -28% 0FF </p><p>$3.77 ($0.38 / Count)</p><a href="https://www.amazon.com/dp/B000GCPW8C?tag=eloabder-20&linkCode=osi&th=1&psc=1">View Product</a></div><div class="product"><a href="https://www.amazon.com/dp/B01M18DYAH?tag=eloabder-20&linkCode=osi&th=1&psc=1"><img src="https://m.media-amazon.com/images/I/411HWhlyuxL._SL500_.jpg" alt="Product Image"></a><p>Band-Aid Brand Skin-Flex Adhesive Bandages for First Aid and Wound Care of Minor Cuts and Scrapes & Burns, Flexible Sterile Bandages for Fingers & Knees, Extra Large, All One Size, 7 ct</p><p> -34% 0FF </p><p>$3.77 ($0.54 / Count)</p><a href="https://www.amazon.com/dp/B01M18DYAH?tag=eloabder-20&linkCode=osi&th=1&psc=1">View Product</a></div><div class="product"><a href="https://www.amazon.com/dp/B09N1PJFH4?tag=eloabder-20&linkCode=osi&th=1&psc=1"><img src="https://m.media-amazon.com/images/I/414tb0lZk2L._SL500_.jpg" alt="Product Image"></a><p>Band-Aid Brand Adhesive Bandages for Sensitive Skin, Hypoallergenic First Aid Bandages with Painless Removal, Stays on When Wet & Suitable for Eczema Prone Skin, Extra Large Size, 7 ct</p><p> -34% 0FF </p><p>$3.77 ($0.54 / Count)</p><a href="https://www.amazon.com/dp/B09N1PJFH4?tag=eloabder-20&linkCode=osi&th=1&psc=1">View Product</a></div><div class="product"><a href="https://www.amazon.com/dp/B09B32CSJ5?tag=eloabder-20&linkCode=osi&th=1&psc=1"><img src="https://m.media-amazon.com/images/I/510JDYafj9L._SL500_.jpg" alt="Product Image"></a><p>Band-Aid Brand Flexible Fabric Adhesive Bandages for Comfortable Flexible Protection, Twin Pack, 2 x 100 ct</p><p> -19% 0FF </p><p>$16.96 ($8.48 / Count)</p><a href="https://www.amazon.com/dp/B09B32CSJ5?tag=eloabder-20&linkCode=osi&th=1&psc=1">View Product</a></div><div class="product"><a href="https://www.amazon.com/dp/B0014CQ7C8?tag=eloabder-20&linkCode=osi&th=1&psc=1"><img src="https://m.media-amazon.com/images/I/511SbCVd5iL._SL500_.jpg" alt="Product Image"></a><p>Band-Aid Brand Flexible Fabric Adhesive Bandages, Comfortable Sterile Protection & Wound Care for Minor Cuts & Burns, Quilt-Aid Technology to Cushion Painful Wounds, Assorted Sizes, 30 ct</p><p> -26% 0FF </p><p>$3.77</p><a href="https://www.amazon.com/dp/B0014CQ7C8?tag=eloabder-20&linkCode=osi&th=1&psc=1">View Product</a></div>
<div class="product"><a href="https://www.amazon.com/dp/B08B8BDG42?tag=eloabder-20&linkCode=osi&th=1&psc=1"><img src="https://m.media-amazon.com/images/I/41irwh1BfnL._SL500_.jpg" alt="Product Image"></a><p>Boncare Thermometer for Adults with 10 Seconds Fast Reading, Digital Oral Thermometer for Fever (Light Blue)</p><p> -30% 0FF </p><p>$6.99</p><a href="https://www.amazon.com/dp/B08B8BDG42?tag=eloabder-20&linkCode=osi&th=1&psc=1">View Product</a></div><div class="product"><a href="https://www.amazon.com/dp/B0824XNJSW?tag=eloabder-20&linkCode=osi&th=1&psc=1"><img src="https://m.media-amazon.com/images/I/31JdU9LcpxL._SL500_.jpg" alt="Product Image"></a><p>No-Touch Thermometer for Adults and Kids, Accurate Digital Baby Thermometer, FSA HSA Eligible, Fever Alarm & Silent Mode, 2 in 1 Forehead & Object Thermometer</p><p> -33% 0FF </p><p>$19.99</p><a href="https://www.amazon.com/dp/B0824XNJSW?tag=eloabder-20&linkCode=osi&th=1&psc=1">View Product</a></div><div class="product"><a href="https://www.amazon.com/dp/B08B7V2RG3?tag=eloabder-20&linkCode=osi&th=1&psc=1"><img src="https://m.media-amazon.com/images/I/41vXfFSaN4L._SL500_.jpg" alt="Product Image"></a><p>Boncare 10 Second Thermometer for Adults - Fast Reading, Accurate Fever Thermometer, Basal Digital Thermometer</p><p> -25% 0FF </p><p>$7.49</p><a href="https://www.amazon.com/dp/B08B7V2RG3?tag=eloabder-20&linkCode=osi&th=1&psc=1">View Product</a></div><div class="product"><a href="https://www.amazon.com/dp/B0C82Z3479?tag=eloabder-20&linkCode=osi&th=1&psc=1"><img src="https://m.media-amazon.com/images/I/21m2oNvDqiL._SL500_.jpg" alt="Product Image"></a><p>Vicks ComfortFlex Digital Thermometer – Accurate, Color Coded Reading in 8 Seconds – Digital Thermometer for Oral, Rectal or Under Arm Use</p><p> -38% 0FF </p><p>$10.48</p><a href="https://www.amazon.com/dp/B0C82Z3479?tag=eloabder-20&linkCode=osi&th=1&psc=1">View Product</a></div><div class="product"><a href="https://www.amazon.com/dp/B0C3B2VZLJ?tag=eloabder-20&linkCode=osi&th=1&psc=1"><img src="https://m.media-amazon.com/images/I/31JdU9LcpxL._SL500_.jpg" alt="Product Image"></a><p>No-Touch Thermometer for Adults and Kids, Fast Accurate Digital Thermometer with Fever Alarm & Silent Mode, FSA HSA Eligible, Easy-to-use, Forehead Thermometer for Babies, Kids & Elderly</p><p> -47% 0FF </p><p>$15.95</p><a href="https://www.amazon.com/dp/B0C3B2VZLJ?tag=eloabder-20&linkCode=osi&th=1&psc=1">View Product</a></div><div class="product"><a href="https://www.amazon.com/dp/B075QQ8VZW?tag=eloabder-20&linkCode=osi&th=1&psc=1"><img src="https://m.media-amazon.com/images/I/31XPaGGJcyL._SL500_.jpg" alt="Product Image"></a><p>iHealth No-Touch Forehead Thermometer, Infrared Digital Thermometer for Adults and Kids, Touchless Baby Thermometer, 3 Ultra-Sensitive Sensors, Large LED Digits, Quiet Vibration Feedback, Non Contact</p><p> -44% 0FF </p><p>$19.99</p><a href="https://www.amazon.com/dp/B075QQ8VZW?tag=eloabder-20&linkCode=osi&th=1&psc=1">View Product</a></div><div class="product"><a href="https://www.amazon.com/dp/B00MUK6M82?tag=eloabder-20&linkCode=osi&th=1&psc=1"><img src="https://m.media-amazon.com/images/I/31fl3MSNmuL._SL500_.jpg" alt="Product Image"></a><p>Vicks Braun Digital Ear Thermometer, ThermoScan 5 IRT6500, Ear Thermometer for Babies, Kids, Toddlers and Adults, Display is Digital and Accurate, Thermometer for Precise Fever Tracking at Home</p><p> -15% 0FF </p><p>$42.44</p><a href="https://www.amazon.com/dp/B00MUK6M82?tag=eloabder-20&linkCode=osi&th=1&psc=1">View Product</a></div><div class="product"><a href="https://www.amazon.com/dp/B0B513SHYR?tag=eloabder-20&linkCode=osi&th=1&psc=1"><img src="https://m.media-amazon.com/images/I/41erMNtrL8L._SL500_.jpg" alt="Product Image"></a><p>Forehead Thermometer for Adults and Kids, Digital Infrared Thermometer for Home with Fever Alarm, FSA HSA Eligible,1s Reading and 3-Color Indicator, No-Touch, Accurate</p><p> -45% 0FF </p><p>$13.59</p><a href="https://www.amazon.com/dp/B0B513SHYR?tag=eloabder-20&linkCode=osi&th=1&psc=1">View Product</a></div>
<div class="product"><a href="https://www.amazon.com/dp/B01C5QS1T8?tag=eloabder-20&linkCode=osi&th=1&psc=1"><img src="https://m.media-amazon.com/images/I/41DgEaoOjaL._SL500_.jpg" alt="Product Image"></a><p>iHealth Track Smart Upper Arm Blood Pressure Monitor with Wide Range Cuff That fits Standard to Large Adult Arms, Bluetooth Compatible for iOS & Android Devices</p><p> -20% 0FF </p><p>$39.99</p><a href="https://www.amazon.com/dp/B01C5QS1T8?tag=eloabder-20&linkCode=osi&th=1&psc=1">View Product</a></div><div class="product"><a href="https://www.amazon.com/dp/B0BF9YHRFM?tag=eloabder-20&linkCode=osi&th=1&psc=1"><img src="https://m.media-amazon.com/images/I/41Hd1YfS0VL._SL500_.jpg" alt="Product Image"></a><p>Blood Pressure Monitor,AILE blood pressure machine Upper Arm Large Cuff(8.7"-16.5"Adjustable),automatic high blood pressure cuff for home use,(BP)blood pressure monitor,2*99 memory,Easy to use/travel</p><p> -17% 0FF </p><p>$24.99</p><a href="https://www.amazon.com/dp/B0BF9YHRFM?tag=eloabder-20&linkCode=osi&th=1&psc=1">View Product</a></div><div class="product"><a href="https://www.amazon.com/dp/B0BFQWYSWR?tag=eloabder-20&linkCode=osi&th=1&psc=1"><img src="https://m.media-amazon.com/images/I/51lb5nRMBnL._SL500_.jpg" alt="Product Image"></a><p>Blood Pressure Monitors for Home Use Upper Arm, Accurate cuff 8.7”-15.7” Monitor with Large Backlight Display 2 Users 240 Sets Memory & HR Detection, Digital BP Machine with Carrying Case</p><p> -40% 0FF </p><p>$29.99</p><a href="https://www.amazon.com/dp/B0BFQWYSWR?tag=eloabder-20&linkCode=osi&th=1&psc=1">View Product</a></div><div class="product"><a href="https://www.amazon.com/dp/B07RYBKNC2?tag=eloabder-20&linkCode=osi&th=1&psc=1"><img src="https://m.media-amazon.com/images/I/41EBBbpDipL._SL500_.jpg" alt="Product Image"></a><p>OMRON Silver Blood Pressure Monitor, Upper Arm Cuff, Digital Bluetooth Blood Pressure Machine, Stores Up to 80 Readings</p><p> -6% 0FF </p><p>$52.88</p><a href="https://www.amazon.com/dp/B07RYBKNC2?tag=eloabder-20&linkCode=osi&th=1&psc=1">View Product</a></div>
<div class="product"><a href="https://www.amazon.com/dp/B084CQ41M2?tag=eloabder-20&linkCode=osi&th=1&psc=1"><img src="https://m.media-amazon.com/images/I/311ThQv0JoL._SL500_.jpg" alt="Product Image"></a><p>Fitbit Charge 4 Fitness and Activity Tracker with Built-in GPS, Heart Rate, Sleep & Swim Tracking, Black/Black, One Size (S &L Bands Included)</p><p> -17% 0FF </p><p>$124.00</p><a href="https://www.amazon.com/dp/B084CQ41M2?tag=eloabder-20&linkCode=osi&th=1&psc=1">View Product</a></div><div class="product"><a href="https://www.amazon.com/dp/B07GM59D12?tag=eloabder-20&linkCode=osi&th=1&psc=1"><img src="https://m.media-amazon.com/images/I/417I7hV3oaL._SL500_.jpg" alt="Product Image"></a><p>Garmin vivosmart 4, Activity and Fitness Tracker w/ Pulse Ox and Heart Rate Monitor, Black, Large Band</p><p> -33% 0FF </p><p>$64.99</p><a href="https://www.amazon.com/dp/B07GM59D12?tag=eloabder-20&linkCode=osi&th=1&psc=1">View Product</a></div><div class="product"><a href="https://www.amazon.com/dp/B00MWHUOSM?tag=eloabder-20&linkCode=osi&th=1&psc=1"><img src="https://m.media-amazon.com/images/I/514A9FIZMeL._SL500_.jpg" alt="Product Image"></a><p>3DTriSport Walking 3D Pedometer with Clip and Strap, Free eBook | 30 Days Memory, Accurate Step Counter, Walking Distance Miles/Km, Calorie Counter (Holdable, Grey)</p><p> -38% 0FF </p><p>$24.99</p><a href="https://www.amazon.com/dp/B00MWHUOSM?tag=eloabder-20&linkCode=osi&th=1&psc=1">View Product</a></div><div class="product"><a href="https://www.amazon.com/dp/B08JX22N4G?tag=eloabder-20&linkCode=osi&th=1&psc=1"><img src="https://m.media-amazon.com/images/I/413rXPXOmzL._SL500_.jpg" alt="Product Image"></a><p>Garmin vivofit jr. 3, Fitness Tracker for Kids, Includes Interactive App Experience, Swim-Friendly, Up To 1-year Battery Life, Lilac Floral</p><p> -22% 0FF </p><p>$69.99</p><a href="https://www.amazon.com/dp/B08JX22N4G?tag=eloabder-20&linkCode=osi&th=1&psc=1">View Product</a></div>
<div class="product"><a href="https://www.amazon.com/dp/B01HI1W1V4?tag=eloabder-20&linkCode=osi&th=1&psc=1"><img src="https://m.media-amazon.com/images/I/41xSV5KCm+L._SL500_.jpg" alt="Product Image"></a><p>Etekcity Bathroom Scale for Body Weight, Digital Weighing Machine for People, Accurate & Large LCD Backlight Display, 6mm Tempered Glass, 400 lbs</p><p> -20% 0FF </p><p>$15.89</p><a href="https://www.amazon.com/dp/B01HI1W1V4?tag=eloabder-20&linkCode=osi&th=1&psc=1">View Product</a></div><div class="product"><a href="https://www.amazon.com/dp/B01N1UX8RW?tag=eloabder-20&linkCode=osi&th=1&psc=1"><img src="https://m.media-amazon.com/images/I/41jK19A68DL._SL500_.jpg" alt="Product Image"></a><p>RENPHO Smart Scale for Body Weight, FSA HSA Eligible, Digital Bathroom Scale BMI Weighing Bluetooth Body Fat Scale, Body Composition Monitor Health Analyzer with Smartphone App, 400 lbs - Elis 1</p><p> -31% 0FF </p><p>$23.99</p><a href="https://www.amazon.com/dp/B01N1UX8RW?tag=eloabder-20&linkCode=osi&th=1&psc=1">View Product</a></div><div class="product"><a href="https://www.amazon.com/dp/B095YJW56C?tag=eloabder-20&linkCode=osi&th=1&psc=1"><img src="https://m.media-amazon.com/images/I/41vhjbr6FRL._SL500_.jpg" alt="Product Image"></a><p>Etekcity Smart Scale for Body Weight FSA HSA Store Eligible, Bathroom Digital Weighing Scale with BMI, Body Fat, Muscle Mass, Accurate Bluetooth Home User Health Equipment Sync Apps</p><p> -17% 0FF </p><p>$19.99</p><a href="https://www.amazon.com/dp/B095YJW56C?tag=eloabder-20&linkCode=osi&th=1&psc=1">View Product</a></div><div class="product"><a href="https://www.amazon.com/dp/B07S9PTLNZ?tag=eloabder-20&linkCode=osi&th=1&psc=1"><img src="https://m.media-amazon.com/images/I/21wW7Xf7Q+L._SL500_.jpg" alt="Product Image"></a><p>RENPHO Scale for Body Weight, Digital Bathroom Scale with Backlit LED Display, Highly Accurate & Measures Weight up to 400 lb/180kg, Batteries Included, Black-Core 1S</p><p> -42% 0FF </p><p>$13.99</p><a href="https://www.amazon.com/dp/B07S9PTLNZ?tag=eloabder-20&linkCode=osi&th=1&psc=1">View Product</a></div><div class="product"><a href="https://www.amazon.com/dp/B0CHRSYP3D?tag=eloabder-20&linkCode=osi&th=1&psc=1"><img src="https://m.media-amazon.com/images/I/41f-WUPPMQL._SL500_.jpg" alt="Product Image"></a><p>Ovutek Bathroom Scale for Body Weight, Highly Accurate Digital Weighing Machine for People, Upgraded Batteries Included, Compact Size, LED Display, Physician Scale with Sturdy Tempered Glass, 400lb</p><p> -26% 0FF </p><p>$13.99</p><a href="https://www.amazon.com/dp/B0CHRSYP3D?tag=eloabder-20&linkCode=osi&th=1&psc=1">View Product</a></div><div class="product"><a href="https://www.amazon.com/dp/B0C5DCTH9M?tag=eloabder-20&linkCode=osi&th=1&psc=1"><img src="https://m.media-amazon.com/images/I/31eXDYPTnbL._SL500_.jpg" alt="Product Image"></a><p>RunSTAR 550lb Bathroom Digital Scale for Body Weight with Ultra-Wide Platform and Large LCD Display, Accurate High Precision Scale with Extra-High Capacity</p><p> -40% 0FF </p><p>$33.99</p><a href="https://www.amazon.com/dp/B0C5DCTH9M?tag=eloabder-20&linkCode=osi&th=1&psc=1">View Product</a></div><div class="product"><a href="https://www.amazon.com/dp/B08839L43J?tag=eloabder-20&linkCode=osi&th=1&psc=1"><img src="https://m.media-amazon.com/images/I/41ijx4JiG5L._SL500_.jpg" alt="Product Image"></a><p>Posture Scale for Body Weight, Digital Bathroom Smart Scale LED Display, 13 Body Composition Analyzer Sync Weight Scale BMl Health Monitor Sync Apps 400lbs - Black</p><p> -60% 0FF </p><p>$25.24</p><a href="https://www.amazon.com/dp/B08839L43J?tag=eloabder-20&linkCode=osi&th=1&psc=1">View Product</a></div><div class="product"><a href="https://www.amazon.com/dp/B0BX1GVDBS?tag=eloabder-20&linkCode=osi&th=1&psc=1"><img src="https://m.media-amazon.com/images/I/31sSNdlJQOL._SL500_.jpg" alt="Product Image"></a><p>iHome Digital Scale Step-On Bathroom Scale - iHome High Precision Body Weight Scale - 400 lbs, Battery Powered with LED Display - Batteries Included -Great for Home Gym (Black)</p><p> -22% 0FF </p><p>$18.99</p><a href="https://www.amazon.com/dp/B0BX1GVDBS?tag=eloabder-20&linkCode=osi&th=1&psc=1">View Product</a></div>
<div class="product"><a href="https://www.amazon.com/dp/B079HXLZGY?tag=eloabder-20&linkCode=osi&th=1&psc=1"><img src="https://m.media-amazon.com/images/I/51O0z0rymgL._SL500_.jpg" alt="Product Image"></a><p>Amazon Basic Care Nighttime Sleep Aid Tablets for Adults, Doxylamine Succinate 25 mg, 96 Count</p><p> -13% 0FF </p><p>$10.93 ($0.11 / Count)</p><a href="https://www.amazon.com/dp/B079HXLZGY?tag=eloabder-20&linkCode=osi&th=1&psc=1">View Product</a></div><div class="product"><a href="https://www.amazon.com/dp/B0848WCZFM?tag=eloabder-20&linkCode=osi&th=1&psc=1"><img src="https://m.media-amazon.com/images/I/41Rzyzjg2UL._SL500_.jpg" alt="Product Image"></a><p>HealthA2Z Sleep Aid, Diphenhydramine Softgels, 50mg, Supports Deeper, Restful Sleeping, Non Habit-Forming (250 Counts)</p><p> -29% 0FF </p><p>$9.85 ($0.04 / Count)</p><a href="https://www.amazon.com/dp/B0848WCZFM?tag=eloabder-20&linkCode=osi&th=1&psc=1">View Product</a></div><div class="product"><a href="https://www.amazon.com/dp/B00NJ1BQZA?tag=eloabder-20&linkCode=osi&th=1&psc=1"><img src="https://m.media-amazon.com/images/I/41q8bT3bu0L._SL500_.jpg" alt="Product Image"></a><p>Relaxium Sleep Aid for Adults, Melatonin 5mg with Magnesium Glycinate, Sleep-Promoting Valerest & Ashwagandha, Non-Habit Forming Sleep Supplement, 60 Capsules, 30-Day Supply</p><p> -14% 0FF </p><p>$29.99 ($0.50 / count)</p><a href="https://www.amazon.com/dp/B00NJ1BQZA?tag=eloabder-20&linkCode=osi&th=1&psc=1">View Product</a></div><div class="product"><a href="https://www.amazon.com/dp/B07BZW88NY?tag=eloabder-20&linkCode=osi&th=1&psc=1"><img src="https://m.media-amazon.com/images/I/51HD9BxwlWL._SL500_.jpg" alt="Product Image"></a><p>Kirkland Signature Sleep Aid, 192 Tablets</p><p> -8% 0FF </p><p>$13.72 ($6.86 / Count)</p><a href="https://www.amazon.com/dp/B07BZW88NY?tag=eloabder-20&linkCode=osi&th=1&psc=1">View Product</a></div><div class="product"><a href="https://www.amazon.com/dp/B07PXT5LYR?tag=eloabder-20&linkCode=osi&th=1&psc=1"><img src="https://m.media-amazon.com/images/I/41Pu3C1zvML._SL500_.jpg" alt="Product Image"></a><p>Nature's Bounty Sleep3 Melatonin 10mg, Maximum Strength 100% Drug Free Sleep Aid, Dietary Supplement, L-Theanine & Nighttime Herbal Blend Time Release Technology, 60 Tri-Layered Tablets</p><p> -38% 0FF </p><p>$13.68 ($0.23 / Count)</p><a href="https://www.amazon.com/dp/B07PXT5LYR?tag=eloabder-20&linkCode=osi&th=1&psc=1">View Product</a></div><div class="product"><a href="https://www.amazon.com/dp/B002L4M4M0?tag=eloabder-20&linkCode=osi&th=1&psc=1"><img src="https://m.media-amazon.com/images/I/41S9lyFQZzL._SL500_.jpg" alt="Product Image"></a><p>KIRKLAND SIGNATURE Sleep Aid Doxylamine Succinate 25 Mg X Tabs (53201812) No Flavor 96 Count, Packaging May Vary</p><p> -29% 0FF </p><p>$7.75 ($0.08 / Count)</p><a href="https://www.amazon.com/dp/B002L4M4M0?tag=eloabder-20&linkCode=osi&th=1&psc=1">View Product</a></div><div class="product"><a href="https://www.amazon.com/dp/B01683HFGY?tag=eloabder-20&linkCode=osi&th=1&psc=1"><img src="https://m.media-amazon.com/images/I/51hFnh0pfXL._SL500_.jpg" alt="Product Image"></a><p>Unisom SleepTabs, Nighttime Sleep-aid, Doxylamine Succinate, 80 Tablets</p><p> -30% 0FF </p><p>$13.98 ($0.17 / Count)</p><a href="https://www.amazon.com/dp/B01683HFGY?tag=eloabder-20&linkCode=osi&th=1&psc=1">View Product</a></div><div class="product"><a href="https://www.amazon.com/dp/B08Y74HSSH?tag=eloabder-20&linkCode=osi&th=1&psc=1"><img src="https://m.media-amazon.com/images/I/41WtHEKTuML._SL500_.jpg" alt="Product Image"></a><p>ZzzQuil ULTRA, Sleep Aid, Nighttime Sleep Aid, 25 mg Doxylamine Succinate, From Makers of Nyquil, Non- Habit Forming, Fall Asleep Fast, Stay Asleep Longer, 48 Count</p><p> -11% 0FF </p><p>$19.63 ($0.41 / Count)</p><a href="https://www.amazon.com/dp/B08Y74HSSH?tag=eloabder-20&linkCode=osi&th=1&psc=1">View Product</a></div><div class="product"><a href="https://www.amazon.com/dp/B07613ZLWT?tag=eloabder-20&linkCode=osi&th=1&psc=1"><img src="https://m.media-amazon.com/images/I/41TljMCBnsL._SL500_.jpg" alt="Product Image"></a><p>Unisom Nighttime Sleep-Aid Gels, Diphenhydramine HCI 50mg, 100 Count</p><p> -6% 0FF </p><p>$16.38 ($0.16 / Count)</p><a href="https://www.amazon.com/dp/B07613ZLWT?tag=eloabder-20&linkCode=osi&th=1&psc=1">View Product</a></div>

<div class="product"><a href="https://www.amazon.com/dp/B009ITR4EY?tag=eloabder-20&linkCode=osi&th=1&psc=1"><img src="https://m.media-amazon.com/images/I/5108J1lmIxL._SL500_.jpg" alt="Product Image"></a><p>Tylenol Cold + Flu Severe Medicine Caplets for Fever, Pain, Cough & Congestion, 24 ct.</p><p> -28% 0FF </p><p>$7.67 ($0.32 / Count)</p><a href="https://www.amazon.com/dp/B009ITR4EY?tag=eloabder-20&linkCode=osi&th=1&psc=1">View Product</a></div><div class="product"><a href="https://www.amazon.com/dp/B019DL5KCO?tag=eloabder-20&linkCode=osi&th=1&psc=1"><img src="https://m.media-amazon.com/images/I/51i-U6pGMjL._SL500_.jpg" alt="Product Image"></a><p>Coricidin HBP Decongestant-Free Cough and Cold Medicine - Specially Designed Relief for High Blood Pressure, Cough, Runny Nose, Sneezing and Cold Symptoms (16 Count)</p><p> -6% 0FF </p><p>$8.49 ($0.53 / Count)</p><a href="https://www.amazon.com/dp/B019DL5KCO?tag=eloabder-20&linkCode=osi&th=1&psc=1">View Product</a></div><div class="product"><a href="https://www.amazon.com/dp/B0B63WW9H4?tag=eloabder-20&linkCode=osi&th=1&psc=1"><img src="https://m.media-amazon.com/images/I/51zjSOAQyTL._SL500_.jpg" alt="Product Image"></a><p>Coricidin HBP, Decongestant-Free Cold Symptom Relief for People with High Blood Pressure, Maximum Strength, Flu & Chest Congestion Liquid Gels, 24 Count</p><p> -21% 0FF </p><p>$8.29 ($0.35 / Count)</p><a href="https://www.amazon.com/dp/B0B63WW9H4?tag=eloabder-20&linkCode=osi&th=1&psc=1">View Product</a></div><div class="product"><a href="https://www.amazon.com/dp/B000WAWN8K?tag=eloabder-20&linkCode=osi&th=1&psc=1"><img src="https://m.media-amazon.com/images/I/41MhHkkpCQL._SL500_.jpg" alt="Product Image"></a><p>Zicam Cold Remedy Zinc Rapidmelts, Citrus Flavor, 25 Count (Pack of 1)</p><p> -21% 0FF </p><p>$10.30 ($0.41 / Count)</p><a href="https://www.amazon.com/dp/B000WAWN8K?tag=eloabder-20&linkCode=osi&th=1&psc=1">View Product</a></div><div class="product"><a href="https://www.amazon.com/dp/B08836KTVQ?tag=eloabder-20&linkCode=osi&th=1&psc=1"><img src="https://m.media-amazon.com/images/I/51kNMcIeJPL._SL500_.jpg" alt="Product Image"></a><p>Mucinex Fast-Max Cold and Flu & Nightshift Severe Cold and Flu Medicine for Adults, Over-the-Counter Medication Combo Pack for Sore Throat Relief, Decongestant, Cough & Cold Medicines, 2 x 6 Fl Oz</p><p> -17% 0FF </p><p>$18.65 ($1.55 / Fl Oz)</p><a href="https://www.amazon.com/dp/B08836KTVQ?tag=eloabder-20&linkCode=osi&th=1&psc=1">View Product</a></div><div class="product"><a href="https://www.amazon.com/dp/B01DZ0CN6A?tag=eloabder-20&linkCode=osi&th=1&psc=1"><img src="https://m.media-amazon.com/images/I/41DVIB8+QVL._SL500_.jpg" alt="Product Image"></a><p>Hyland's Baby Mucus and Cold Relief, Daytime Baby Cold Medicine, Infant Cold and Cough Remedy, Decongestant, 4 Fluid Ounce</p><p> -46% 0FF </p><p>$7.00 ($1.75 / Fl Oz)</p><a href="https://www.amazon.com/dp/B01DZ0CN6A?tag=eloabder-20&linkCode=osi&th=1&psc=1">View Product</a></div><div class="product"><a href="https://www.amazon.com/dp/B00L3LAK7S?tag=eloabder-20&linkCode=osi&th=1&psc=1"><img src="https://m.media-amazon.com/images/I/41acNMiAH7L._SL500_.jpg" alt="Product Image"></a><p>Hyland's Kids Cold & Cough, Day and Night Combo Pack, Cold Medicine for Ages 2+, Syrup Cough Medicine for Kids, Nasal Decongestant, Allergy Relief, 4 Fl Oz (Pack of 2)</p><p> -37% 0FF </p><p>$12.59 ($3.15 / Fl Oz)</p><a href="https://www.amazon.com/dp/B00L3LAK7S?tag=eloabder-20&linkCode=osi&th=1&psc=1">View Product</a></div><div class="product"><a href="https://www.amazon.com/dp/B08938GBKJ?tag=eloabder-20&linkCode=osi&th=1&psc=1"><img src="https://m.media-amazon.com/images/I/41T41ChZ9KL._SL500_.jpg" alt="Product Image"></a><p>Cold-EEZE Natural Cherry Zinc Lozenges, Homeopathic Cold Remedy, Reduces Duration of the Common Cold, Sore Throat, Cough, Congestion and Post Nasal Drip, 25 Count</p><p> -25% 0FF </p><p>$9.33 ($0.37 / Count)</p><a href="https://www.amazon.com/dp/B08938GBKJ?tag=eloabder-20&linkCode=osi&th=1&psc=1">View Product</a></div>

<div class="product"><a href="https://www.amazon.com/dp/B0012BNVE8?tag=eloabder-20&linkCode=osi&th=1&psc=1"><img src="https://m.media-amazon.com/images/I/51AbEqW79jL._SL500_.jpg" alt="Product Image"></a><p>Men's Rogaine 5% Minoxidil Topical Aerosol Hair Regrowth Treatment Foam, 3 Month Supply (Each Can 2.11 Ounce - 60 Gram)</p><p> -25% 0FF </p><p>$58.83 ($9.29 / Ounce)</p><a href="https://www.amazon.com/dp/B0012BNVE8?tag=eloabder-20&linkCode=osi&th=1&psc=1">View Product</a></div><div class="product"><a href="https://www.amazon.com/dp/B0000Y8H3S?tag=eloabder-20&linkCode=osi&th=1&psc=1"><img src="https://m.media-amazon.com/images/I/41HVx2izbyL._SL500_.jpg" alt="Product Image"></a><p>Men's Rogaine Extra Strength 5% Minoxidil Topical Solution for Thin Hair, Hair Loss Treatment to Regrow Fuller, Thicker Hair, 3-Month Supply, 3 x 2 fl. oz</p><p> -39% 0FF </p><p>$47.82 ($7.97 / Fl Oz)</p><a href="https://www.amazon.com/dp/B0000Y8H3S?tag=eloabder-20&linkCode=osi&th=1&psc=1">View Product</a></div><div class="product"><a href="https://www.amazon.com/dp/B00M6I5SMY?tag=eloabder-20&linkCode=osi&th=1&psc=1"><img src="https://m.media-amazon.com/images/I/415RcmGI84L._SL500_.jpg" alt="Product Image"></a><p>Rogaine 5% Minoxidil Foam, Topical Once-A-Day Hair Loss Treatment for Women to Regrow Fuller, Thicker Hair, Unscented, 2-Month Supply, 2.11 oz</p><p> -28% 0FF </p><p>$31.37 ($14.87 / Ounce)</p><a href="https://www.amazon.com/dp/B00M6I5SMY?tag=eloabder-20&linkCode=osi&th=1&psc=1">View Product</a></div><div class="product"><a href="https://www.amazon.com/dp/B0BVTD8JYP?tag=eloabder-20&linkCode=osi&th=1&psc=1"><img src="https://m.media-amazon.com/images/I/51j7YLVoqqL._SL500_.jpg" alt="Product Image"></a><p>5% Minoxidil Hair Growth for Men and Women - 60mL Hair Growth Serum - Minoxidil Spray for Hair and Beard Regrowth - Hair Loss treatment - 1 Month Supply</p><p> -24% 0FF </p><p>$12.99 ($6.50 / Fl Oz)</p><a href="https://www.amazon.com/dp/B0BVTD8JYP?tag=eloabder-20&linkCode=osi&th=1&psc=1">View Product</a></div><div class="product"><a href="https://www.amazon.com/dp/B0BWZTV1V7?tag=eloabder-20&linkCode=osi&th=1&psc=1"><img src="https://m.media-amazon.com/images/I/412B7e7oK+L._SL500_.jpg" alt="Product Image"></a><p>Nature's Bounty Hair Growth Supplement, 1 Per Day, Clinically Shown to Support Thicker, Fuller Hair, with Biotin, Silicon & Arginine, 30 Capsules</p><p> -6% 0FF </p><p>$16.98 ($0.57 / Count)</p><a href="https://www.amazon.com/dp/B0BWZTV1V7?tag=eloabder-20&linkCode=osi&th=1&psc=1">View Product</a></div>
<div class="product"><a href="https://www.amazon.com/dp/B00NNZRJ2G?tag=eloabder-20&linkCode=osi&th=1&psc=1"><img src="https://m.media-amazon.com/images/I/41YWG-0RKpL._SL500_.jpg" alt="Product Image"></a><p>OCuSOFT Lid Scrub Original Eyelid Cleanser - Pre-Moistened Eyelid Wipes for Mild to Moderate Conditions - Eyelid Cleanser to Clean, Comfort & Soothe Irritated Eyelids - 30 Count</p><p> -10% 0FF </p><p>$11.97 ($0.40 / Count)</p><a href="https://www.amazon.com/dp/B00NNZRJ2G?tag=eloabder-20&linkCode=osi&th=1&psc=1">View Product</a></div><div class="product"><a href="https://www.amazon.com/dp/B00DJUK8HS?tag=eloabder-20&linkCode=osi&th=1&psc=1"><img src="https://m.media-amazon.com/images/I/51oBE3IVUkL._SL500_.jpg" alt="Product Image"></a><p>PreserVision AREDS 2 Eye Vitamin & Mineral Supplement, Contains Lutein, Vitamin C, Zeaxanthin, Zinc & Vitamin E, 120 Softgels (Packaging May Vary)</p><p> -12% 0FF </p><p>$35.99 ($0.30 / Count)</p><a href="https://www.amazon.com/dp/B00DJUK8HS?tag=eloabder-20&linkCode=osi&th=1&psc=1">View Product</a></div><div class="product"><a href="https://www.amazon.com/dp/B00DJUK8IM?tag=eloabder-20&linkCode=osi&th=1&psc=1"><img src="https://m.media-amazon.com/images/I/51LPoH2nRnL._SL500_.jpg" alt="Product Image"></a><p>Ocuvite Eye Vitamin & Mineral Supplement, Contains Zinc, Vitamins C, E, Omega 3, Lutein, & Zeaxanthin, 90 Softgels (Packaging May Vary)</p><p> -19% 0FF </p><p>$23.47 ($0.26 / Count)</p><a href="https://www.amazon.com/dp/B00DJUK8IM?tag=eloabder-20&linkCode=osi&th=1&psc=1">View Product</a></div><div class="product"><a href="https://www.amazon.com/dp/B00JJPMXDO?tag=eloabder-20&linkCode=osi&th=1&psc=1"><img src="https://m.media-amazon.com/images/I/41xUbY21ojL._SL500_.jpg" alt="Product Image"></a><p>CeraVe Eye Repair Cream | Under Eye Cream For Puffiness And Bags Under Eyes | Hyaluronic Acid + Niacinamide + Marine Botanical Complex | Hydrating Eye Cream | Oil Free & Opthalmologist Tested</p><p> -28% 0FF </p><p>$14.44 ($28.88 / Ounce)</p><a href="https://www.amazon.com/dp/B00JJPMXDO?tag=eloabder-20&linkCode=osi&th=1&psc=1">View Product</a></div><div class="product"><a href="https://www.amazon.com/dp/B00008BRR8?tag=eloabder-20&linkCode=osi&th=1&psc=1"><img src="https://m.media-amazon.com/images/I/41RscSZokiL._SL500_.jpg" alt="Product Image"></a><p>Refresh Tears, Lubricant Eye Drops, 2 Bottles .5 fl oz (15 ml)</p><p> -7% 0FF </p><p>$14.68</p><a href="https://www.amazon.com/dp/B00008BRR8?tag=eloabder-20&linkCode=osi&th=1&psc=1">View Product</a></div><div class="product"><a href="https://www.amazon.com/dp/B0B45LL4DD?tag=eloabder-20&linkCode=osi&th=1&psc=1"><img src="https://m.media-amazon.com/images/I/31ZNIWikbtL._SL500_.jpg" alt="Product Image"></a><p>Beauty of Joseon Revive Eye Serum with Retinal Niacinamide Correction for Puffy Eye Bags Fine Lines Dark Circles Wrinkles, Korean Skin Care 30ml, 1 fl.oz</p><p> -12% 0FF </p><p>$14.50 ($14.50 / Fl Oz)</p><a href="https://www.amazon.com/dp/B0B45LL4DD?tag=eloabder-20&linkCode=osi&th=1&psc=1">View Product</a></div><div class="product"><a href="https://www.amazon.com/dp/B07BVYZL88?tag=eloabder-20&linkCode=osi&th=1&psc=1"><img src="https://m.media-amazon.com/images/I/41Nyltw77SL._SL500_.jpg" alt="Product Image"></a><p>LUMIFY Redness Reliever Eye Drops 0.25 Ounce (7.5mL)</p><p> -9% 0FF </p><p>$19.99 ($79.01 / Fl Oz)</p><a href="https://www.amazon.com/dp/B07BVYZL88?tag=eloabder-20&linkCode=osi&th=1&psc=1">View Product</a></div>
<div class="product"><a href="https://www.amazon.com/dp/B072N7WNTK?tag=eloabder-20&linkCode=osi&th=1&psc=1"><img src="https://m.media-amazon.com/images/I/4109e6u0vfL._SL500_.jpg" alt="Product Image"></a><p>Renu Contact Lens Solution Multipurpose Disinfectant, Advanced Formula Lens Cleaner, Cleans & Moisturizes Soft & Silicon Hydrogel Lenses, 12 Fl Oz</p><p> -5% 0FF </p><p>$8.58 ($0.72 / Fl Oz)</p><a href="https://www.amazon.com/dp/B072N7WNTK?tag=eloabder-20&linkCode=osi&th=1&psc=1">View Product</a></div><div class="product"><a href="https://www.amazon.com/dp/B010GD3NUY?tag=eloabder-20&linkCode=osi&th=1&psc=1"><img src="https://m.media-amazon.com/images/I/51J4K0ac2IL._SL500_.jpg" alt="Product Image"></a><p>Clear Care Plus Cleaning Solution with Lens Case, Twin Pack, Multi, 12 Oz, Pack of 2</p><p> -18% 0FF </p><p>$17.98 ($0.75 / Fl Oz)</p><a href="https://www.amazon.com/dp/B010GD3NUY?tag=eloabder-20&linkCode=osi&th=1&psc=1">View Product</a></div>
<div class="product"><a href="https://www.amazon.com/dp/B09XW9LBLF?tag=eloabder-20&linkCode=osi&th=1&psc=1"><img src="https://m.media-amazon.com/images/I/51n47pJYTJL._SL500_.jpg" alt="Product Image"></a><p>Arm & Hammer Simply Saline Daily Care Nasal Mist 4.4oz, Saline Nasal Spray, Drug-Free, 3-Pack</p><p> -28% 0FF </p><p>$13.67 ($1.04 / Ounce)</p><a href="https://www.amazon.com/dp/B09XW9LBLF?tag=eloabder-20&linkCode=osi&th=1&psc=1">View Product</a></div><div class="product"><a href="https://www.amazon.com/dp/B073MY31H6?tag=eloabder-20&linkCode=osi&th=1&psc=1"><img src="https://m.media-amazon.com/images/I/51pzJS3WS1L._SL500_.jpg" alt="Product Image"></a><p>Vicks Sinex SEVERE Nasal Spray, Original Ultra Fine Mist, Decongestant Medicine, Relief from Stuffy Nose due to Cold or Allergy, & Nasal Congestion, Sinus Pressure Relief, 265 Sprays x 2</p><p> -14% 0FF </p><p>$14.97</p><a href="https://www.amazon.com/dp/B073MY31H6?tag=eloabder-20&linkCode=osi&th=1&psc=1">View Product</a></div><div class="product"><a href="https://www.amazon.com/dp/B08R2SRN88?tag=eloabder-20&linkCode=osi&th=1&psc=1"><img src="https://m.media-amazon.com/images/I/51psI6ed71L._SL500_.jpg" alt="Product Image"></a><p>KIRKLAND SIGNATURE Aller-Flo Fluticasone Propionate (Glucorticoid) 5 Bottles x 120 Metered Sprays 0.54 Fl OZ per Bottle (15.8 mL x 5) 2.70 OZ Total (79 mL Total) 600 Total Sprays Total, 1-Pack</p><p> -24% 0FF </p><p>$27.35 ($10.13 / Fl Oz)</p><a href="https://www.amazon.com/dp/B08R2SRN88?tag=eloabder-20&linkCode=osi&th=1&psc=1">View Product</a></div><div class="product"><a href="https://www.amazon.com/dp/B000M4W2E6?tag=eloabder-20&linkCode=osi&th=1&psc=1"><img src="https://m.media-amazon.com/images/I/41ThKOpdtsL._SL500_.jpg" alt="Product Image"></a><p>Xlear Nasal Spray with Xylitol, 1.5 fl oz (Pack of 1)</p><p> -6% 0FF </p><p>$11.79 ($7.86 / Fl Oz)</p><a href="https://www.amazon.com/dp/B000M4W2E6?tag=eloabder-20&linkCode=osi&th=1&psc=1">View Product</a></div><div class="product"><a href="https://www.amazon.com/dp/B07PDJ138X?tag=eloabder-20&linkCode=osi&th=1&psc=1"><img src="https://m.media-amazon.com/images/I/51ZjUYn3qjL._SL500_.jpg" alt="Product Image"></a><p>FamilyCare Nasal Relief Spray, Pump Mist, Anti-drip, Severe Congestion, (Oxymetazoline HCI) 12 Hours, 3 Pack</p><p> -39% 0FF </p><p>$7.34 ($4.89 / Fl Oz)</p><a href="https://www.amazon.com/dp/B07PDJ138X?tag=eloabder-20&linkCode=osi&th=1&psc=1">View Product</a></div>
<div class="product"><a href="https://www.amazon.com/dp/B013IJPTFK?tag=eloabder-20&linkCode=osi&th=1&psc=1"><img src="https://m.media-amazon.com/images/I/41xvjpmyhUL._SL500_.jpg" alt="Product Image"></a><p>Pure Enrichment MistAire Ultrasonic Cool Mist Humidifier - Quiet Air Humidifier for Bedroom, Nursery, Office, & Indoor Plants - Lasts Up To 25 Hours</p><p> -20% 0FF </p><p>$39.99</p><a href="https://www.amazon.com/dp/B013IJPTFK?tag=eloabder-20&linkCode=osi&th=1&psc=1">View Product</a></div><div class="product"><a href="https://www.amazon.com/dp/B00F8MJXMG?tag=eloabder-20&linkCode=osi&th=1&psc=1"><img src="https://m.media-amazon.com/images/I/31JYco8Dz4L._SL500_.jpg" alt="Product Image"></a><p>Vicks Filter-Free Ultrasonic Humidifier. #1 Brand Recommended by Pediatricians*. 1.2 Gal Ultrasonic cool mist humidifier for medium to large Bedrooms, Kids Rooms, and More. Use with Vicks VapoPads.</p><p> -13% 0FF </p><p>$56.45</p><a href="https://www.amazon.com/dp/B00F8MJXMG?tag=eloabder-20&linkCode=osi&th=1&psc=1">View Product</a></div><div class="product"><a href="https://www.amazon.com/dp/B01MR4Y0CZ?tag=eloabder-20&linkCode=osi&th=1&psc=1"><img src="https://m.media-amazon.com/images/I/31FL7raWviL._SL500_.jpg" alt="Product Image"></a><p>ASAKUKI 500ml Premium, Essential Oil Diffuser with Remote Control, 5 in 1 Ultrasonic Aromatherapy Fragrant Oil Humidifier Vaporizer, Timer and Auto-Off Safety Switch Brown</p><p> -41% 0FF </p><p>$21.23</p><a href="https://www.amazon.com/dp/B01MR4Y0CZ?tag=eloabder-20&linkCode=osi&th=1&psc=1">View Product</a></div><div class="product"><a href="https://www.amazon.com/dp/B001FWXKTA?tag=eloabder-20&linkCode=osi&th=1&psc=1"><img src="https://m.media-amazon.com/images/I/31Rb8V-nAVL._SL500_.jpg" alt="Product Image"></a><p>Vicks Warm Mist Humidifier Small to Large Room for Baby, Kids and Adults, 1 Gallon Tank</p><p> -5% 0FF </p><p>$40.99</p><a href="https://www.amazon.com/dp/B001FWXKTA?tag=eloabder-20&linkCode=osi&th=1&psc=1">View Product</a></div><div class="product"><a href="https://www.amazon.com/dp/B07C683MBH?tag=eloabder-20&linkCode=osi&th=1&psc=1"><img src="https://m.media-amazon.com/images/I/31PvUTEoMCL._SL500_.jpg" alt="Product Image"></a><p>HealthSmart Essential Oil Diffuser, Cool Mist Humidifier and Aromatherapy Diffuser, FSA HSA Eligible with 500ML Tank for Large Rooms, Adjustable Timer, Mist Mode and 7 LED Light Colors, White</p><p> -47% 0FF </p><p>$25.49</p><a href="https://www.amazon.com/dp/B07C683MBH?tag=eloabder-20&linkCode=osi&th=1&psc=1">View Product</a></div><div class="product"><a href="https://www.amazon.com/dp/B01NBHQDNI?tag=eloabder-20&linkCode=osi&th=1&psc=1"><img src="https://m.media-amazon.com/images/I/41NnU7iAezL._SL500_.jpg" alt="Product Image"></a><p>Crane EE-5202 Inhaler & Warm Mist Humidifier, 0.5 Gallon, Blue & White</p><p> -24% 0FF </p><p>$45.49</p><a href="https://www.amazon.com/dp/B01NBHQDNI?tag=eloabder-20&linkCode=osi&th=1&psc=1">View Product</a></div><div class="product"><a href="https://www.amazon.com/dp/B073WJ5M1B?tag=eloabder-20&linkCode=osi&th=1&psc=1"><img src="https://m.media-amazon.com/images/I/41mWTAIAAiL._SL500_.jpg" alt="Product Image"></a><p>Pure Enrichment MistAire Silver Ultrasonic Cool Mist Humidifier for Bedroom, Office, Nursery & Indoor Plants - Lasts Up to 25 Hours, Whisper-Quiet Operation, Optional Night Light, & Auto Shut-Off</p><p> -20% 0FF </p><p>$39.99</p><a href="https://www.amazon.com/dp/B073WJ5M1B?tag=eloabder-20&linkCode=osi&th=1&psc=1">View Product</a></div>
<div class="product"><a href="https://www.amazon.com/dp/B086W2L7LZ?tag=eloabder-20&linkCode=osi&th=1&psc=1"><img src="https://m.media-amazon.com/images/I/41wQEdZ+aNL._SL500_.jpg" alt="Product Image"></a><p>MERIDIAN Body Hair Trimmer for Men, Bikini Trimmer for Women, Ball Trimmer Men, Pubic Hair, No Nick, No Cut, No Razor Burn, Groin and Body Shaver - Waterproof & Rechargeable Body Groomer - Sage</p><p> -33% 0FF </p><p>$49.99 ($49.99 / Count)</p><a href="https://www.amazon.com/dp/B086W2L7LZ?tag=eloabder-20&linkCode=osi&th=1&psc=1">View Product</a></div><div class="product"><a href="https://www.amazon.com/dp/B09QDRJ8ZX?tag=eloabder-20&linkCode=osi&th=1&psc=1"><img src="https://m.media-amazon.com/images/I/41jcrP+03XL._SL500_.jpg" alt="Product Image"></a><p>Finishing Touch Flawless Bikini Shaver and Trimmer Hair Remover for Women, Dry Use Electric Razor, Personal Groomer for Intimate Ladies Shaving, No Bump, Smooth Shave</p><p> -16% 0FF </p><p>$16.82</p><a href="https://www.amazon.com/dp/B09QDRJ8ZX?tag=eloabder-20&linkCode=osi&th=1&psc=1">View Product</a></div><div class="product"><a href="https://www.amazon.com/dp/B07HXK5J58?tag=eloabder-20&linkCode=osi&th=1&psc=1"><img src="https://m.media-amazon.com/images/I/31S-GgYdFYL._SL500_.jpg" alt="Product Image"></a><p>Wahl Lithium Pen Detail Trimmer with Interchangeable Heads for Nose, Ear, Neckline, Eyebrow, & Other Detailing – Rinseable Blades for Hygienic Grooming & Easy Cleaning – Blue – Model 5643-400</p><p> -13% 0FF </p><p>$13.04</p><a href="https://www.amazon.com/dp/B07HXK5J58?tag=eloabder-20&linkCode=osi&th=1&psc=1">View Product</a></div>
<div class="product"><a href="https://www.amazon.com/dp/B00006IVEN?tag=eloabder-20&linkCode=osi&th=1&psc=1"><img src="https://m.media-amazon.com/images/I/51xyn7u5V1L._SL500_.jpg" alt="Product Image"></a><p>Wahl Clipper USA Color Pro Complete Haircutting Kit with Easy Color Coded Guide Combs - Corded Clipper for Hair clipping & Grooming Men, Women, & Children - Model 79300-1001M</p><p> -25% 0FF </p><p>$29.99</p><a href="https://www.amazon.com/dp/B00006IVEN?tag=eloabder-20&linkCode=osi&th=1&psc=1">View Product</a></div><div class="product"><a href="https://www.amazon.com/dp/B0CRSZ9F1Y?tag=eloabder-20&linkCode=osi&th=1&psc=1"><img src="https://m.media-amazon.com/images/I/412g4VU8wDL._SL500_.jpg" alt="Product Image"></a><p>Ufree Hair Clippers for Men, Professional Clippers and Trimmers Set, Cordless Clippers for Hair Cutting, Beard Trimmer, Barber Clippers, Rechargeable Electric Shaver, Gifts for Men</p><p> -17% 0FF </p><p>$29.99</p><a href="https://www.amazon.com/dp/B0CRSZ9F1Y?tag=eloabder-20&linkCode=osi&th=1&psc=1">View Product</a></div><div class="product"><a href="https://www.amazon.com/dp/B0D1C9D1RC?tag=eloabder-20&linkCode=osi&th=1&psc=1"><img src="https://m.media-amazon.com/images/I/51seCL0pKkL._SL500_.jpg" alt="Product Image"></a><p>Jack & Rose Cordless Hair Clippers, Mens Hair Clippers, Wireless Clippers for Men, Barber kit Professional Clippers for Men</p><p> -40% 0FF </p><p>$29.99</p><a href="https://www.amazon.com/dp/B0D1C9D1RC?tag=eloabder-20&linkCode=osi&th=1&psc=1">View Product</a></div><div class="product"><a href="https://www.amazon.com/dp/B0D45VM3V8?tag=eloabder-20&linkCode=osi&th=1&psc=1"><img src="https://m.media-amazon.com/images/I/51QKYshKrXL._SL500_.jpg" alt="Product Image"></a><p>VGRPRO Hair Clippers for Men, Professional Cordless Hair Clippers and Trimmer Set, 4 in 1 Mens Beard Trimmer and Nose Ear Trimmer with Package Box</p><p> -29% 0FF </p><p>$49.99</p><a href="https://www.amazon.com/dp/B0D45VM3V8?tag=eloabder-20&linkCode=osi&th=1&psc=1">View Product</a></div>
<div class="product"><a href="https://www.amazon.com/dp/B0CZ4D2BXK?tag=eloabder-20&linkCode=osi&th=1&psc=1"><img src="https://m.media-amazon.com/images/I/61K04euiQlL._SL500_.jpg" alt="Product Image"></a><p>Electric Razor for Men, SHPAVVER Electric Shaver for Men, Rechargeable Wet Dry Shaver with Pop Up Trimmer, Waterproof Cordless Portable Razor</p><p> -15% 0FF </p><p>$21.24 ($21.24 / Count)</p><a href="https://www.amazon.com/dp/B0CZ4D2BXK?tag=eloabder-20&linkCode=osi&th=1&psc=1">View Product</a></div><div class="product"><a href="https://www.amazon.com/dp/B0115I2DRI?tag=eloabder-20&linkCode=osi&th=1&psc=1"><img src="https://m.media-amazon.com/images/I/51teVsMVjiL._SL500_.jpg" alt="Product Image"></a><p>Braun Electric Series 3 Razor with Precision Trimmer, Rechargeable, Wet & Dry Foil Shaver for Men, Blue/Black, 4 Piece</p><p> -25% 0FF </p><p>$59.99</p><a href="https://www.amazon.com/dp/B0115I2DRI?tag=eloabder-20&linkCode=osi&th=1&psc=1">View Product</a></div><div class="product"><a href="https://www.amazon.com/dp/B01M31O317?tag=eloabder-20&linkCode=osi&th=1&psc=1"><img src="https://m.media-amazon.com/images/I/41OAg4SbATL._SL500_.jpg" alt="Product Image"></a><p>Braun Electric Razor for Men, Series 3 310s Electric Foil Shaver, Rechargeable, Wet & Dry</p><p> -27% 0FF </p><p>$39.94</p><a href="https://www.amazon.com/dp/B01M31O317?tag=eloabder-20&linkCode=osi&th=1&psc=1">View Product</a></div><div class="product"><a href="https://www.amazon.com/dp/B00BB5YHEI?tag=eloabder-20&linkCode=osi&th=1&psc=1"><img src="https://m.media-amazon.com/images/I/4119p-23FFL._SL500_.jpg" alt="Product Image"></a><p>Remington Foil Shaver, Electric Razor for Men, Cordless Rechargeable with Pop Up Trimmer, Pivot & FlexFoil Technology, Lightweight Handheld Design, Black</p><p> -25% 0FF </p><p>$44.97</p><a href="https://www.amazon.com/dp/B00BB5YHEI?tag=eloabder-20&linkCode=osi&th=1&psc=1">View Product</a></div><div class="product"><a href="https://www.amazon.com/dp/B0CRMR45S2?tag=eloabder-20&linkCode=osi&th=1&psc=1"><img src="https://m.media-amazon.com/images/I/41onMcdpgCL._SL500_.jpg" alt="Product Image"></a><p>Braun Electric Shaver for Men, Series 5 5150cs, Wet & Dry Shave, Turbo Shaving Mode, Foil Shaver, with Beard Trimmer, Body Groomer and Charging Stand, Blue</p><p> -10% 0FF </p><p>$89.94</p><a href="https://www.amazon.com/dp/B0CRMR45S2?tag=eloabder-20&linkCode=osi&th=1&psc=1">View Product</a></div>
<div class="product"><a href="https://www.amazon.com/dp/B00LE99PA2?tag=eloabder-20&linkCode=osi&th=1&psc=1"><img src="https://m.media-amazon.com/images/I/518ViTgYdGL._SL500_.jpg" alt="Product Image"></a><p>Amopé Pedi Perfect Electric Callus Remover Foot File w/ Diamond Crystals, Pedicure Tool for Feet, Removes Hard & Dead Skin, Feet Scrubber & Buffer, Splashproof, w/ Extra Coarse Roller Head, 1 Count</p><p> -32% 0FF </p><p>$20.49</p><a href="https://www.amazon.com/dp/B00LE99PA2?tag=eloabder-20&linkCode=osi&th=1&psc=1">View Product</a></div><div class="product"><a href="https://www.amazon.com/dp/B07HRYCWQZ?tag=eloabder-20&linkCode=osi&th=1&psc=1"><img src="https://m.media-amazon.com/images/I/41foQatg2ZL._SL500_.jpg" alt="Product Image"></a><p>Extra Strength Callus Remover for Feet - Callus Remover Gel Foot Scrubber for Dead Skin - Professional Pedicure Foot Spa Essential, 6oz</p><p> -40% 0FF </p><p>$8.95</p><a href="https://www.amazon.com/dp/B07HRYCWQZ?tag=eloabder-20&linkCode=osi&th=1&psc=1">View Product</a></div><div class="product"><a href="https://www.amazon.com/dp/B01NCMJPOQ?tag=eloabder-20&linkCode=osi&th=1&psc=1"><img src="https://m.media-amazon.com/images/I/31lxdO7tvoL._SL500_.jpg" alt="Product Image"></a><p>Lee Beauty Professional Callus Remover for Feet - Original, Powerful Formulation - Extra Strength Gel, Home Pedicure Foot Spa Results - Cracked & Dead Dry Skin Supplies - 8 Oz</p><p> -21% 0FF </p><p>$14.99 ($1.87 / Ounce)</p><a href="https://www.amazon.com/dp/B01NCMJPOQ?tag=eloabder-20&linkCode=osi&th=1&psc=1">View Product</a></div>
<div class="product"><a href="https://www.amazon.com/dp/B0B3GCCRVH?tag=eloabder-20&linkCode=osi&th=1&psc=1"><img src="https://m.media-amazon.com/images/I/41EdCdrw-AL._SL500_.jpg" alt="Product Image"></a><p>CeraVe Skin Renewing Eye Cream For Wrinkles | Under Eye Cream With Peptides + Caffeine + Niacinamide | Anti Aging Eye Cream For Wrinkles & Crows Feet | Paraben Free & Opthalmologist Tested</p><p> -16% 0FF </p><p>$18.49 ($36.98 / Ounce)</p><a href="https://www.amazon.com/dp/B0B3GCCRVH?tag=eloabder-20&linkCode=osi&th=1&psc=1">View Product</a></div><div class="product"><a href="https://www.amazon.com/dp/B0009RFB76?tag=eloabder-20&linkCode=osi&th=1&psc=1"><img src="https://m.media-amazon.com/images/I/31tA7bKP49L._SL500_.jpg" alt="Product Image"></a><p>RoC Retinol Correxion Under Eye Cream for Dark Circles & Puffiness, Daily Wrinkle Cream, Anti Aging Line Smoothing Skin Care Treatment for Women and Men, 0.5 oz (Packaging May Vary)</p><p> -37% 0FF </p><p>$18.76 ($37.52 / Fl Oz)</p><a href="https://www.amazon.com/dp/B0009RFB76?tag=eloabder-20&linkCode=osi&th=1&psc=1">View Product</a></div><div class="product"><a href="https://www.amazon.com/dp/B00005333I?tag=eloabder-20&linkCode=osi&th=1&psc=1"><img src="https://m.media-amazon.com/images/I/31webfO63dL._SL500_.jpg" alt="Product Image"></a><p>L'Oreal Paris Dermo-Expertise Eye Defense Eye Cream with Caffeine and Hyaluronic Acid 0.5 oz</p><p> -23% 0FF </p><p>$12.27 ($24.54 / Ounce)</p><a href="https://www.amazon.com/dp/B00005333I?tag=eloabder-20&linkCode=osi&th=1&psc=1">View Product</a></div><div class="product"><a href="https://www.amazon.com/dp/B000KOLXKM?tag=eloabder-20&linkCode=osi&th=1&psc=1"><img src="https://m.media-amazon.com/images/I/31AyRPc8dQL._SL500_.jpg" alt="Product Image"></a><p>L'Oreal Paris Skincare Revitalift Anti-Wrinkle and Firming Eye Cream with Pro Retinol, Treatment to Reduce Dark Circles, Fragrance Free, 0.5 oz.</p><p> -31% 0FF </p><p>$13.72 ($27.44 / Ounce)</p><a href="https://www.amazon.com/dp/B000KOLXKM?tag=eloabder-20&linkCode=osi&th=1&psc=1">View Product</a></div><div class="product"><a href="https://www.amazon.com/dp/B008CT12G2?tag=eloabder-20&linkCode=osi&th=1&psc=1"><img src="https://m.media-amazon.com/images/I/418TuUptrmL._SL500_.jpg" alt="Product Image"></a><p>L'Oreal Paris Revitalift Triple Power Anti-Aging Eye Cream Treatment, with Pro Retinol, Hyaluronic Acid & Vitamin C to Reduce Wrinkles, De-puff and Brighten Skin, 0.5 fl. oz.</p><p> -38% 0FF </p><p>$18.03 ($36.06 / Fl Oz)</p><a href="https://www.amazon.com/dp/B008CT12G2?tag=eloabder-20&linkCode=osi&th=1&psc=1">View Product</a></div>


<div class="product"><a href="https://www.amazon.com/dp/B06ZZ3PJQD?tag=eloabder-20&linkCode=osi&th=1&psc=1"><img src="https://m.media-amazon.com/images/I/41iB36grf+L._SL500_.jpg" alt="Product Image"></a><p>Premier Protein Powder, Vanilla Milkshake, 30g Protein, 1g Sugar, 100% Whey Protein, Keto Friendly, No Soy Ingredients, Gluten Free, 17 Servings, 23.3 Ounces</p><p> -5% 0FF </p><p>$22.69 ($0.97 / Ounce)</p><a href="https://www.amazon.com/dp/B06ZZ3PJQD?tag=eloabder-20&linkCode=osi&th=1&psc=1">View Product</a></div><div class="product"><a href="https://www.amazon.com/dp/B00K0FTJ1Q?tag=eloabder-20&linkCode=osi&th=1&psc=1"><img src="https://m.media-amazon.com/images/I/41lj-2jQP7L._SL500_.jpg" alt="Product Image"></a><p>Purely Inspired Plant-Based Protein Powder for Men & Women, Creamy French Vanilla (16 Servings) - Vegan & Organic - 20g of Pea Protein Powder for Smoothies & Shakes - Dairy-Free, & Gluten-Free</p><p> -10% 0FF </p><p>$17.97 ($0.90 / Ounce)</p><a href="https://www.amazon.com/dp/B00K0FTJ1Q?tag=eloabder-20&linkCode=osi&th=1&psc=1">View Product</a></div>

<div class="product"><a href="https://www.amazon.com/dp/B0CV9JW4DS?tag=eloabder-20&linkCode=osi&th=1&psc=1"><img src="https://m.media-amazon.com/images/I/51L8z3xzNsL._SL500_.jpg" alt="Product Image"></a><p>Zoyava Dynamic Vitality Bundle - Sea Moss 7000mg, Black Seed Oil 4000mg, Ashwagandha 2000mg, Ginger & Shilajit 9000mg, Rhodiola Rosea 1000mg, Panax Ginseng 1500mg, All in 1 Supplements (60 Count)</p><p> -26% 0FF </p><p>$41.49 ($0.35 / Count)</p><a href="https://www.amazon.com/dp/B0CV9JW4DS?tag=eloabder-20&linkCode=osi&th=1&psc=1">View Product</a></div><div class="product"><a href="https://www.amazon.com/dp/B0BHFCW4C5?tag=eloabder-20&linkCode=osi&th=1&psc=1"><img src="https://m.media-amazon.com/images/I/41fohn0IzqL._SL500_.jpg" alt="Product Image"></a><p>Clean Nutraceuticals Ceylon Cinnamon 3000mg Turmeric 3000mg Apple Cider Vinegar 3000mg Ginseng 2000mg Berberine 1200mg Plus Bitter Melon Gymnema Milk Thistle Fenugreek</p><p> -25% 0FF </p><p>$29.95 ($0.50 / Count)</p><a href="https://www.amazon.com/dp/B0BHFCW4C5?tag=eloabder-20&linkCode=osi&th=1&psc=1">View Product</a></div><div class="product"><a href="https://www.amazon.com/dp/B079JX3FMC?tag=eloabder-20&linkCode=osi&th=1&psc=1"><img src="https://m.media-amazon.com/images/I/41a2YMmAOdL._SL500_.jpg" alt="Product Image"></a><p>Bronson Milk Thistle Silymarin Marianum & Dandelion Root Liver Health Support, Antioxidant Support, Detox, 120 Capsules</p><p> -33% 0FF </p><p>$9.99 ($0.08 / Count)</p><a href="https://www.amazon.com/dp/B079JX3FMC?tag=eloabder-20&linkCode=osi&th=1&psc=1">View Product</a></div><div class="product"><a href="https://www.amazon.com/dp/B01NCUJPBF?tag=eloabder-20&linkCode=osi&th=1&psc=1"><img src="https://m.media-amazon.com/images/I/418t59tc2oL._SL500_.jpg" alt="Product Image"></a><p>Liver Cleanse Detox & Repair Formula - Herbal Liver Support Supplement with Milk Thistle Turmeric Dandelion Root & Artichoke Extract for Liver Health - Silymarin Milk Thistle Liver Detox Capsules</p><p> -9% 0FF </p><p>$22.77 ($0.33 / Count)</p><a href="https://www.amazon.com/dp/B01NCUJPBF?tag=eloabder-20&linkCode=osi&th=1&psc=1">View Product</a></div><div class="product"><a href="https://www.amazon.com/dp/B09ZBC7DNT?tag=eloabder-20&linkCode=osi&th=1&psc=1"><img src="https://m.media-amazon.com/images/I/51X7ID-lCkL._SL500_.jpg" alt="Product Image"></a><p>10 in 1 High Strength Mushroom Supplement 9,700MG - Lions Mane, Cordyceps, Reishi - Brain Supplements for Memory and Focus ** 5-Month Supply</p><p> -15% 0FF </p><p>$16.99 ($0.11 / Count)</p><a href="https://www.amazon.com/dp/B09ZBC7DNT?tag=eloabder-20&linkCode=osi&th=1&psc=1">View Product</a></div>




<div class="product"><a href="https://www.amazon.com/dp/B09RQBHRCT?tag=eloabder-20&linkCode=osi&th=1&psc=1"><img src="https://m.media-amazon.com/images/I/41Cf0KUSNaL._SL500_.jpg" alt="Product Image"></a><p>Vital Proteins Collagen Peptides Powder, Promotes Hair, Nail, Skin, Bone and Joint Health, Zero Sugar, Unflavored 9.33 OZ</p><p> -21% 0FF </p><p>$21.45 ($2.30 / Ounce)</p><a href="https://www.amazon.com/dp/B09RQBHRCT?tag=eloabder-20&linkCode=osi&th=1&psc=1">View Product</a></div><div class="product"><a href="https://www.amazon.com/dp/B006VAZYNG?tag=eloabder-20&linkCode=osi&th=1&psc=1"><img src="https://m.media-amazon.com/images/I/41Zc2u0aSPL._SL500_.jpg" alt="Product Image"></a><p>Youtheory Advanced Collagen - 6,000 mg Collagen - with Vitamin C - for Hair, Skin & Nails* - Collagen Supplements for Women and Men - 290 Tablets</p><p> -27% 0FF </p><p>$16.71 ($0.06 / Count)</p><a href="https://www.amazon.com/dp/B006VAZYNG?tag=eloabder-20&linkCode=osi&th=1&psc=1">View Product</a></div><div class="product"><a href="https://www.amazon.com/dp/B01LXADO9Z?tag=eloabder-20&linkCode=osi&th=1&psc=1"><img src="https://m.media-amazon.com/images/I/41hb9KFlioL._SL500_.jpg" alt="Product Image"></a><p>Ancient Nutrition Collagen Powder Protein with Probiotics, Unflavored Multi Collagen Protein with Vitamin C, 45 Servings, Hydrolyzed Collagen Peptides Supports Skin and Nails, Gut Health, 16oz</p><p> -32% 0FF </p><p>$36.00 ($2.25 / Ounce)</p><a href="https://www.amazon.com/dp/B01LXADO9Z?tag=eloabder-20&linkCode=osi&th=1&psc=1">View Product</a></div><div class="product"><a href="https://www.amazon.com/dp/B08FNKSPD2?tag=eloabder-20&linkCode=osi&th=1&psc=1"><img src="https://m.media-amazon.com/images/I/41IT1q7jWKL._SL500_.jpg" alt="Product Image"></a><p>Nature Made Collagen Gummies with Vitamin C, Zinc and Biotin, Hydrolyzed Collagen Peptides Supplement for Healthy Skin Support, 60 Gummies, 60 Day Supply</p><p> -31% 0FF </p><p>$10.99 ($0.18 / Count)</p><a href="https://www.amazon.com/dp/B08FNKSPD2?tag=eloabder-20&linkCode=osi&th=1&psc=1">View Product</a></div>
<div class="product"><a href="https://www.amazon.com/dp/B07JMHNP9F?tag=eloabder-20&linkCode=osi&th=1&psc=1"><img src="https://m.media-amazon.com/images/I/51LdUja0NTL._SL500_.jpg" alt="Product Image"></a><p>Prebiotics for Advanced Gut Health - Immune System Support & Dietary Fiber - Fuels Good Bacteria Growth to Promote Digestive Health - Gas & Digestion Support - Probiotics for Men & Women - 60 Capsules</p><p> -29% 0FF </p><p>$19.97 ($0.33 / Count)</p><a href="https://www.amazon.com/dp/B07JMHNP9F?tag=eloabder-20&linkCode=osi&th=1&psc=1">View Product</a></div><div class="product"><a href="https://www.amazon.com/dp/B0BRTJ7BJ1?tag=eloabder-20&linkCode=osi&th=1&psc=1"><img src="https://m.media-amazon.com/images/I/51JFiTJs6ZL._SL500_.jpg" alt="Product Image"></a><p>Physician's CHOICE Prebiotic-Probiotic - Multi-Strain Probiotics & Synergistic Prebiotics -Designed for Digestive Health, Supporting Gut Microbiome - Powerful PrePro for Gut Health - for Women & Men</p><p> -15% 0FF </p><p>$16.97 ($0.57 / Count)</p><a href="https://www.amazon.com/dp/B0BRTJ7BJ1?tag=eloabder-20&linkCode=osi&th=1&psc=1">View Product</a></div><div class="product"><a href="https://www.amazon.com/dp/B07VYMQF6M?tag=eloabder-20&linkCode=osi&th=1&psc=1"><img src="https://m.media-amazon.com/images/I/51Y0hMBp3NL._SL500_.jpg" alt="Product Image"></a><p>Prebiotics and Probiotic with Whole Food Enzymes for Adults Women & Men - Probiotics Lactobacillus Acidophilus - Digestive Health Capsules Shelf Stable Supplement - Non-GMO Gluten & Dairy Free -30ct</p><p> -20% 0FF </p><p>$19.97 ($0.67 / Count)</p><a href="https://www.amazon.com/dp/B07VYMQF6M?tag=eloabder-20&linkCode=osi&th=1&psc=1">View Product</a></div>
<div class="product"><a href="https://www.amazon.com/dp/B00RH5K26I?tag=eloabder-20&linkCode=osi&th=1&psc=1"><img src="https://m.media-amazon.com/images/I/41cP90ySbpL._SL500_.jpg" alt="Product Image"></a><p>Zenwise Health Digestive Enzymes - Probiotic Multi Enzymes with Probiotics and Prebiotics for Digestive Health and Bloating Relief for Women and Men, Daily Enzymes for Gut and Digestion - 180 Count</p><p> -11% 0FF </p><p>$39.97 ($0.22 / Count)</p><a href="https://www.amazon.com/dp/B00RH5K26I?tag=eloabder-20&linkCode=osi&th=1&psc=1">View Product</a></div><div class="product"><a href="https://www.amazon.com/dp/B0009EXOTQ?tag=eloabder-20&linkCode=osi&th=1&psc=1"><img src="https://m.media-amazon.com/images/I/31XrgidcsbL._SL500_.jpg" alt="Product Image"></a><p>Source Naturals Essential Enzymes 500mg Bio-Aligned Multiple Enzyme Supplement Herbal Defense for Digestion, Gas, Constipation & Bloating Relief - Supports Immune System - 240 Capsules</p><p> -9% 0FF </p><p>$19.95 ($0.08 / Count)</p><a href="https://www.amazon.com/dp/B0009EXOTQ?tag=eloabder-20&linkCode=osi&th=1&psc=1">View Product</a></div><div class="product"><a href="https://www.amazon.com/dp/B0012QMAHM?tag=eloabder-20&linkCode=osi&th=1&psc=1"><img src="https://m.media-amazon.com/images/I/41DLWhEdXTL._SL500_.jpg" alt="Product Image"></a><p>Enzymedica Digest Gold + ATPro, Maximum Strength Digestive Enzymes, Helps Digest Large Meals for Instant Bloating Relief, 45 Count</p><p> -18% 0FF </p><p>$24.74 ($0.55 / Count)</p><a href="https://www.amazon.com/dp/B0012QMAHM?tag=eloabder-20&linkCode=osi&th=1&psc=1">View Product</a></div>

<div class="product"><a href="https://www.amazon.com/dp/B0B1VRCJ2Z?tag=eloabder-20&linkCode=osi&th=1&psc=1"><img src="https://m.media-amazon.com/images/I/31rFUBNNRlL._SL500_.jpg" alt="Product Image"></a><p>Health by Habit Energy Supplement (60 Capsules) - Natual Caffeine Blend, Vitamins B & C, Supports Energy Levels, Promotes Mental Alertness and Focus, Vegan, Non-GMO, Sugar Free (1 Pack)</p><p> -12% 0FF </p><p>$7.88 ($0.13 / Count)</p><a href="https://www.amazon.com/dp/B0B1VRCJ2Z?tag=eloabder-20&linkCode=osi&th=1&psc=1">View Product</a></div><div class="product"><a href="https://www.amazon.com/dp/B008PQDCG0?tag=eloabder-20&linkCode=osi&th=1&psc=1"><img src="https://m.media-amazon.com/images/I/51EFLU6zpCL._SL500_.jpg" alt="Product Image"></a><p>Nature Made Super B Energy Complex, Dietary Supplement for Brain Cell Function Support, 60 Softgels, 60 Day Supply</p><p> -35% 0FF </p><p>$9.34 ($0.16 / Count)</p><a href="https://www.amazon.com/dp/B008PQDCG0?tag=eloabder-20&linkCode=osi&th=1&psc=1">View Product</a></div><div class="product"><a href="https://www.amazon.com/dp/B01LXX5Z8Q?tag=eloabder-20&linkCode=osi&th=1&psc=1"><img src="https://m.media-amazon.com/images/I/41SOEB+wJRL._SL500_.jpg" alt="Product Image"></a><p>OLLY Daily Energy Gummy, Caffeine Free, Vitamin B12, CoQ10, Goji Berry, Adult Chewable Supplement, Tropical Flavor - 60 Count</p><p> -8% 0FF </p><p>$12.88 ($0.21 / Count)</p><a href="https://www.amazon.com/dp/B01LXX5Z8Q?tag=eloabder-20&linkCode=osi&th=1&psc=1">View Product</a></div><div class="product"><a href="https://www.amazon.com/dp/B0BV4F17B4?tag=eloabder-20&linkCode=osi&th=1&psc=1"><img src="https://m.media-amazon.com/images/I/41UR52LyNJL._SL500_.jpg" alt="Product Image"></a><p>OLLY Extra Strength Daily Energy Gummy, Caffeine Free, 1000mcg Vitamin B12, CoQ10, Goji Berry, Adult Chewable Supplement, Berry Yuzu Flavor - 60 Count</p><p> -16% 0FF </p><p>$15.88 ($0.26 / Count)</p><a href="https://www.amazon.com/dp/B0BV4F17B4?tag=eloabder-20&linkCode=osi&th=1&psc=1">View Product</a></div><div class="product"><a href="https://www.amazon.com/dp/B013U9NR1G?tag=eloabder-20&linkCode=osi&th=1&psc=1"><img src="https://m.media-amazon.com/images/I/41JPVOnggqL._SL500_.jpg" alt="Product Image"></a><p>GNC Womens Ultra Mega Energy and Metabolism Multivitamin for Women, 90 Count, for Increased Energy, Metablism, and Calorie Burning</p><p> -7% 0FF </p><p>$20.52 ($0.23 / Count)</p><a href="https://www.amazon.com/dp/B013U9NR1G?tag=eloabder-20&linkCode=osi&th=1&psc=1">View Product</a></div><div class="product"><a href="https://www.amazon.com/dp/B00H34BOCE?tag=eloabder-20&linkCode=osi&th=1&psc=1"><img src="https://m.media-amazon.com/images/I/41Ho0oGzx-L._SL500_.jpg" alt="Product Image"></a><p>Nature Made Energy B12 1000 mcg, Dietary Supplement for Energy Metabolism Support, 80 Gummies, 40 Day Supply</p><p> -12% 0FF </p><p>$9.49 ($0.12 / Count)</p><a href="https://www.amazon.com/dp/B00H34BOCE?tag=eloabder-20&linkCode=osi&th=1&psc=1">View Product</a></div><div class="product"><a href="https://www.amazon.com/dp/B003XTV3OC?tag=eloabder-20&linkCode=osi&th=1&psc=1"><img src="https://m.media-amazon.com/images/I/41aGtkADESL._SL500_.jpg" alt="Product Image"></a><p>GNC Mega Men Energy and Metabolism Supplement, 90 Count</p><p> -13% 0FF </p><p>$19.99 ($0.22 / count)</p><a href="https://www.amazon.com/dp/B003XTV3OC?tag=eloabder-20&linkCode=osi&th=1&psc=1">View Product</a></div>
<div class="product"><a href="https://www.amazon.com/dp/B07SSVYMJV?tag=eloabder-20&linkCode=osi&th=1&psc=1"><img src="https://m.media-amazon.com/images/I/41nKoj5uWZL._SL500_.jpg" alt="Product Image"></a><p>Kirkland Signature Triple Action Joint Health, UC•ll Undenatured Type II Collagen, Boron, Hyaluronic Acid,with Boron,110 Coated Tablets(Pack of 2)</p><p> -18% 0FF </p><p>$48.99 ($0.22 / Count)</p><a href="https://www.amazon.com/dp/B07SSVYMJV?tag=eloabder-20&linkCode=osi&th=1&psc=1">View Product</a></div><div class="product"><a href="https://www.amazon.com/dp/B07VLJN7C6?tag=eloabder-20&linkCode=osi&th=1&psc=1"><img src="https://m.media-amazon.com/images/I/41+zx9kRxGL._SL500_.jpg" alt="Product Image"></a><p>Move Free Ultra Triple Action Joint Support Supplement - Type II Collagen Boron & Hyaluronic Acid - Supports Joint Comfort, Cartiliage & Bones in 1 Tiny Pill Per Day, 64 Tablets (64 servings)*</p><p> -32% 0FF </p><p>$20.47 ($0.32 / Count)</p><a href="https://www.amazon.com/dp/B07VLJN7C6?tag=eloabder-20&linkCode=osi&th=1&psc=1">View Product</a></div><div class="product"><a href="https://www.amazon.com/dp/B0CZB1RJ8L?tag=eloabder-20&linkCode=osi&th=1&psc=1"><img src="https://m.media-amazon.com/images/I/516O87kHbuL._SL500_.jpg" alt="Product Image"></a><p>Qunol 5-in-1 Joint Support Supplement, Fast Acting, One Pill Dose, Support Healthy Inflammation Response & Discomfort Caused by Overuse of Joints, Alternative to Glucosamine Chondroitin MSM, 60 Count</p><p> -16% 0FF </p><p>$27.80 ($0.46 / Count)</p><a href="https://www.amazon.com/dp/B0CZB1RJ8L?tag=eloabder-20&linkCode=osi&th=1&psc=1">View Product</a></div><div class="product"><a href="https://www.amazon.com/dp/B0082D9QUW?tag=eloabder-20&linkCode=osi&th=1&psc=1"><img src="https://m.media-amazon.com/images/I/413QAFL8wML._SL500_.jpg" alt="Product Image"></a><p>Osteo Bi-Flex One Per Day, Glucosamine Joint Health Supplement with Vitamin D, Coated Tablets, 60 Count</p><p> -44% 0FF </p><p>$19.57 ($0.33 / Count)</p><a href="https://www.amazon.com/dp/B0082D9QUW?tag=eloabder-20&linkCode=osi&th=1&psc=1">View Product</a></div><div class="product"><a href="https://www.amazon.com/dp/B001W2MBSE?tag=eloabder-20&linkCode=osi&th=1&psc=1"><img src="https://m.media-amazon.com/images/I/4144YmkKbfL._SL500_.jpg" alt="Product Image"></a><p>Move Free Advanced Glucosamine Chondroitin MSM Joint Support Supplement, Supports Mobility Comfort Strength Flexibility & Bone - 120 Tablets (40 servings)*</p><p> -35% 0FF </p><p>$19.49 ($0.16 / Count)</p><a href="https://www.amazon.com/dp/B001W2MBSE?tag=eloabder-20&linkCode=osi&th=1&psc=1">View Product</a></div>
<div class="product"><a href="https://www.amazon.com/dp/B08ML6GMY4?tag=eloabder-20&linkCode=osi&th=1&psc=1"><img src="https://m.media-amazon.com/images/I/415l9I+T6aL._SL500_.jpg" alt="Product Image"></a><p>Snap Supplements Heart Health Supplements and Blood Circulation Supplements, 90 Capsules</p><p> -18% 0FF </p><p>$32.95 ($0.37 / Count)</p><a href="https://www.amazon.com/dp/B08ML6GMY4?tag=eloabder-20&linkCode=osi&th=1&psc=1">View Product</a></div><div class="product"><a href="https://www.amazon.com/dp/B00014JOWU?tag=eloabder-20&linkCode=osi&th=1&psc=1"><img src="https://m.media-amazon.com/images/I/41L4KTA5YkL._SL500_.jpg" alt="Product Image"></a><p>Century Systems - Heart Miracle, Nutritional Supplement for Blood Pressure, Cholesterol, and Cardiovascular Support, 32 Ounce Liquid, 16-32 Servings</p><p> -16% 0FF </p><p>$27.74 ($0.87 / Fl Oz)</p><a href="https://www.amazon.com/dp/B00014JOWU?tag=eloabder-20&linkCode=osi&th=1&psc=1">View Product</a></div><div class="product"><a href="https://www.amazon.com/dp/B095WNBLMN?tag=eloabder-20&linkCode=osi&th=1&psc=1"><img src="https://m.media-amazon.com/images/I/41G4HHN2YJL._SL500_.jpg" alt="Product Image"></a><p>Force Factor Total Beets Soft Chews with Beetroot, Nitrates, L-Citrulline, Grapeseed Extract, and Antioxidants, Healthy Energy Supplement with Elite Ingredients, Heart Health Superfood, 60 Chews</p><p> -21% 0FF </p><p>$14.98 ($0.25 / Count)</p><a href="https://www.amazon.com/dp/B095WNBLMN?tag=eloabder-20&linkCode=osi&th=1&psc=1">View Product</a></div>
<div class="product"><a href="https://www.amazon.com/dp/B01MZ6YI2A?tag=eloabder-20&linkCode=osi&th=1&psc=1"><img src="https://m.media-amazon.com/images/I/51cTsNDt7bL._SL500_.jpg" alt="Product Image"></a><p>New Chapter Calcium Supplement - Bone Strength Organic Calcium with Magnesium, Vitamin D3+K2, 70+ Trace Minerals for Bone Health, Gluten Free, Easy to Swallow - 120 Slim Tablets</p><p> -12% 0FF </p><p>$32.56 ($0.27 / Count)</p><a href="https://www.amazon.com/dp/B01MZ6YI2A?tag=eloabder-20&linkCode=osi&th=1&psc=1">View Product</a></div>
<div class="product"><a href="https://www.amazon.com/dp/B072F8HRM1?tag=eloabder-20&linkCode=osi&th=1&psc=1"><img src="https://m.media-amazon.com/images/I/51KS6y-EH7L._SL500_.jpg" alt="Product Image"></a><p>AZO Bladder Control with Go-Less® & Weight Management Dietary Supplement | Helps Reduce Occasional Urgency* | Promotes Healthy Metabolism* | Supports a Good Night’s Sleep* | 48 Capsules</p><p> -8% 0FF </p><p>$20.21 ($0.42 / Count)</p><a href="https://www.amazon.com/dp/B072F8HRM1?tag=eloabder-20&linkCode=osi&th=1&psc=1">View Product</a></div><div class="product"><a href="https://www.amazon.com/dp/B0BWZQLQLP?tag=eloabder-20&linkCode=osi&th=1&psc=1"><img src="https://m.media-amazon.com/images/I/41iuD-eU7lL._SL500_.jpg" alt="Product Image"></a><p>Nature’s Bounty Metabolism Booster Supplement, Boosts Fat Metabolism, Promotes Abdominal Fat Loss, with Citrus Extracts and Black Ginger, 60 Capsules</p><p> -6% 0FF </p><p>$19.06 ($0.32 / Count)</p><a href="https://www.amazon.com/dp/B0BWZQLQLP?tag=eloabder-20&linkCode=osi&th=1&psc=1">View Product</a></div>

<div class="product"><a href="https://www.amazon.com/dp/B08DP57QF5?tag=eloabder-20&linkCode=osi&th=1&psc=1"><img src="https://m.media-amazon.com/images/I/41fG9e3QHeL._SL500_.jpg" alt="Product Image"></a><p>Inno Cleanse - Waist Trimming Complex | Digestive System Support & Aid | Reduced Bloating | Improves Energy Levels | Gluten Free, Vegan Friendly</p><p> -12% 0FF </p><p>$43.99 ($0.73 / Count)</p><a href="https://www.amazon.com/dp/B08DP57QF5?tag=eloabder-20&linkCode=osi&th=1&psc=1">View Product</a></div><div class="product"><a href="https://www.amazon.com/dp/B0015R3L5S?tag=eloabder-20&linkCode=osi&th=1&psc=1"><img src="https://m.media-amazon.com/images/I/51LB3xPDZ+L._SL500_.jpg" alt="Product Image"></a><p>Renew Life Detox Cleanse More, Reduces Bloating and Restores Regularity, Overnight Constipation Relief, Soy, Dairy and gluten-free, 100 Capsules</p><p> -29% 0FF </p><p>$21.23 ($0.21 / Count)</p><a href="https://www.amazon.com/dp/B0015R3L5S?tag=eloabder-20&linkCode=osi&th=1&psc=1">View Product</a></div>

<div class="product"><a href="https://www.amazon.com/dp/B0C6MZV9NT?tag=eloabder-20&linkCode=osi&th=1&psc=1"><img src="https://m.media-amazon.com/images/I/41e-mNhP2zL._SL500_.jpg" alt="Product Image"></a><p>Nature's Bounty Stress Relief, Ashwagandha KSM-66, Supports Occasional Stress Relief, Dietary Supplement, Tablets, 90 Ct</p><p> -34% 0FF </p><p>$13.70 ($0.15 / Count)</p><a href="https://www.amazon.com/dp/B0C6MZV9NT?tag=eloabder-20&linkCode=osi&th=1&psc=1">View Product</a></div><div class="product"><a href="https://www.amazon.com/dp/B08VYWSVVF?tag=eloabder-20&linkCode=osi&th=1&psc=1"><img src="https://m.media-amazon.com/images/I/41Ho+8wPa0L._SL500_.jpg" alt="Product Image"></a><p>Boiron StressCalm for Relief of Stress, Anxiousness, Nervousness, Irritability, and Fatigue - 60 Count</p><p> -29% 0FF </p><p>$8.49 ($0.14 / Count)</p><a href="https://www.amazon.com/dp/B08VYWSVVF?tag=eloabder-20&linkCode=osi&th=1&psc=1">View Product</a></div><div class="product"><a href="https://www.amazon.com/dp/B09SR84773?tag=eloabder-20&linkCode=osi&th=1&psc=1"><img src="https://m.media-amazon.com/images/I/41ZCNv-yCrL._SL500_.jpg" alt="Product Image"></a><p>Nature Made Wellblends Stress Relief Gummies, L theanine 200mg to Help Reduce Stress, with GABA 100mg, Same Day Stress Support, 40 Strawberry Flavor Gummies</p><p> -16% 0FF </p><p>$13.41 ($0.34 / Count)</p><a href="https://www.amazon.com/dp/B09SR84773?tag=eloabder-20&linkCode=osi&th=1&psc=1">View Product</a></div><div class="product"><a href="https://www.amazon.com/dp/B07JDWTDPB?tag=eloabder-20&linkCode=osi&th=1&psc=1"><img src="https://m.media-amazon.com/images/I/41Suhu46BgL._SL500_.jpg" alt="Product Image"></a><p>UpNature Calm Essential Oil Roll On Blend - Self Care Stocking Stuffers for Women - 100% Natural Relaxation Aromatherapy Oil</p><p> -40% 0FF </p><p>$8.98 ($27.21 / Fl Oz)</p><a href="https://www.amazon.com/dp/B07JDWTDPB?tag=eloabder-20&linkCode=osi&th=1&psc=1">View Product</a></div><div class="product"><a href="https://www.amazon.com/dp/B000OC1ETU?tag=eloabder-20&linkCode=osi&th=1&psc=1"><img src="https://m.media-amazon.com/images/I/51tdD9F9O4L._SL500_.jpg" alt="Product Image"></a><p>Bach RESCUE PASTILLES, Orange and Elderflower Flavor, Natural Stress Relief Lozenges, Homeopathic Flower Essence, Vegetarian, Gluten & Sugar-Free, Holiday Stocking Stuffer, 35 Count</p><p> -16% 0FF </p><p>$8.75 ($0.25 / Count)</p><a href="https://www.amazon.com/dp/B000OC1ETU?tag=eloabder-20&linkCode=osi&th=1&psc=1">View Product</a></div><div class="product"><a href="https://www.amazon.com/dp/B00D1441JS?tag=eloabder-20&linkCode=osi&th=1&psc=1"><img src="https://m.media-amazon.com/images/I/31nAummfSJL._SL500_.jpg" alt="Product Image"></a><p>Bath & Body Works Aromatherapy Stress Relief - Eucalyptus-Spearmint Unisex Body Lotion 6.5 oz</p><p> -10% 0FF </p><p>$14.35 ($2.21 / Fl Oz)</p><a href="https://www.amazon.com/dp/B00D1441JS?tag=eloabder-20&linkCode=osi&th=1&psc=1">View Product</a></div><div class="product"><a href="https://www.amazon.com/dp/B0B9DQQKLG?tag=eloabder-20&linkCode=osi&th=1&psc=1"><img src="https://m.media-amazon.com/images/I/515W1OUmOqL._SL500_.jpg" alt="Product Image"></a><p>Boiron StressCalm On The Go for Relief of Stress, Anxiousness, Nervousness, Irritability, and Fatigue, 80 Count (Pack of 2)</p><p> -32% 0FF </p><p>$9.34 ($0.06 / Count)</p><a href="https://www.amazon.com/dp/B0B9DQQKLG?tag=eloabder-20&linkCode=osi&th=1&psc=1">View Product</a></div>
<div class="product"><a href="https://www.amazon.com/dp/B07PBZRDJN?tag=eloabder-20&linkCode=osi&th=1&psc=1"><img src="https://m.media-amazon.com/images/I/51mpObXjYwL._SL500_.jpg" alt="Product Image"></a><p>NEURIVA Plus Brain Supplement for Memory and Focus Clinically Tested Nootropics for Concentration for Mental Clarity, Cognitive Enhancement Vitamins B6, B12, Phosphatidylserine 30 Capsules</p><p> -20% 0FF </p><p>$35.93 ($1.20 / Count)</p><a href="https://www.amazon.com/dp/B07PBZRDJN?tag=eloabder-20&linkCode=osi&th=1&psc=1">View Product</a></div><div class="product"><a href="https://www.amazon.com/dp/B078SJ9F5S?tag=eloabder-20&linkCode=osi&th=1&psc=1"><img src="https://m.media-amazon.com/images/I/41kM5+mO9kL._SL500_.jpg" alt="Product Image"></a><p>Genius Mushroom Supplement - Lions Mane, Cordyceps, Reishi - Brain Nootropic for Energy, Focus, Overall Wellness, & Immune Support, - 90 Veggie Pills</p><p> -9% 0FF </p><p>$21.95 ($0.24 / Count)</p><a href="https://www.amazon.com/dp/B078SJ9F5S?tag=eloabder-20&linkCode=osi&th=1&psc=1">View Product</a></div><div class="product"><a href="https://www.amazon.com/dp/B07H8N5VF6?tag=eloabder-20&linkCode=osi&th=1&psc=1"><img src="https://m.media-amazon.com/images/I/41BPGrNSadL._SL500_.jpg" alt="Product Image"></a><p>OLLY Laser Focus Gummy, Ginseng, Alpha GPC, B Vitamins, Berry Tangerine Flavor - 36 Count</p><p> -8% 0FF </p><p>$12.88 ($0.36 / Count)</p><a href="https://www.amazon.com/dp/B07H8N5VF6?tag=eloabder-20&linkCode=osi&th=1&psc=1">View Product</a></div><div class="product"><a href="https://www.amazon.com/dp/B0BXTN1V7F?tag=eloabder-20&linkCode=osi&th=1&psc=1"><img src="https://m.media-amazon.com/images/I/513JW5FoUhL._SL500_.jpg" alt="Product Image"></a><p>NEURIVA Ultra Decaffeinated Clinically Tested Nootropic Brain Supplement for Mental Alertness, Memory, Focus & Concentration, Cognivive, Neurofactor, Phosphatidylserine, Vitamins B6 B12, 60 Capsules</p><p> -17% 0FF </p><p>$49.99 ($0.83 / Count)</p><a href="https://www.amazon.com/dp/B0BXTN1V7F?tag=eloabder-20&linkCode=osi&th=1&psc=1">View Product</a></div>
<div class="product"><a href="https://www.amazon.com/dp/B09X2CG92L?tag=eloabder-20&linkCode=osi&th=1&psc=1"><img src="https://m.media-amazon.com/images/I/41ebxpgEyDL._SL500_.jpg" alt="Product Image"></a><p>21,800mg Testosterone Booster for Men 8X Strength w. Ashwagandha, Tongkat Ali, Pycnogenol, Tribulus - Total T Male Enhancing Test Libido Booster + Muscle Builder Growth Testosterone Supplement for Men</p><p> -14% 0FF </p><p>$29.95 ($0.33 / Count)</p><a href="https://www.amazon.com/dp/B09X2CG92L?tag=eloabder-20&linkCode=osi&th=1&psc=1">View Product</a></div><div class="product"><a href="https://www.amazon.com/dp/B01FKP3Q7S?tag=eloabder-20&linkCode=osi&th=1&psc=1"><img src="https://m.media-amazon.com/images/I/413pONqgwjL._SL500_.jpg" alt="Product Image"></a><p>OLLY Men's Multivitamin Gummy, Vitamins A, C, D, E, B, Zinc, Blackberry Flavor, 45 Day Supply - 90 Count</p><p> -8% 0FF </p><p>$12.88 ($0.14 / Count)</p><a href="https://www.amazon.com/dp/B01FKP3Q7S?tag=eloabder-20&linkCode=osi&th=1&psc=1">View Product</a></div><div class="product"><a href="https://www.amazon.com/dp/B01KE592JU?tag=eloabder-20&linkCode=osi&th=1&psc=1"><img src="https://m.media-amazon.com/images/I/41H9Ng4ybQL._SL500_.jpg" alt="Product Image"></a><p>Multivitamin for Men - Daily Mens Multivitamins & Multiminerals Supplement for Energy, Focus and Performance. Mens Vitamins A, C, D, E & B12, Zinc, Calcium, Magnesium & More. Multi Vitamin Capsules</p><p> -12% 0FF </p><p>$22.97 ($0.38 / Count)</p><a href="https://www.amazon.com/dp/B01KE592JU?tag=eloabder-20&linkCode=osi&th=1&psc=1">View Product</a></div>
<div class="product"><a href="https://www.amazon.com/dp/B014G4AY1A?tag=eloabder-20&linkCode=osi&th=1&psc=1"><img src="https://m.media-amazon.com/images/I/41Sw6ljhdlL._SL500_.jpg" alt="Product Image"></a><p>OLLY Women's Multivitamin Gummy, Vitamins A, D, C, E, Biotin, Folic Acid, Adult Chewable Vitamin, Berry Flavor, 45 Day Supply - 90 Count (Packaging May Vary)</p><p> -16% 0FF </p><p>$11.78 ($0.13 / Count)</p><a href="https://www.amazon.com/dp/B014G4AY1A?tag=eloabder-20&linkCode=osi&th=1&psc=1">View Product</a></div><div class="product"><a href="https://www.amazon.com/dp/B0BL1MXV78?tag=eloabder-20&linkCode=osi&th=1&psc=1"><img src="https://m.media-amazon.com/images/I/31djY+cfT5L._SL500_.jpg" alt="Product Image"></a><p>Health by Habit Libido Blend (60 Capsules) - Natural Aphrodisiac Blend with Maca, Ashwagandha, Vegan, Non-GMO, Sugar-Free (1 Pack)</p><p> -12% 0FF </p><p>$7.88 ($0.13 / Count)</p><a href="https://www.amazon.com/dp/B0BL1MXV78?tag=eloabder-20&linkCode=osi&th=1&psc=1">View Product</a></div><div class="product"><a href="https://www.amazon.com/dp/B00HSMS5OQ?tag=eloabder-20&linkCode=osi&th=1&psc=1"><img src="https://m.media-amazon.com/images/I/41YPUfP+S+L._SL500_.jpg" alt="Product Image"></a><p>vH essentials Probiotics with Prebiotics and Cranberry Feminine Health Supplement - 60 Capsules</p><p> -7% 0FF </p><p>$8.37 ($0.14 / Count)</p><a href="https://www.amazon.com/dp/B00HSMS5OQ?tag=eloabder-20&linkCode=osi&th=1&psc=1">View Product</a></div><div class="product"><a href="https://www.amazon.com/dp/B092CS29NR?tag=eloabder-20&linkCode=osi&th=1&psc=1"><img src="https://m.media-amazon.com/images/I/41DhZ7w-PGL._SL500_.jpg" alt="Product Image"></a><p>OLLY Happy Hoo-Ha Capsules, Probiotic for Women, Vaginal Health and pH Balance, 10 Billion CFU, Gluten Free - 25 Count</p><p> -16% 0FF </p><p>$16.88 ($0.68 / Count)</p><a href="https://www.amazon.com/dp/B092CS29NR?tag=eloabder-20&linkCode=osi&th=1&psc=1">View Product</a></div><div class="product"><a href="https://www.amazon.com/dp/B004RR1FF6?tag=eloabder-20&linkCode=osi&th=1&psc=1"><img src="https://m.media-amazon.com/images/I/41ql+ZTTDSL._SL500_.jpg" alt="Product Image"></a><p>AZO Cranberry Supplement, Made with Concentrated Whole Fruit Cranberry Powder to Help Cleanse and Protect the Urinary Tract*, Sugar Free Cranberry Pills, Non-GMO, 100 Softgels</p><p> -12% 0FF </p><p>$12.07 ($0.12 / Count)</p><a href="https://www.amazon.com/dp/B004RR1FF6?tag=eloabder-20&linkCode=osi&th=1&psc=1">View Product</a></div><div class="product"><a href="https://www.amazon.com/dp/B095C7H62X?tag=eloabder-20&linkCode=osi&th=1&psc=1"><img src="https://m.media-amazon.com/images/I/31+ycRW6KhL._SL500_.jpg" alt="Product Image"></a><p>Sleep Mask for Side Sleeper, Upgraded 3D Contoured Cup Eye mask Blindfold for Man Women, Block Out Light, Eye mask with Adjustable Strap, Breathable & Soft for Sleeping, Yoga, Traveling (Black)</p><p> -17% 0FF </p><p>$9.97 ($9.97 / Count)</p><a href="https://www.amazon.com/dp/B095C7H62X?tag=eloabder-20&linkCode=osi&th=1&psc=1">View Product</a></div><div class="product"><a href="https://www.amazon.com/dp/B0CJX1HK52?tag=eloabder-20&linkCode=osi&th=1&psc=1"><img src="https://m.media-amazon.com/images/I/41WD9vo6cnL._SL500_.jpg" alt="Product Image"></a><p>Bloom Nutrition Superfood Greens Powder, Digestive Enzymes with Probiotics and Prebiotics, Gut Health, Bloating Relief for Women, Chlorella, Juice Mix w/Beet Root Powder, 30 SVG, Orange Passionfruit</p><p> -13% 0FF </p><p>$34.99 ($4.73 / Ounce)</p><a href="https://www.amazon.com/dp/B0CJX1HK52?tag=eloabder-20&linkCode=osi&th=1&psc=1">View Product</a></div>
<div class="product"><a href="https://www.amazon.com/dp/B0CWS5QP8F?tag=eloabder-20&linkCode=osi&th=1&psc=1"><img src="https://m.media-amazon.com/images/I/51qHqbsqtaL._SL500_.jpg" alt="Product Image"></a><p>MaryRuth's Liquid Multivitamin + Lustriva® Hair Growth | Biotin 10000mcg | Vitamin D | B Vitamins | Clinically Tested for Thicker Hair, Wrinkles, Fine Lines, Skin Care | Ages 18+ | 15 Fl Oz</p><p> -11% 0FF </p><p>$39.95 ($2.62 / Fl Oz)</p><a href="https://www.amazon.com/dp/B0CWS5QP8F?tag=eloabder-20&linkCode=osi&th=1&psc=1">View Product</a></div><div class="product"><a href="https://www.amazon.com/dp/B0CHWYVRVS?tag=eloabder-20&linkCode=osi&th=1&psc=1"><img src="https://m.media-amazon.com/images/I/41fn5OHX3xL._SL500_.jpg" alt="Product Image"></a><p>Nature's Bounty Hair Growth Supplement, 1 Per Day, Clinically Shown to Support Thicker, Fuller Hair, with Biotin, Silicon & Arginine, 90 Capsules</p><p> -20% 0FF </p><p>$48.29 ($0.54 / Count)</p><a href="https://www.amazon.com/dp/B0CHWYVRVS?tag=eloabder-20&linkCode=osi&th=1&psc=1">View Product</a></div><div class="product"><a href="https://www.amazon.com/dp/B0072F8D7S?tag=eloabder-20&linkCode=osi&th=1&psc=1"><img src="https://m.media-amazon.com/images/I/41j4CBYG0SL._SL500_.jpg" alt="Product Image"></a><p>Nature's Bounty Advanced Hair, Skin & Nails, Argan-Infused Vitamin Supplement with Biotin and Hyaluronic Acid, 150 Rapid Release Softgels</p><p> -47% 0FF </p><p>$10.99 ($0.07 / Count)</p><a href="https://www.amazon.com/dp/B0072F8D7S?tag=eloabder-20&linkCode=osi&th=1&psc=1">View Product</a></div><div class="product"><a href="https://www.amazon.com/dp/B0734849YK?tag=eloabder-20&linkCode=osi&th=1&psc=1"><img src="https://m.media-amazon.com/images/I/412jG+0dK1L._SL500_.jpg" alt="Product Image"></a><p>Handcraft Blends Organic Castor Oil - 16 Fl Oz - 100% Pure and Natural - Premium Grade Oil for Hair Growth, Eyelashes and Eyebrows - Carrier Oil - Hair and Body Oil - Expeller-Pressed and Hexane-Free</p><p> -55% 0FF </p><p>$9.98 ($0.62 / Fl Oz)</p><a href="https://www.amazon.com/dp/B0734849YK?tag=eloabder-20&linkCode=osi&th=1&psc=1">View Product</a></div>
<div class="product"><a href="https://www.amazon.com/dp/B01F7W03PM?tag=eloabder-20&linkCode=osi&th=1&psc=1"><img src="https://m.media-amazon.com/images/I/41bu2ppNdZL._SL500_.jpg" alt="Product Image"></a><p>OLLY Glowing Skin Gummy, 25 Day Supply (50 Count), Plump Berry, Hyaluronic Acid, Collagen, Sea Buckthorn, Chewable Supplement (Packaging May Vary)</p><p> -14% 0FF </p><p>$12.88 ($0.26 / Count)</p><a href="https://www.amazon.com/dp/B01F7W03PM?tag=eloabder-20&linkCode=osi&th=1&psc=1">View Product</a></div><div class="product"><a href="https://www.amazon.com/dp/B06ZZ5MGYH?tag=eloabder-20&linkCode=osi&th=1&psc=1"><img src="https://m.media-amazon.com/images/I/41ghRQjvjkL._SL500_.jpg" alt="Product Image"></a><p>OLLY Flawless Complexion Gummy, Clear and Healthy Skin Support, Vitamins E, A, Zinc, Chewable Supplement, Berry - 50 Count (Pack of 1)</p><p> -19% 0FF </p><p>$12.88 ($0.26 / Count)</p><a href="https://www.amazon.com/dp/B06ZZ5MGYH?tag=eloabder-20&linkCode=osi&th=1&psc=1">View Product</a></div><div class="product"><a href="https://www.amazon.com/dp/B07SRVJBSJ?tag=eloabder-20&linkCode=osi&th=1&psc=1"><img src="https://m.media-amazon.com/images/I/415Fg7XSFDL._SL500_.jpg" alt="Product Image"></a><p>Horbäach Hair Skin and Nails Vitamins | 300 Softgels | with Biotin and Collagen | Infused with Argan Oil and Coconut Oil | Non-GMO, Gluten Free Supplement</p><p> -15% 0FF </p><p>$16.99 ($0.06 / Count)</p><a href="https://www.amazon.com/dp/B07SRVJBSJ?tag=eloabder-20&linkCode=osi&th=1&psc=1">View Product</a></div><div class="product"><a href="https://www.amazon.com/dp/B00EEOGIWC?tag=eloabder-20&linkCode=osi&th=1&psc=1"><img src="https://m.media-amazon.com/images/I/41i4AQg9z2L._SL500_.jpg" alt="Product Image"></a><p>Phytoceramides 350mg per softgel - Plant Derived Ceramides for Healthy Skin and Hydration - Non GMO with No Fillers or Synthetic Vitamins - 30 Liquid softgels</p><p> -9% 0FF </p><p>$19.95 ($0.66 / Count)</p><a href="https://www.amazon.com/dp/B00EEOGIWC?tag=eloabder-20&linkCode=osi&th=1&psc=1">View Product</a></div><div class="product"><a href="https://www.amazon.com/dp/B00XUS947O?tag=eloabder-20&linkCode=osi&th=1&psc=1"><img src="https://m.media-amazon.com/images/I/41S8A0LFuXL._SL500_.jpg" alt="Product Image"></a><p>HUM Daily Cleanse Acne Supplements - Support for Clear Skin & Improved Digestion with Chlorella, Spirulina, Organic Algae, Detoxifying Herbs, Vitamins & Minerals - Skin Support for Women and Men</p><p> -19% 0FF </p><p>$21.00 ($0.35 / Count)</p><a href="https://www.amazon.com/dp/B00XUS947O?tag=eloabder-20&linkCode=osi&th=1&psc=1">View Product</a></div>
<div class="product"><a href="https://www.amazon.com/dp/B00F644LTQ?tag=eloabder-20&linkCode=osi&th=1&psc=1"><img src="https://m.media-amazon.com/images/I/31+v2SZDagL._SL500_.jpg" alt="Product Image"></a><p>Cuccio Naturale Revitalizing- Hydrating Oil For Repaired Cuticles Overnight - Remedy For Damaged Skin And Thin Nails - Paraben /Cruelty-Free Formula - Milk And Honey - 2.5 Oz</p><p> -33% 0FF </p><p>$9.45 ($3.78 / Fl Oz)</p><a href="https://www.amazon.com/dp/B00F644LTQ?tag=eloabder-20&linkCode=osi&th=1&psc=1">View Product</a></div><div class="product"><a href="https://www.amazon.com/dp/B07BHV28DR?tag=eloabder-20&linkCode=osi&th=1&psc=1"><img src="https://m.media-amazon.com/images/I/41vxQoXgD7L._SL500_.jpg" alt="Product Image"></a><p>Nature's Bounty Optimal Solutions Hair, Skin & Nails with Biotin and Collagen, Citrus-Flavored Gummies Vitamin Supplement, 2500 mcg, 80 Ct</p><p> -30% 0FF </p><p>$7.00 ($0.09 / Count)</p><a href="https://www.amazon.com/dp/B07BHV28DR?tag=eloabder-20&linkCode=osi&th=1&psc=1">View Product</a></div><div class="product"><a href="https://www.amazon.com/dp/B00006MMU6?tag=eloabder-20&linkCode=osi&th=1&psc=1"><img src="https://m.media-amazon.com/images/I/41ItG2Bl1RL._SL500_.jpg" alt="Product Image"></a><p>NONYX Fungal Nail Clarifying Gel | Rids Nails of Fungus by Removing Keratin Debris Where Nail Fungus Grows | 90% of Toenails Improved Using this Toenail Fungus Treatment | 4 oz</p><p> -20% 0FF </p><p>$19.98 ($5.00 / Fl Oz)</p><a href="https://www.amazon.com/dp/B00006MMU6?tag=eloabder-20&linkCode=osi&th=1&psc=1">View Product</a></div><div class="product"><a href="https://www.amazon.com/dp/B0D354DJQH?tag=eloabder-20&linkCode=osi&th=1&psc=1"><img src="https://m.media-amazon.com/images/I/31Q9PLna2VL._SL500_.jpg" alt="Product Image"></a><p>Habit Hair, Skin & Nails Supplement (60 Capsules) - New Look, Supports Skin Hydration, Hair & Nail Strength, Biotin 2000mcg, Vitamin A & C, Hyaluronic Acid, Rosehip, Vegan, Non-GMO (1 Pack)</p><p> -12% 0FF </p><p>$7.88 ($0.13 / Count)</p><a href="https://www.amazon.com/dp/B0D354DJQH?tag=eloabder-20&linkCode=osi&th=1&psc=1">View Product</a></div><div class="product"><a href="https://www.amazon.com/dp/B000EH0NEC?tag=eloabder-20&linkCode=osi&th=1&psc=1"><img src="https://m.media-amazon.com/images/I/41XaFeLycBL._SL500_.jpg" alt="Product Image"></a><p>Nutra Nail 5 to 7 Day Growth Treatment - Fast Keratin Nail Hardener & Nail Strengthener for Thin Nails, Brittle & Damaged (0.47 Fl Oz)</p><p> -10% 0FF </p><p>$13.50 ($28.72 / Fl Oz)</p><a href="https://www.amazon.com/dp/B000EH0NEC?tag=eloabder-20&linkCode=osi&th=1&psc=1">View Product</a></div><div class="product"><a href="https://www.amazon.com/dp/B007ADOL28?tag=eloabder-20&linkCode=osi&th=1&psc=1"><img src="https://m.media-amazon.com/images/I/419lgrRVW7L._SL500_.jpg" alt="Product Image"></a><p>Kerasal Nail Renewal, Restores Appearance of Discolored or Damaged Nails, 0.33 fl oz (Packaging May Vary)</p><p> -32% 0FF </p><p>$17.00 ($51.52 / Fl Oz)</p><a href="https://www.amazon.com/dp/B007ADOL28?tag=eloabder-20&linkCode=osi&th=1&psc=1">View Product</a></div>
<div class="product"><a href="https://www.amazon.com/dp/B01HFREINK?tag=eloabder-20&linkCode=osi&th=1&psc=1"><img src="https://m.media-amazon.com/images/I/41oabUYNEhL._SL500_.jpg" alt="Product Image"></a><p>Life Extension MacuGuard Ocular Support with Saffron – Eye Health Supplement for Healthy Vision – with lutein, meso-zeaxanthin, zeaxanthin, saffron – Gluten-free, Non-GMO – 60 softgels</p><p> -28% 0FF </p><p>$18.00 ($0.30 / Count)</p><a href="https://www.amazon.com/dp/B01HFREINK?tag=eloabder-20&linkCode=osi&th=1&psc=1">View Product</a></div><div class="product"><a href="https://www.amazon.com/dp/B08XXLT75V?tag=eloabder-20&linkCode=osi&th=1&psc=1"><img src="https://m.media-amazon.com/images/I/411dzwxcNLL._SL500_.jpg" alt="Product Image"></a><p>Nature Made Vision Based on the AREDS 2 Formula, Eye Vitamins with Lutein & Zeaxanthin, Vitamin C, Vitamin E, Zinc and Copper for Healthy Vision and Eye Function Support, 60 Softgels, 30 Day Supply</p><p> -37% 0FF </p><p>$14.32 ($0.24 / Count)</p><a href="https://www.amazon.com/dp/B08XXLT75V?tag=eloabder-20&linkCode=osi&th=1&psc=1">View Product</a></div><div class="product"><a href="https://www.amazon.com/dp/B0C4J8G4SB?tag=eloabder-20&linkCode=osi&th=1&psc=1"><img src="https://m.media-amazon.com/images/I/51VNHCxN5pL._SL500_.jpg" alt="Product Image"></a><p>Eye Health Vitamins with Bilberry 6000mg Lutein & Zeaxanthin 40mg Lycopene 40mg Resveratrol 3000mg Grape Seed Extract 6000mg Omega 3 4000mg Astaxanthin - Eye Vitamin - 60 Capsules</p><p> -25% 0FF </p><p>$29.95 ($0.50 / Count)</p><a href="https://www.amazon.com/dp/B0C4J8G4SB?tag=eloabder-20&linkCode=osi&th=1&psc=1">View Product</a></div><div class="product"><a href="https://www.amazon.com/dp/B0D1YTTB7L?tag=eloabder-20&linkCode=osi&th=1&psc=1"><img src="https://m.media-amazon.com/images/I/51Aqqv8Pw-L._SL500_.jpg" alt="Product Image"></a><p>NEW AGE Eye Health Vitamins with Bilberry 6000mg Lutein & Zeaxanthin 40mg Lycopene 40mg Resveratrol 3000mg Grape Seed Extract 6000mg Astaxanthin - Eye Vitamin -120 Count</p><p> -14% 0FF </p><p>$29.95 ($0.25 / Count)</p><a href="https://www.amazon.com/dp/B0D1YTTB7L?tag=eloabder-20&linkCode=osi&th=1&psc=1">View Product</a></div>


<div class="product"><a href="https://www.amazon.com/dp/B001VG1WOA?tag=eloabder-20&linkCode=osi&th=1&psc=1"><img src="https://m.media-amazon.com/images/I/41o8LwQxzfL._SL500_.jpg" alt="Product Image"></a><p>Neosporin + Maximum-Strength Pain Relief Dual Action Cream, First Aid Topical Antibiotic & Analgesic Cream for Wound Care of Minor Cuts, Scrapes & Burns, Polymyxin B & Pramoxine HCl, 1 oz</p><p> -20% 0FF </p><p>$9.88</p><a href="https://www.amazon.com/dp/B001VG1WOA?tag=eloabder-20&linkCode=osi&th=1&psc=1">View Product</a></div><div class="product"><a href="https://www.amazon.com/dp/B0084GX1JO?tag=eloabder-20&linkCode=osi&th=1&psc=1"><img src="https://m.media-amazon.com/images/I/31BzSButj2S._SL500_.jpg" alt="Product Image"></a><p>First Aid Only FAE-7011 SmartCompliance Refill Burn Cream Packets, 10 Count</p><p> -31% 0FF </p><p>$3.99 ($0.40 / Count)</p><a href="https://www.amazon.com/dp/B0084GX1JO?tag=eloabder-20&linkCode=osi&th=1&psc=1">View Product</a></div>
<div class="product"><a href="https://www.amazon.com/dp/B00EC6DE7Y?tag=eloabder-20&linkCode=osi&th=1&psc=1"><img src="https://m.media-amazon.com/images/I/41BlVTkyTCL._SL500_.jpg" alt="Product Image"></a><p>NeilMed Cleanse Sterile Saline Wound Wash, 6.3 Ounce</p><p> -25% 0FF </p><p>$5.98 ($1.00 / Fl Oz)</p><a href="https://www.amazon.com/dp/B00EC6DE7Y?tag=eloabder-20&linkCode=osi&th=1&psc=1">View Product</a></div><div class="product"><a href="https://www.amazon.com/dp/B00164IIUI?tag=eloabder-20&linkCode=osi&th=1&psc=1"><img src="https://m.media-amazon.com/images/I/51vsE2VasGL._SL500_.jpg" alt="Product Image"></a><p>Neosporin Original Antibiotic Ointment, 24-Hour Infection Prevention for Minor Wound, .5 oz</p><p> -28% 0FF </p><p>$4.88 ($9.76 / Ounce)</p><a href="https://www.amazon.com/dp/B00164IIUI?tag=eloabder-20&linkCode=osi&th=1&psc=1">View Product</a></div><div class="product"><a href="https://www.amazon.com/dp/B007EBRA6A?tag=eloabder-20&linkCode=osi&th=1&psc=1"><img src="https://m.media-amazon.com/images/I/31XNtfz6-lL._SL500_.jpg" alt="Product Image"></a><p>Improved Medihoney Gel Wound and & Burn Dressing from Derma Sciences, 0.5 oz,</p><p> -13% 0FF </p><p>$6.57 ($13.14 / Fl Oz)</p><a href="https://www.amazon.com/dp/B007EBRA6A?tag=eloabder-20&linkCode=osi&th=1&psc=1">View Product</a></div><div class="product"><a href="https://www.amazon.com/dp/B07FYDFGVD?tag=eloabder-20&linkCode=osi&th=1&psc=1"><img src="https://m.media-amazon.com/images/I/515p26GgPxL._SL500_.jpg" alt="Product Image"></a><p>All Health Wound Care Kit, 40 Items | For Small to Medium Sized Wounds</p><p> -23% 0FF </p><p>$7.70</p><a href="https://www.amazon.com/dp/B07FYDFGVD?tag=eloabder-20&linkCode=osi&th=1&psc=1">View Product</a></div>
<div class="product"><a href="https://www.amazon.com/dp/B06Y2FFQB9?tag=eloabder-20&linkCode=osi&th=1&psc=1"><img src="https://m.media-amazon.com/images/I/41j6aDaoGaL._SL500_.jpg" alt="Product Image"></a><p>Zacurate 500BL Fingertip Pulse Oximeter Blood Oxygen Saturation Monitor with Batteries Included (Navy Blue)</p><p> -10% 0FF </p><p>$13.49</p><a href="https://www.amazon.com/dp/B06Y2FFQB9?tag=eloabder-20&linkCode=osi&th=1&psc=1">View Product</a></div><div class="product"><a href="https://www.amazon.com/dp/B00NCRE4GO?tag=eloabder-20&linkCode=osi&th=1&psc=1"><img src="https://m.media-amazon.com/images/I/51bEkjg52fL._SL500_.jpg" alt="Product Image"></a><p>TENS 7000 Digital TENS Unit with Accessories - TENS Unit Muscle Stimulator for Back Pain Relief, Shoulder Pain Relief, Neck Pain, Sciatica Pain Relief, Nerve Pain Relief, Hip Pain Relief</p><p> -5% 0FF </p><p>$36.88</p><a href="https://www.amazon.com/dp/B00NCRE4GO?tag=eloabder-20&linkCode=osi&th=1&psc=1">View Product</a></div><div class="product"><a href="https://www.amazon.com/dp/B0BRXZNP5T?tag=eloabder-20&linkCode=osi&th=1&psc=1"><img src="https://m.media-amazon.com/images/I/41VF+LQDiSL._SL500_.jpg" alt="Product Image"></a><p>Choking Rescue Device for Kids and Adults, Anti Choking Device, Arixmed Portable Choking Rescue Device, First Aid Choking Device (Home Kit)</p><p> -29% 0FF </p><p>$49.94 ($49.94 / Count)</p><a href="https://www.amazon.com/dp/B0BRXZNP5T?tag=eloabder-20&linkCode=osi&th=1&psc=1">View Product</a></div><div class="product"><a href="https://www.amazon.com/dp/B07QXKMSHY?tag=eloabder-20&linkCode=osi&th=1&psc=1"><img src="https://m.media-amazon.com/images/I/31s3lNNT3zL._SL500_.jpg" alt="Product Image"></a><p>OMRON Complete 2-in-1 Upper Arm Blood Pressure Monitor and 1-Lead EKG Monitor, Clinically Validated, Medical Grade, Blood Pressure Machine, with Free Omron Connect app for iOS and Android (BP7900)</p><p> -22% 0FF </p><p>$139.97 ($8.75 / Ounce)</p><a href="https://www.amazon.com/dp/B07QXKMSHY?tag=eloabder-20&linkCode=osi&th=1&psc=1">View Product</a></div><div class="product"><a href="https://www.amazon.com/dp/B001KYVO78?tag=eloabder-20&linkCode=osi&th=1&psc=1"><img src="https://m.media-amazon.com/images/I/41nZ4BuHzrL._SL500_.jpg" alt="Product Image"></a><p>EZY DOSE Pill Cutter and Splitter with Dispenser, Daily Usage, Safely Cut Pills, Vitamins, Tablets, Accurate and Easy Cutting, Stainless Steel Blade, Travel Sized, Colors May Vary, BPA Free</p><p> -50% 0FF </p><p>$2.49</p><a href="https://www.amazon.com/dp/B001KYVO78?tag=eloabder-20&linkCode=osi&th=1&psc=1">View Product</a></div>


<div class="product"><a href="https://www.amazon.com/dp/B08R1GPJ4M?tag=eloabder-20&linkCode=osi&th=1&psc=1"><img src="https://m.media-amazon.com/images/I/41-Q4v8gwFL._SL500_.jpg" alt="Product Image"></a><p>Fingertip Pulse Oximeter Blood Oxygen Monitor Pulse Ox, Heart Rate and Fast Spo2 Reading Oxygen Meter with OLED Screen Included Batteries and Lanyard</p><p> -29% 0FF </p><p>$9.99 ($9.99 / Count)</p><a href="https://www.amazon.com/dp/B08R1GPJ4M?tag=eloabder-20&linkCode=osi&th=1&psc=1">View Product</a></div><div class="product"><a href="https://www.amazon.com/dp/B0BYD34DYV?tag=eloabder-20&linkCode=osi&th=1&psc=1"><img src="https://m.media-amazon.com/images/I/41uvibJiXtL._SL500_.jpg" alt="Product Image"></a><p>Alecaremed Pulse Oximeter, 4 Color OLED Display Oxygen Monitor Fingertip with 20 × Memory, Blood Oxygen Saturation Monitor (SpO2), Alarm & Brightness Adjustable, Batteries & Lanyard (White)</p><p> -13% 0FF </p><p>$20.99</p><a href="https://www.amazon.com/dp/B0BYD34DYV?tag=eloabder-20&linkCode=osi&th=1&psc=1">View Product</a></div><div class="product"><a href="https://www.amazon.com/dp/B09STH23DC?tag=eloabder-20&linkCode=osi&th=1&psc=1"><img src="https://m.media-amazon.com/images/I/417yd2q9HuL._SL500_.jpg" alt="Product Image"></a><p>Pulse Oximeter Fingertip - Oxygen Meter Finger Pulse Oximeter - Blood Oxygen Saturation Monitor with Heart Rate and Fast Spo2 Reading, Pulse Ox with TFT Screen, Lanyard (Not include Batteries)</p><p> -52% 0FF </p><p>$11.99</p><a href="https://www.amazon.com/dp/B09STH23DC?tag=eloabder-20&linkCode=osi&th=1&psc=1">View Product</a></div>
<div class="product"><a href="https://www.amazon.com/dp/B0CHW3DM42?tag=eloabder-20&linkCode=osi&th=1&psc=1"><img src="https://m.media-amazon.com/images/I/31bckkyvfZL._SL500_.jpg" alt="Product Image"></a><p>Kullre Hearing Aids, Hearing Aids for Seniors with Noise Cancelling and Volume Control, Rechargeable Hearing Aids for Hearing Loss with Charging Case</p><p> -17% 0FF </p><p>$49.99 ($25.00 / Count)</p><a href="https://www.amazon.com/dp/B0CHW3DM42?tag=eloabder-20&linkCode=osi&th=1&psc=1">View Product</a></div><div class="product"><a href="https://www.amazon.com/dp/B0D6FT7SVL?tag=eloabder-20&linkCode=osi&th=1&psc=1"><img src="https://m.media-amazon.com/images/I/31QKs+liKVL._SL500_.jpg" alt="Product Image"></a><p>Hearing Aids, Wireless Rechargeable Hearing Amplifier, OTC Hearing Aids with Magnetic Charging Case, 2 Channel Digital in Ear Noise Cancelling Hearing Devices for Seniors</p><p> -15% 0FF </p><p>$76.49</p><a href="https://www.amazon.com/dp/B0D6FT7SVL?tag=eloabder-20&linkCode=osi&th=1&psc=1">View Product</a></div>

<div class="product"><a href="https://www.amazon.com/dp/B0D6VY9HVX?tag=eloabder-20&linkCode=osi&th=1&psc=1"><img src="https://m.media-amazon.com/images/I/41panzRUB5L._SL500_.jpg" alt="Product Image"></a><p>Ear Wax Removal - Electric Ear Cleaner - Ear Irrigation Kit Safe Ear Irrigation Flushing System with 4 Pressure Settings - Effective Ear Wax Removal Tool for Earwax Buildup (Dark Blue)</p><p> -20% 0FF </p><p>$39.99</p><a href="https://www.amazon.com/dp/B0D6VY9HVX?tag=eloabder-20&linkCode=osi&th=1&psc=1">View Product</a></div>
<div class="product"><a href="https://www.amazon.com/dp/B002QO00YO?tag=eloabder-20&linkCode=osi&th=1&psc=1"><img src="https://m.media-amazon.com/images/I/41SQ-7dbsHL._SL500_.jpg" alt="Product Image"></a><p>Nature Made Vitamin D3 2000 IU (50 mcg), Dietary Supplement for Bone, Teeth, Muscle and Immune Health Support, 90 Softgels, 90 Day Supply</p><p> -43% 0FF </p><p>$6.28 ($0.07 / Count)</p><a href="https://www.amazon.com/dp/B002QO00YO?tag=eloabder-20&linkCode=osi&th=1&psc=1">View Product</a></div><div class="product"><a href="https://www.amazon.com/dp/B0000DJASY?tag=eloabder-20&linkCode=osi&th=1&psc=1"><img src="https://m.media-amazon.com/images/I/41PwuIsYASL._SL500_.jpg" alt="Product Image"></a><p>Nature Made Extra Strength Vitamin C 1000 mg, Dietary Supplement for Immune Support, 100 Tablets, 100 Day Supply</p><p> -41% 0FF </p><p>$9.50 ($0.10 / Count)</p><a href="https://www.amazon.com/dp/B0000DJASY?tag=eloabder-20&linkCode=osi&th=1&psc=1">View Product</a></div><div class="product"><a href="https://www.amazon.com/dp/B007L0DPE0?tag=eloabder-20&linkCode=osi&th=1&psc=1"><img src="https://m.media-amazon.com/images/I/41u67LVdJFL._SL500_.jpg" alt="Product Image"></a><p>Vitafusion Womens Multivitamin Gummies, Berry Flavored Daily Vitamins for Women With Vitamins A, C, D, E, B-6 and B-12, America’s Number 1 Gummy Vitamin Brand, 75 Days Supply, 150 Count</p><p> -12% 0FF </p><p>$10.98 ($0.07 / Count)</p><a href="https://www.amazon.com/dp/B007L0DPE0?tag=eloabder-20&linkCode=osi&th=1&psc=1">View Product</a></div><div class="product"><a href="https://www.amazon.com/dp/B09KCCVL9V?tag=eloabder-20&linkCode=osi&th=1&psc=1"><img src="https://m.media-amazon.com/images/I/41dw1AsE+jL._SL500_.jpg" alt="Product Image"></a><p>Centrum Silver Women's Multivitamin for Women 50 Plus, Multivitamin/Multimineral Supplement with Vitamin D3, B Vitamins, Non-GMO Ingredients, Supports Memory and Cognition in Older Adults - 200 Ct</p><p> -20% 0FF </p><p>$15.36 ($0.08 / Count)</p><a href="https://www.amazon.com/dp/B09KCCVL9V?tag=eloabder-20&linkCode=osi&th=1&psc=1">View Product</a></div><div class="product"><a href="https://www.amazon.com/dp/B009SZXM4E?tag=eloabder-20&linkCode=osi&th=1&psc=1"><img src="https://m.media-amazon.com/images/I/418wJuLSwhL._SL500_.jpg" alt="Product Image"></a><p>Nature's Bounty Biotin, Supports Healthy Hair, Skin and Nails, 10,000 mcg, Rapid Release Softgels, 120 Ct</p><p> -53% 0FF </p><p>$9.28 ($0.08 / Count)</p><a href="https://www.amazon.com/dp/B009SZXM4E?tag=eloabder-20&linkCode=osi&th=1&psc=1">View Product</a></div><div class="product"><a href="https://www.amazon.com/dp/B0046VBWK6?tag=eloabder-20&linkCode=osi&th=1&psc=1"><img src="https://m.media-amazon.com/images/I/41Ip2jGcUpL._SL500_.jpg" alt="Product Image"></a><p>Nature's Bounty Vitamin B12 1000mcg, Supports Energy Metabolism and Nervous System Health, Vitamin Supplement, 100 Tablets</p><p> -41% 0FF </p><p>$7.02 ($0.07 / Count)</p><a href="https://www.amazon.com/dp/B0046VBWK6?tag=eloabder-20&linkCode=osi&th=1&psc=1">View Product</a></div><div class="product"><a href="https://www.amazon.com/dp/B007L0DONW?tag=eloabder-20&linkCode=osi&th=1&psc=1"><img src="https://m.media-amazon.com/images/I/41vIgYSAtXL._SL500_.jpg" alt="Product Image"></a><p>vitafusion Adult Gummy Vitamins for Men, Berry Flavored Daily Multivitamins for Men With Vitamins A, C, D, E, B6 and B12, America’s Number 1 Gummy Vitamin Brand, 75 Day Supply, 150 Count</p><p> -8% 0FF </p><p>$10.98 ($0.07 / Count)</p><a href="https://www.amazon.com/dp/B007L0DONW?tag=eloabder-20&linkCode=osi&th=1&psc=1">View Product</a></div><div class="product"><a href="https://www.amazon.com/dp/B0014D2GEK?tag=eloabder-20&linkCode=osi&th=1&psc=1"><img src="https://m.media-amazon.com/images/I/41Al6x+mTKL._SL500_.jpg" alt="Product Image"></a><p>Nature's Bounty Super B Complex with Vitamin C & Folic Acid, Immune & Energy Support, 150 tablets</p><p> -25% 0FF </p><p>$12.20 ($0.08 / Count)</p><a href="https://www.amazon.com/dp/B0014D2GEK?tag=eloabder-20&linkCode=osi&th=1&psc=1">View Product</a></div>
<div class="product"><a href="https://www.amazon.com/dp/B0BG94RWYN?tag=eloabder-20&linkCode=osi&th=1&psc=1"><img src="https://m.media-amazon.com/images/I/41k1yrK-eGL._SL500_.jpg" alt="Product Image"></a><p>Sea Moss 3000mg Black Seed Oil 2000mg Ashwagandha 1000mg Turmeric 1000mg Bladderwrack 1000mg Burdock 1000mg & Vitamin C & D3 with Elderberry Manuka Dandelion Yellow Dock Iodine Chlorophyll ACV</p><p> -25% 0FF </p><p>$29.95 ($0.50 / Count)</p><a href="https://www.amazon.com/dp/B0BG94RWYN?tag=eloabder-20&linkCode=osi&th=1&psc=1">View Product</a></div><div class="product"><a href="https://www.amazon.com/dp/B08YLTCDTN?tag=eloabder-20&linkCode=osi&th=1&psc=1"><img src="https://m.media-amazon.com/images/I/41aybXdjmLL._SL500_.jpg" alt="Product Image"></a><p>Nature's Bounty Zinc 50mg, Immune Support & Antioxidant Supplement, Promotes Skin Health 250 Caplets</p><p> -12% 0FF </p><p>$9.48 ($0.04 / Count)</p><a href="https://www.amazon.com/dp/B08YLTCDTN?tag=eloabder-20&linkCode=osi&th=1&psc=1">View Product</a></div><div class="product"><a href="https://www.amazon.com/dp/B0000DJAQU?tag=eloabder-20&linkCode=osi&th=1&psc=1"><img src="https://m.media-amazon.com/images/I/41c7alI7ydL._SL500_.jpg" alt="Product Image"></a><p>Nature Made Fish Oil 1200 mg Softgels, Fish Oil Supplements, Omega 3 Fish Oil for Healthy Heart Support, Omega 3 Supplement with 100 Softgels, 50 Day Supply</p><p> -35% 0FF </p><p>$9.50 ($0.10 / Count)</p><a href="https://www.amazon.com/dp/B0000DJAQU?tag=eloabder-20&linkCode=osi&th=1&psc=1">View Product</a></div><div class="product"><a href="https://www.amazon.com/dp/B01DBTFO98?tag=eloabder-20&linkCode=osi&th=1&psc=1"><img src="https://m.media-amazon.com/images/I/51Evo4SKmEL._SL500_.jpg" alt="Product Image"></a><p>Turmeric Curcumin with Black Pepper Extract 1500mg - High Absorption Ultra Potent Turmeric Supplement with 95% Curcuminoids and BioPerine - Non GMO Turmeric Capsules for Joint Support - 90 Capsules</p><p> -25% 0FF </p><p>$18.79 ($0.21 / Count)</p><a href="https://www.amazon.com/dp/B01DBTFO98?tag=eloabder-20&linkCode=osi&th=1&psc=1">View Product</a></div><div class="product"><a href="https://www.amazon.com/dp/B00H5PJ0HW?tag=eloabder-20&linkCode=osi&th=1&psc=1"><img src="https://m.media-amazon.com/images/I/414mKN9ZjbL._SL500_.jpg" alt="Product Image"></a><p>Nature's Bounty Magnesium, Bone and Muscle Health, Whole Body Support, Tablets, 500 Mg, 200 Ct</p><p> -16% 0FF </p><p>$12.61 ($0.06 / Count)</p><a href="https://www.amazon.com/dp/B00H5PJ0HW?tag=eloabder-20&linkCode=osi&th=1&psc=1">View Product</a></div><div class="product"><a href="https://www.amazon.com/dp/B07N7RD2CL?tag=eloabder-20&linkCode=osi&th=1&psc=1"><img src="https://m.media-amazon.com/images/I/41J1UKnf+CL._SL500_.jpg" alt="Product Image"></a><p>Horbäach Cranberry Concentrate Extract Pills + Vitamin C | 30,000mg | 120 Capsules | Triple Strength Ultimate Potency Formula | Non-GMO and Gluten Free Supplement</p><p> -15% 0FF </p><p>$9.99 ($0.07 / Count)</p><a href="https://www.amazon.com/dp/B07N7RD2CL?tag=eloabder-20&linkCode=osi&th=1&psc=1">View Product</a></div><div class="product"><a href="https://www.amazon.com/dp/B07DX89ZHN?tag=eloabder-20&linkCode=osi&th=1&psc=1"><img src="https://m.media-amazon.com/images/I/41INqodQzYL._SL500_.jpg" alt="Product Image"></a><p>Sports Research Triple Strength Omega 3 Fish Oil - Burpless Fish Oil Supplement w/EPA & DHA Fatty Acids from Single-Source Wild Alaska Pollock - 1250 mg, 90 ct</p><p> -10% 0FF </p><p>$26.95 ($0.30 / Count)</p><a href="https://www.amazon.com/dp/B07DX89ZHN?tag=eloabder-20&linkCode=osi&th=1&psc=1">View Product</a></div>
<div class="product"><a href="https://www.amazon.com/dp/B00YMSLT88?tag=eloabder-20&linkCode=osi&th=1&psc=1"><img src="https://m.media-amazon.com/images/I/41S95x-3xaL._SL500_.jpg" alt="Product Image"></a><p>Nature Made Multivitamin Tablets with Iron, Multivitamin for Women and Men for Daily Nutritional Support, 130 Tablets, 130 Day Supply</p><p> -14% 0FF </p><p>$11.99 ($0.09 / Count)</p><a href="https://www.amazon.com/dp/B00YMSLT88?tag=eloabder-20&linkCode=osi&th=1&psc=1">View Product</a></div><div class="product"><a href="https://www.amazon.com/dp/B09BVYY7XR?tag=eloabder-20&linkCode=osi&th=1&psc=1"><img src="https://m.media-amazon.com/images/I/41y16Rsk2tL._SL500_.jpg" alt="Product Image"></a><p>Centrum Adult Multivitamin/Multimineral Supplement with Antioxidants, Zinc, Vitamin D3 and B Vitamins, Gluten Free, Non-GMO Ingredients - 200 Count</p><p> -29% 0FF </p><p>$9.99 ($0.05 / Count)</p><a href="https://www.amazon.com/dp/B09BVYY7XR?tag=eloabder-20&linkCode=osi&th=1&psc=1">View Product</a></div>
<div class="product"><a href="https://www.amazon.com/dp/B004JO3JTM?tag=eloabder-20&linkCode=osi&th=1&psc=1"><img src="https://m.media-amazon.com/images/I/51kOhkzzLKL._SL500_.jpg" alt="Product Image"></a><p>Nature's Bounty Acidophilus Probiotic, Daily Probiotic Supplement, Supports Digestive Health, Twin Pack, 100 Count (Pack of 2)</p><p> -21% 0FF </p><p>$14.88 ($0.07 / Count)</p><a href="https://www.amazon.com/dp/B004JO3JTM?tag=eloabder-20&linkCode=osi&th=1&psc=1">View Product</a></div><div class="product"><a href="https://www.amazon.com/dp/B071DZQLPQ?tag=eloabder-20&linkCode=osi&th=1&psc=1"><img src="https://m.media-amazon.com/images/I/51E-+x12x5L._SL500_.jpg" alt="Product Image"></a><p>NewRhythm Probiotics 50 Billion CFU 20 Strains, 60 Veggie Capsules, Targeted Release Technology, Stomach Acid Resistant, No Need for Refrigeration, Non-GMO, Gluten Free</p><p> -23% 0FF </p><p>$16.99 ($0.28 / Count)</p><a href="https://www.amazon.com/dp/B071DZQLPQ?tag=eloabder-20&linkCode=osi&th=1&psc=1">View Product</a></div><div class="product"><a href="https://www.amazon.com/dp/B00Y8MP4G6?tag=eloabder-20&linkCode=osi&th=1&psc=1"><img src="https://m.media-amazon.com/images/I/51IIJQSKA5L._SL500_.jpg" alt="Product Image"></a><p>Dr. Formulated Probiotics for Women & Prebiotics, 50 Billion CFU for Women’s Daily Digestive Vaginal & Immune Health, Garden of Life 16 Probiotic Strains Shelf Stable No Gluten Dairy Soy, 30 Capsules</p><p> -24% 0FF </p><p>$30.27 ($1.01 / Count)</p><a href="https://www.amazon.com/dp/B00Y8MP4G6?tag=eloabder-20&linkCode=osi&th=1&psc=1">View Product</a></div><div class="product"><a href="https://www.amazon.com/dp/B08GR12D4T?tag=eloabder-20&linkCode=osi&th=1&psc=1"><img src="https://m.media-amazon.com/images/I/413uXWNsVzL._SL500_.jpg" alt="Product Image"></a><p>Nature’s Bounty Probiotic 10, Ultra Strength Daily Probiotic Supplement, Support for Digestive, Immune and Upper Respiratory Health, 1 Pack, 30 Capsules</p><p> -55% 0FF </p><p>$12.84 ($0.43 / Count)</p><a href="https://www.amazon.com/dp/B08GR12D4T?tag=eloabder-20&linkCode=osi&th=1&psc=1">View Product</a></div>
<div class="product"><a href="https://www.amazon.com/dp/B000NPYY04?tag=eloabder-20&linkCode=osi&th=1&psc=1"><img src="https://m.media-amazon.com/images/I/41AB0odrkeL._SL500_.jpg" alt="Product Image"></a><p>Nature's Bounty Fish Oil, Supports Heart Health, 1200 Mg, 360 Mg Omega-3, Rapid Release Softgels, 200 Ct</p><p> -33% 0FF </p><p>$14.17 ($0.07 / Count)</p><a href="https://www.amazon.com/dp/B000NPYY04?tag=eloabder-20&linkCode=osi&th=1&psc=1">View Product</a></div><div class="product"><a href="https://www.amazon.com/dp/B000J18RSW?tag=eloabder-20&linkCode=osi&th=1&psc=1"><img src="https://m.media-amazon.com/images/I/41bBRe7FxlL._SL500_.jpg" alt="Product Image"></a><p>NOW Foods Omega-3-100 Softgels</p><p> -39% 0FF </p><p>$6.72 ($0.07 / Count)</p><a href="https://www.amazon.com/dp/B000J18RSW?tag=eloabder-20&linkCode=osi&th=1&psc=1">View Product</a></div><div class="product"><a href="https://www.amazon.com/dp/B000HDV7YS?tag=eloabder-20&linkCode=osi&th=1&psc=1"><img src="https://m.media-amazon.com/images/I/41d-hzNXpVL._SL500_.jpg" alt="Product Image"></a><p>Nordic Naturals Ultimate Omega, Lemon Flavor - 60 Soft Gels - 1280 mg Omega-3 - High-Potency Omega-3 Fish Oil Supplement with EPA & DHA - Promotes Brain & Heart Health - Non-GMO - 30 Servings</p><p> -20% 0FF </p><p>$23.98 ($0.40 / Count)</p><a href="https://www.amazon.com/dp/B000HDV7YS?tag=eloabder-20&linkCode=osi&th=1&psc=1">View Product</a></div><div class="product"><a href="https://www.amazon.com/dp/B002QMB55Y?tag=eloabder-20&linkCode=osi&th=1&psc=1"><img src="https://m.media-amazon.com/images/I/41I4GSlk++S._SL500_.jpg" alt="Product Image"></a><p>Nature's Bounty Fish Oil, Supports Heart Health, 2400mg, Coated Softgels, 90 Ct.</p><p> -36% 0FF </p><p>$14.34 ($0.16 / Count)</p><a href="https://www.amazon.com/dp/B002QMB55Y?tag=eloabder-20&linkCode=osi&th=1&psc=1">View Product</a></div><div class="product"><a href="https://www.amazon.com/dp/B00YMSLAW8?tag=eloabder-20&linkCode=osi&th=1&psc=1"><img src="https://m.media-amazon.com/images/I/41eQik8+DzL._SL500_.jpg" alt="Product Image"></a><p>Nature Made Fish Oil 1000 mg Softgels, Fish Oil Supplements, Omega 3 Fish Oil for Healthy Heart Support, Omega 3 Supplement with 90 Softgels, 45 Day Supply</p><p> -12% 0FF </p><p>$10.86 ($0.12 / Count)</p><a href="https://www.amazon.com/dp/B00YMSLAW8?tag=eloabder-20&linkCode=osi&th=1&psc=1">View Product</a></div>
<div class="product"><a href="https://www.amazon.com/dp/B0016KITZ6?tag=eloabder-20&linkCode=osi&th=1&psc=1"><img src="https://m.media-amazon.com/images/I/41UQ6eGLCkL._SL500_.jpg" alt="Product Image"></a><p>Nature's Bounty Calcium Carbonate & Vitamin D, Supports Immune Health & Bone Health, 1200mg Calcium & 1000IU Vitamin D3, 120 Softgels</p><p> -53% 0FF </p><p>$8.87 ($0.07 / Count)</p><a href="https://www.amazon.com/dp/B0016KITZ6?tag=eloabder-20&linkCode=osi&th=1&psc=1">View Product</a></div><div class="product"><a href="https://www.amazon.com/dp/B07RL3KYD7?tag=eloabder-20&linkCode=osi&th=1&psc=1"><img src="https://m.media-amazon.com/images/I/316d4YzxuJL._SL500_.jpg" alt="Product Image"></a><p>Horbäach Calcium 1200 mg with Vitamin D3 | 240 Softgels | 5000 IU Vitamin D3 | Absorbable Calcium Supplement | Non-GMO, Gluten Free Calcium Supplement</p><p> -15% 0FF </p><p>$13.99 ($0.06 / Count)</p><a href="https://www.amazon.com/dp/B07RL3KYD7?tag=eloabder-20&linkCode=osi&th=1&psc=1">View Product</a></div><div class="product"><a href="https://www.amazon.com/dp/B004L4EJQ2?tag=eloabder-20&linkCode=osi&th=1&psc=1"><img src="https://m.media-amazon.com/images/I/41WkicGmhTL._SL500_.jpg" alt="Product Image"></a><p>Citracal Slow Release 1200, 1200 mg Calcium Citrate and Calcium Carbonate with 25 mcg (1000 IU) Vitamin D3, Bone Health Support, Calcium Supplement for Ages 12+, Take Once Daily Caplet, 80 Count</p><p> -16% 0FF </p><p>$10.92 ($0.14 / Count)</p><a href="https://www.amazon.com/dp/B004L4EJQ2?tag=eloabder-20&linkCode=osi&th=1&psc=1">View Product</a></div><div class="product"><a href="https://www.amazon.com/dp/B00028LZ90?tag=eloabder-20&linkCode=osi&th=1&psc=1"><img src="https://m.media-amazon.com/images/I/41JYXLyi8KL._SL500_.jpg" alt="Product Image"></a><p>NOW Foods Supplements, Calcium & Magnesium 2:1 Ratio, High Potency, Supports Bone Health*, 100 Tablets</p><p> -39% 0FF </p><p>$7.95 ($0.08 / Count)</p><a href="https://www.amazon.com/dp/B00028LZ90?tag=eloabder-20&linkCode=osi&th=1&psc=1">View Product</a></div>
<div class="product"><a href="https://www.amazon.com/dp/B00GB85JR4?tag=eloabder-20&linkCode=osi&th=1&psc=1"><img src="https://m.media-amazon.com/images/I/41dP1a3s3ZL._SL500_.jpg" alt="Product Image"></a><p>NatureWise Vitamin D3 5000iu (125 mcg) 1 Year Supply for Healthy Muscle Function, and Immune Support, Non-GMO, Gluten Free in Cold-Pressed Olive Oil, Packaging Vary ( Mini Softgel), 360 Count</p><p> -11% 0FF </p><p>$13.34 ($0.04 / Count)</p><a href="https://www.amazon.com/dp/B00GB85JR4?tag=eloabder-20&linkCode=osi&th=1&psc=1">View Product</a></div><div class="product"><a href="https://www.amazon.com/dp/B004GJRFYK?tag=eloabder-20&linkCode=osi&th=1&psc=1"><img src="https://m.media-amazon.com/images/I/41AwGxilrHL._SL500_.jpg" alt="Product Image"></a><p>Nature Made Vitamin D3 2000 IU (50 mcg), Dietary Supplement for Bone, Teeth, Muscle and Immune Health Support, 100 Tablets, 100 Day Supply</p><p> -38% 0FF </p><p>$6.99 ($0.07 / Count)</p><a href="https://www.amazon.com/dp/B004GJRFYK?tag=eloabder-20&linkCode=osi&th=1&psc=1">View Product</a></div><div class="product"><a href="https://www.amazon.com/dp/B004U3Y8OM?tag=eloabder-20&linkCode=osi&th=1&psc=1"><img src="https://m.media-amazon.com/images/I/41FAeb-VvJL._SL500_.jpg" alt="Product Image"></a><p>Nature Made Vitamin D3 1000 IU (25 mcg), Dietary Supplement for Bone, Teeth, Muscle and Immune Health Support, 300 Softgels, 300 Day Supply</p><p> -36% 0FF </p><p>$12.35 ($0.04 / Count)</p><a href="https://www.amazon.com/dp/B004U3Y8OM?tag=eloabder-20&linkCode=osi&th=1&psc=1">View Product</a></div><div class="product"><a href="https://www.amazon.com/dp/B0032BH76O?tag=eloabder-20&linkCode=osi&th=1&psc=1"><img src="https://m.media-amazon.com/images/I/41GbEgKM04L._SL500_.jpg" alt="Product Image"></a><p>NOW Foods Supplements, Vitamin D-3 5,000 IU, High Potency, Structural Support*, 240 Softgels</p><p> -48% 0FF </p><p>$11.99 ($0.05 / Count)</p><a href="https://www.amazon.com/dp/B0032BH76O?tag=eloabder-20&linkCode=osi&th=1&psc=1">View Product</a></div><div class="product"><a href="https://www.amazon.com/dp/B008GC9T6A?tag=eloabder-20&linkCode=osi&th=1&psc=1"><img src="https://m.media-amazon.com/images/I/41T9MsyhtyL._SL500_.jpg" alt="Product Image"></a><p>Nature Made Extra Strength Vitamin D3 5000 IU (125 mcg), Dietary Supplement for Bone, Teeth, Muscle and Immune Health Support, 180 Softgels, 180 Day Supply</p><p> -51% 0FF </p><p>$14.29 ($0.08 / Count)</p><a href="https://www.amazon.com/dp/B008GC9T6A?tag=eloabder-20&linkCode=osi&th=1&psc=1">View Product</a></div><div class="product"><a href="https://www.amazon.com/dp/B004JO99TG?tag=eloabder-20&linkCode=osi&th=1&psc=1"><img src="https://m.media-amazon.com/images/I/41U+oh75F3L._SL500_.jpg" alt="Product Image"></a><p>Nature's Bounty Vitamin D3 1000 IU Softgels, Immune Support, Promotes Healthy Bones, 350 Ct</p><p> -28% 0FF </p><p>$13.70 ($0.04 / Count)</p><a href="https://www.amazon.com/dp/B004JO99TG?tag=eloabder-20&linkCode=osi&th=1&psc=1">View Product</a></div><div class="product"><a href="https://www.amazon.com/dp/B07YM8MCWN?tag=eloabder-20&linkCode=osi&th=1&psc=1"><img src="https://m.media-amazon.com/images/I/41ca9TyyoCL._SL500_.jpg" alt="Product Image"></a><p>Nature Made Extra Strength Vitamin D3 5000 IU (125 mcg) per serving, Dietary Supplement for Bone, Teeth, Muscle and Immune Health Support, 150 Gummies, 75 Day Supply</p><p> -61% 0FF </p><p>$12.74 ($0.08 / Count)</p><a href="https://www.amazon.com/dp/B07YM8MCWN?tag=eloabder-20&linkCode=osi&th=1&psc=1">View Product</a></div><div class="product"><a href="https://www.amazon.com/dp/B00DN4VCA2?tag=eloabder-20&linkCode=osi&th=1&psc=1"><img src="https://m.media-amazon.com/images/I/41PsA535b2L._SL500_.jpg" alt="Product Image"></a><p>Nature's Bounty Vitamin D3, Immune Support, 125 mcg (5000iu), Rapid Release Softgels, 240 Ct</p><p> -28% 0FF </p><p>$22.39 ($0.09 / Count)</p><a href="https://www.amazon.com/dp/B00DN4VCA2?tag=eloabder-20&linkCode=osi&th=1&psc=1">View Product</a></div>
<div class="product"><a href="https://www.amazon.com/dp/B08YS4ZRTL?tag=eloabder-20&linkCode=osi&th=1&psc=1"><img src="https://m.media-amazon.com/images/I/41GcGPxLCmS._SL500_.jpg" alt="Product Image"></a><p>Nature's Bounty Vitamin C, Supports Immune and Antioxidant Health, Vitamin C Supplement, 1000mg, 300 Caplets</p><p> -55% 0FF </p><p>$17.37 ($0.06 / Count)</p><a href="https://www.amazon.com/dp/B08YS4ZRTL?tag=eloabder-20&linkCode=osi&th=1&psc=1">View Product</a></div><div class="product"><a href="https://www.amazon.com/dp/B08FNG91XM?tag=eloabder-20&linkCode=osi&th=1&psc=1"><img src="https://m.media-amazon.com/images/I/41ZC6V+G+HL._SL500_.jpg" alt="Product Image"></a><p>Nature Made Extra Strength Dosage Chewable Vitamin C 1000 mg per serving, Dietary Supplement for Immune Support, 90 Tablets, 45 Day Supply</p><p> -53% 0FF </p><p>$7.49 ($0.08 / Count)</p><a href="https://www.amazon.com/dp/B08FNG91XM?tag=eloabder-20&linkCode=osi&th=1&psc=1">View Product</a></div><div class="product"><a href="https://www.amazon.com/dp/B001AIXCU6?tag=eloabder-20&linkCode=osi&th=1&psc=1"><img src="https://m.media-amazon.com/images/I/41bTcu8uA7L._SL500_.jpg" alt="Product Image"></a><p>NOW Supplements, Vitamin C-1,000 with 100 mg of Bioflavonoids, Antioxidant protection*, 100 Veg Capsules</p><p> -39% 0FF </p><p>$8.56 ($0.09 / Count)</p><a href="https://www.amazon.com/dp/B001AIXCU6?tag=eloabder-20&linkCode=osi&th=1&psc=1">View Product</a></div><div class="product"><a href="https://www.amazon.com/dp/B0CBVWPPR9?tag=eloabder-20&linkCode=osi&th=1&psc=1"><img src="https://m.media-amazon.com/images/I/41LN1NSD+LL._SL500_.jpg" alt="Product Image"></a><p>Nature Made Maximum Strength Dosage Vitamin C 1000mg per Serving, Immune Support Vitamin C Gummies for Adults, 80 Vitamin C Gummies, 20 Day Supply</p><p> -23% 0FF </p><p>$14.99 ($0.19 / Count)</p><a href="https://www.amazon.com/dp/B0CBVWPPR9?tag=eloabder-20&linkCode=osi&th=1&psc=1">View Product</a></div><div class="product"><a href="https://www.amazon.com/dp/B0061GLR5O?tag=eloabder-20&linkCode=osi&th=1&psc=1"><img src="https://m.media-amazon.com/images/I/41d2trPxbUL._SL500_.jpg" alt="Product Image"></a><p>Nature's Bounty Vitamin C Tablets, Vitamin Supplement, Supports a Healthy Immune System, 500mg, 100 Count</p><p> -16% 0FF </p><p>$6.44 ($0.06 / Count)</p><a href="https://www.amazon.com/dp/B0061GLR5O?tag=eloabder-20&linkCode=osi&th=1&psc=1">View Product</a></div><div class="product"><a href="https://www.amazon.com/dp/B003FW4UME?tag=eloabder-20&linkCode=osi&th=1&psc=1"><img src="https://m.media-amazon.com/images/I/412U0GonxIL._SL500_.jpg" alt="Product Image"></a><p>Vitafusion Power C Vitamin C Gummies for Immune Support, Orange Flavored, 282 mg Vitamin C, America’s Number 1 Gummy Vitamin Brand, 50 Day Supply, 150 Count</p><p> -20% 0FF </p><p>$10.04 ($0.07 / Count)</p><a href="https://www.amazon.com/dp/B003FW4UME?tag=eloabder-20&linkCode=osi&th=1&psc=1">View Product</a></div>
<div class="product"><a href="https://www.amazon.com/dp/B00DS5BGDY?tag=eloabder-20&linkCode=osi&th=1&psc=1"><img src="https://m.media-amazon.com/images/I/41zXI0XuNYL._SL500_.jpg" alt="Product Image"></a><p>Nature Made Vitamin B12 1000 mcg, Dietary Supplement for Energy Metabolism Support, 150 Softgels, 150 Day Supply</p><p> -58% 0FF </p><p>$9.98 ($0.07 / Count)</p><a href="https://www.amazon.com/dp/B00DS5BGDY?tag=eloabder-20&linkCode=osi&th=1&psc=1">View Product</a></div><div class="product"><a href="https://www.amazon.com/dp/B005DXM32M?tag=eloabder-20&linkCode=osi&th=1&psc=1"><img src="https://m.media-amazon.com/images/I/41MvjD91oML._SL500_.jpg" alt="Product Image"></a><p>Nature Made Vitamin B12 1000 mcg, Dietary Supplement For Energy Metabolism Support, 160 Time Release Tablets, 160 Day Supply</p><p> -48% 0FF </p><p>$10.65 ($0.07 / Count)</p><a href="https://www.amazon.com/dp/B005DXM32M?tag=eloabder-20&linkCode=osi&th=1&psc=1">View Product</a></div><div class="product"><a href="https://www.amazon.com/dp/B00CBXSO4I?tag=eloabder-20&linkCode=osi&th=1&psc=1"><img src="https://m.media-amazon.com/images/I/41iG+dyC1gL._SL500_.jpg" alt="Product Image"></a><p>Nature Made Maximum Strength Vitamin B12 5000 mcg, Dietary Supplement for Energy Metabolism Support, 60 Softgels, 60 Day Supply</p><p> -34% 0FF </p><p>$14.41 ($0.24 / Count)</p><a href="https://www.amazon.com/dp/B00CBXSO4I?tag=eloabder-20&linkCode=osi&th=1&psc=1">View Product</a></div><div class="product"><a href="https://www.amazon.com/dp/B002I3V8B2?tag=eloabder-20&linkCode=osi&th=1&psc=1"><img src="https://m.media-amazon.com/images/I/41eTIAmWMFL._SL500_.jpg" alt="Product Image"></a><p>Nature's Bounty Vitamin B12, Supports Energy Metabolism and Nervous System Health, 500mcg, 100 Quick Dissolve Tablets</p><p> -25% 0FF </p><p>$6.99 ($0.07 / Count)</p><a href="https://www.amazon.com/dp/B002I3V8B2?tag=eloabder-20&linkCode=osi&th=1&psc=1">View Product</a></div><div class="product"><a href="https://www.amazon.com/dp/B00OJOL3KO?tag=eloabder-20&linkCode=osi&th=1&psc=1"><img src="https://m.media-amazon.com/images/I/51fIqhTZ-dL._SL500_.jpg" alt="Product Image"></a><p>Vitafusion Extra Strength Vitamin B12 Gummy Vitamins for Energy Metabolism Support and Nervous System Health Support, Cherry Flavored, America’s Number 1 Brand, 45 Day Supply, 90 Count</p><p> -22% 0FF </p><p>$9.74 ($0.11 / Count)</p><a href="https://www.amazon.com/dp/B00OJOL3KO?tag=eloabder-20&linkCode=osi&th=1&psc=1">View Product</a></div><div class="product"><a href="https://www.amazon.com/dp/B07BLLJK8H?tag=eloabder-20&linkCode=osi&th=1&psc=1"><img src="https://m.media-amazon.com/images/I/41HZAnyAW7L._SL500_.jpg" alt="Product Image"></a><p>Natrol Vitamin B-12 5000mcg, Dietary Supplement for Cellular Energy Production & Healthy Nervous System Support, 200 Strawberry-Flavored Fast Dissolve Tablets, 200 Day Supply</p><p> -5% 0FF </p><p>$18.10 ($0.09 / count)</p><a href="https://www.amazon.com/dp/B07BLLJK8H?tag=eloabder-20&linkCode=osi&th=1&psc=1">View Product</a></div><div class="product"><a href="https://www.amazon.com/dp/B00VX14ULK?tag=eloabder-20&linkCode=osi&th=1&psc=1"><img src="https://m.media-amazon.com/images/I/41+rGLsEnvL._SL500_.jpg" alt="Product Image"></a><p>Nature's Bounty Vitamin B12 2500 mcg, Cellular Energy Support, For Energy Metabolism, Heart & Nervous System Health, 75 Quick Dissolve Tablets</p><p> -38% 0FF </p><p>$8.10 ($0.11 / Count)</p><a href="https://www.amazon.com/dp/B00VX14ULK?tag=eloabder-20&linkCode=osi&th=1&psc=1">View Product</a></div><div class="product"><a href="https://www.amazon.com/dp/B0CHKKGDXD?tag=eloabder-20&linkCode=osi&th=1&psc=1"><img src="https://m.media-amazon.com/images/I/31IJJrz9ABL._SL500_.jpg" alt="Product Image"></a><p>NatureWise Vitamin B12 1000 mcg - Supplement for Supporting Energy Levels, Mental Clarity, Nervous System Health - Easy-to-Swallow, Soy and Gluten-Free, Non-GMO - 60 Softgels[2-Month Supply]</p><p> -13% 0FF </p><p>$6.09 ($0.10 / Count)</p><a href="https://www.amazon.com/dp/B0CHKKGDXD?tag=eloabder-20&linkCode=osi&th=1&psc=1">View Product</a></div><div class="product"><a href="https://www.amazon.com/dp/B0BX7GP2HF?tag=eloabder-20&linkCode=osi&th=1&psc=1"><img src="https://m.media-amazon.com/images/I/41KaKYueDfL._SL500_.jpg" alt="Product Image"></a><p>Nature Made Extra Strength Vitamin B12 Gummies, 3000 mcg per serving, B12 Vitamin Supplement for Energy Metabolism Support, 60 Gummy Vitamins, 30 Day Supply</p><p> -25% 0FF </p><p>$10.49 ($0.17 / Count)</p><a href="https://www.amazon.com/dp/B0BX7GP2HF?tag=eloabder-20&linkCode=osi&th=1&psc=1">View Product</a></div>
<div class="product"><a href="https://www.amazon.com/dp/B0002VG3PS?tag=eloabder-20&linkCode=osi&th=1&psc=1"><img src="https://m.media-amazon.com/images/I/41xGc8gVGwL._SL500_.jpg" alt="Product Image"></a><p>Nature Made Vitamin E 180 mg (400 IU) dl-Alpha, Dietary Supplement for Antioxidant Support, No Artificial Flavors, 180 Softgels, 180 Day Supply</p><p> -30% 0FF </p><p>$13.99 ($0.08 / Count)</p><a href="https://www.amazon.com/dp/B0002VG3PS?tag=eloabder-20&linkCode=osi&th=1&psc=1">View Product</a></div><div class="product"><a href="https://www.amazon.com/dp/B002QMB57C?tag=eloabder-20&linkCode=osi&th=1&psc=1"><img src="https://m.media-amazon.com/images/I/41ILutGzoOL._SL500_.jpg" alt="Product Image"></a><p>Nature's Bounty Vitamin E 1000 IU Softgels, Supports Antioxidant Health & Immune System, 1 Pack, 60 Softgels</p><p> -13% 0FF </p><p>$18.48 ($0.31 / Count)</p><a href="https://www.amazon.com/dp/B002QMB57C?tag=eloabder-20&linkCode=osi&th=1&psc=1">View Product</a></div><div class="product"><a href="https://www.amazon.com/dp/B0CPKVBSFR?tag=eloabder-20&linkCode=osi&th=1&psc=1"><img src="https://m.media-amazon.com/images/I/31x9KLSyq4L._SL500_.jpg" alt="Product Image"></a><p>NatureWise Vitamin E 400 IU Softgels (180mg DL-Alpha) - Dairy, Gluten, and Soy Free, Non-GMO Antioxidant Dietary Supplement for Skin, Heart, Eye, and Immune Health Support - 2-Month Supply, 60 Count</p><p> -35% 0FF </p><p>$5.17 ($0.09 / Count)</p><a href="https://www.amazon.com/dp/B0CPKVBSFR?tag=eloabder-20&linkCode=osi&th=1&psc=1">View Product</a></div><div class="product"><a href="https://www.amazon.com/dp/B07BFSFCDS?tag=eloabder-20&linkCode=osi&th=1&psc=1"><img src="https://m.media-amazon.com/images/I/41pk1ggHalS._SL500_.jpg" alt="Product Image"></a><p>Amazon Elements Vitamin E, 400 IU, 100 Softgels, 100 days of supply (Packaging may vary)</p><p> -5% 0FF </p><p>$11.21 ($0.11 / count)</p><a href="https://www.amazon.com/dp/B07BFSFCDS?tag=eloabder-20&linkCode=osi&th=1&psc=1">View Product</a></div><div class="product"><a href="https://www.amazon.com/dp/B000MGOX78?tag=eloabder-20&linkCode=osi&th=1&psc=1"><img src="https://m.media-amazon.com/images/I/41G2JwLiZ0L._SL500_.jpg" alt="Product Image"></a><p>NOW Supplements, Vitamin E-400 IU, Mixed Tocopherols, Antioxidant Protection*, 100 Softgels</p><p> -62% 0FF </p><p>$10.00 ($0.10 / Count)</p><a href="https://www.amazon.com/dp/B000MGOX78?tag=eloabder-20&linkCode=osi&th=1&psc=1">View Product</a></div><div class="product"><a href="https://www.amazon.com/dp/B00128X11E?tag=eloabder-20&linkCode=osi&th=1&psc=1"><img src="https://m.media-amazon.com/images/I/41518K4wU4L._SL500_.jpg" alt="Product Image"></a><p>Solgar Vitamin E 670 mg (1000 IU), 100 Mixed Softgels - Natural Antioxidant, Skin & Immune System Support - Naturally-Sourced Vitamin E - Gluten /Dairy Free - 100 Servings</p><p> -32% 0FF </p><p>$24.56 ($0.25 / Count)</p><a href="https://www.amazon.com/dp/B00128X11E?tag=eloabder-20&linkCode=osi&th=1&psc=1">View Product</a></div><div class="product"><a href="https://www.amazon.com/dp/B0C2SY3BG3?tag=eloabder-20&linkCode=osi&th=1&psc=1"><img src="https://m.media-amazon.com/images/I/41b1yne-vuL._SL500_.jpg" alt="Product Image"></a><p>NatureBell Vitamin E Oil Softgels, 1,000 IU Per Serving, 300 Pills | Essential Antioxidant Supplements, Easily Absorbed Form – Supports Skin, Heart, & Immune Health – Non-GMO</p><p> -22% 0FF </p><p>$24.99 ($0.08 / Count)</p><a href="https://www.amazon.com/dp/B0C2SY3BG3?tag=eloabder-20&linkCode=osi&th=1&psc=1">View Product</a></div><div class="product"><a href="https://www.amazon.com/dp/B01I5OB3LW?tag=eloabder-20&linkCode=osi&th=1&psc=1"><img src="https://m.media-amazon.com/images/I/417sk03NClL._SL500_.jpg" alt="Product Image"></a><p>Nutricost Vitamin E 400 IU, 240 Softgel Capsules - Gluten Free, Non-GMO</p><p> -10% 0FF </p><p>$17.95 ($0.07 / Count)</p><a href="https://www.amazon.com/dp/B01I5OB3LW?tag=eloabder-20&linkCode=osi&th=1&psc=1">View Product</a></div>
<div class="product"><a href="https://www.amazon.com/dp/B006QQRY2O?tag=eloabder-20&linkCode=osi&th=1&psc=1"><img src="https://m.media-amazon.com/images/I/419WjZLvLFL._SL500_.jpg" alt="Product Image"></a><p>Nature's Bounty Iron 65mg, 325 mg Ferrous Sulfate, Cellular Energy Support, Promotes Normal Red Blood Cell Production, 100 Tablets</p><p> -14% 0FF </p><p>$5.45 ($0.05 / Count)</p><a href="https://www.amazon.com/dp/B006QQRY2O?tag=eloabder-20&linkCode=osi&th=1&psc=1">View Product</a></div><div class="product"><a href="https://www.amazon.com/dp/B000WQDD2O?tag=eloabder-20&linkCode=osi&th=1&psc=1"><img src="https://m.media-amazon.com/images/I/41jQi-zmmlL._SL500_.jpg" alt="Product Image"></a><p>NOW Foods Supplements, Iron 18 mg, Non-Constipating*, Essential Mineral, 120 Veg Capsules</p><p> -39% 0FF </p><p>$7.95 ($0.07 / Count)</p><a href="https://www.amazon.com/dp/B000WQDD2O?tag=eloabder-20&linkCode=osi&th=1&psc=1">View Product</a></div><div class="product"><a href="https://www.amazon.com/dp/B08R68324Q?tag=eloabder-20&linkCode=osi&th=1&psc=1"><img src="https://m.media-amazon.com/images/I/41b3TxAwD0L._SL500_.jpg" alt="Product Image"></a><p>Doctor's Recipes Iron Supplement 65 mg with Vitamin C - Maximized Absorption & Stomach Friendly Iron Pills for Red Blood Cells Formation, Heart, Brain & Immunity Health - Vegan Non-GMO 60 Iron Tablets</p><p> -26% 0FF </p><p>$15.98 ($0.27 / Count)</p><a href="https://www.amazon.com/dp/B08R68324Q?tag=eloabder-20&linkCode=osi&th=1&psc=1">View Product</a></div><div class="product"><a href="https://www.amazon.com/dp/B00FYOU6AG?tag=eloabder-20&linkCode=osi&th=1&psc=1"><img src="https://m.media-amazon.com/images/I/41oKBWWRn0L._SL500_.jpg" alt="Product Image"></a><p>NOW Supplements, Iron 36 mg, Double Strength, Non-Constipating*, Essential Mineral, 90 Veg Capsules</p><p> -41% 0FF </p><p>$8.87 ($0.10 / Count)</p><a href="https://www.amazon.com/dp/B00FYOU6AG?tag=eloabder-20&linkCode=osi&th=1&psc=1">View Product</a></div><div class="product"><a href="https://www.amazon.com/dp/B07YM21GR5?tag=eloabder-20&linkCode=osi&th=1&psc=1"><img src="https://m.media-amazon.com/images/I/31Jsc2g7KXL._SL500_.jpg" alt="Product Image"></a><p>MaryRuth Organics Iron Supplement for Women Men & Kids, Liquid Iron Supplement for Women Men & Kids, Iron for Healthy Blood & Oxygen, Ages 4 & Up, Sugar Free, Vegan, Non-GMO, Gluten Free, 15.22 Fl Oz</p><p> -21% 0FF </p><p>$34.48 ($2.27 / Fl Oz)</p><a href="https://www.amazon.com/dp/B07YM21GR5?tag=eloabder-20&linkCode=osi&th=1&psc=1">View Product</a></div><div class="product"><a href="https://www.amazon.com/dp/B006LTCAU2?tag=eloabder-20&linkCode=osi&th=1&psc=1"><img src="https://m.media-amazon.com/images/I/41SJkmfNggL._SL500_.jpg" alt="Product Image"></a><p>Nature's Way Liquid Iron, Provides Daily Value of Iron, Sugar Free, Berry Flavored, 16 Fl. Oz.</p><p> -30% 0FF </p><p>$8.04 ($0.50 / Fl Oz)</p><a href="https://www.amazon.com/dp/B006LTCAU2?tag=eloabder-20&linkCode=osi&th=1&psc=1">View Product</a></div><div class="product"><a href="https://www.amazon.com/dp/B00280M13O?tag=eloabder-20&linkCode=osi&th=1&psc=1"><img src="https://m.media-amazon.com/images/I/51p4g8jnSrS._SL500_.jpg" alt="Product Image"></a><p>Vitamin Code Raw Iron 30ct Capsules</p><p> -20% 0FF </p><p>$15.19 ($0.51 / Count)</p><a href="https://www.amazon.com/dp/B00280M13O?tag=eloabder-20&linkCode=osi&th=1&psc=1">View Product</a></div>
<div class="product"><a href="https://www.amazon.com/dp/B0002VG3QC?tag=eloabder-20&linkCode=osi&th=1&psc=1"><img src="https://m.media-amazon.com/images/I/4164AhPYwZL._SL500_.jpg" alt="Product Image"></a><p>Nature Made Magnesium Oxide 250 mg, Magnesium Supplement for Muscle, Heart, Bone and Nerve Health Support, 200 Tablets, 200 Day Supply</p><p> -27% 0FF </p><p>$8.69 ($0.04 / Count)</p><a href="https://www.amazon.com/dp/B0002VG3QC?tag=eloabder-20&linkCode=osi&th=1&psc=1">View Product</a></div><div class="product"><a href="https://www.amazon.com/dp/B00151G8L8?tag=eloabder-20&linkCode=osi&th=1&psc=1"><img src="https://m.media-amazon.com/images/I/41IBWthzaBL._SL500_.jpg" alt="Product Image"></a><p>Doctor's Best High Absorption Magnesium Glycinate Lysinate, 100% Chelated, TRACCS, Not Buffered, Non-GMO, Vegan, Gluten & Soy Free, 100 mg, 120 Tablets (Packaging May Vary)</p><p> -42% 0FF </p><p>$10.39 ($0.09 / Count)</p><a href="https://www.amazon.com/dp/B00151G8L8?tag=eloabder-20&linkCode=osi&th=1&psc=1">View Product</a></div><div class="product"><a href="https://www.amazon.com/dp/B01CJGXMU2?tag=eloabder-20&linkCode=osi&th=1&psc=1"><img src="https://m.media-amazon.com/images/I/41vazOiu5hL._SL500_.jpg" alt="Product Image"></a><p>Nature Made Magnesium Oxide 250 mg, Magnesium Supplement for Muscle, Heart, Bone and Nerve Health Support, 100 Tablets, 100 Day Supply</p><p> -27% 0FF </p><p>$4.49 ($0.04 / Count)</p><a href="https://www.amazon.com/dp/B01CJGXMU2?tag=eloabder-20&linkCode=osi&th=1&psc=1">View Product</a></div><div class="product"><a href="https://www.amazon.com/dp/B0CRNTTRWH?tag=eloabder-20&linkCode=osi&th=1&psc=1"><img src="https://m.media-amazon.com/images/I/51yGB2K9u1L._SL500_.jpg" alt="Product Image"></a><p>NatureMade Extra Strength Magnesium 400 mg for Bone Health, 180 Softgels</p><p> -26% 0FF </p><p>$24.25 ($0.13 / Count)</p><a href="https://www.amazon.com/dp/B0CRNTTRWH?tag=eloabder-20&linkCode=osi&th=1&psc=1">View Product</a></div><div class="product"><a href="https://www.amazon.com/dp/B0982JTZ7C?tag=eloabder-20&linkCode=osi&th=1&psc=1"><img src="https://m.media-amazon.com/images/I/410EJ4ZeN7L._SL500_.jpg" alt="Product Image"></a><p>Vitamatic Magnesium Citrate Gummies 600mg per Serving - 60 Vegan Gummies - Promotes Healthy Relaxation, Muscle, Bone, & Energy Support (60 Gummies (Pack of 1))</p><p> -31% 0FF </p><p>$8.99 ($0.15 / Count)</p><a href="https://www.amazon.com/dp/B0982JTZ7C?tag=eloabder-20&linkCode=osi&th=1&psc=1">View Product</a></div>
<div class="product"><a href="https://www.amazon.com/dp/B0000DJAPU?tag=eloabder-20&linkCode=osi&th=1&psc=1"><img src="https://m.media-amazon.com/images/I/41AWyU-R3pL._SL500_.jpg" alt="Product Image"></a><p>Nature Made Zinc 30 mg, Dietary Supplement for Immune Health and Antioxidant Support, 100 Tablets, 100 Day Supply</p><p> -14% 0FF </p><p>$4.99 ($0.05 / Count)</p><a href="https://www.amazon.com/dp/B0000DJAPU?tag=eloabder-20&linkCode=osi&th=1&psc=1">View Product</a></div><div class="product"><a href="https://www.amazon.com/dp/B009K6TN08?tag=eloabder-20&linkCode=osi&th=1&psc=1"><img src="https://m.media-amazon.com/images/I/41+5SobvuAL._SL500_.jpg" alt="Product Image"></a><p>NOW Foods Supplements, Zinc (Zinc Gluconate) 50 mg, Supports Enzyme Functions*, Immune Support*, 100 Tablets</p><p> -39% 0FF </p><p>$4.88 ($0.05 / Count)</p><a href="https://www.amazon.com/dp/B009K6TN08?tag=eloabder-20&linkCode=osi&th=1&psc=1">View Product</a></div><div class="product"><a href="https://www.amazon.com/dp/B0098U0QC0?tag=eloabder-20&linkCode=osi&th=1&psc=1"><img src="https://m.media-amazon.com/images/I/5129AYBHcsS._SL500_.jpg" alt="Product Image"></a><p>Garden of Life Zinc Supplements 30mg High Potency Raw Zinc and Vitamin C Multimineral Supplement, Vitamin Code Vitamins Trace Minerals & Probiotics for Skin Health & Immune Support, 60 Vegan Capsules</p><p> -30% 0FF </p><p>$11.19 ($0.19 / Count)</p><a href="https://www.amazon.com/dp/B0098U0QC0?tag=eloabder-20&linkCode=osi&th=1&psc=1">View Product</a></div><div class="product"><a href="https://www.amazon.com/dp/B07QF5YZPM?tag=eloabder-20&linkCode=osi&th=1&psc=1"><img src="https://m.media-amazon.com/images/I/31-Es0RvwCL._SL500_.jpg" alt="Product Image"></a><p>Horbäach Chelated Zinc Supplement 100mg | 250 Tablets | High Potency & Superior Absorption | Vegetarian, Non-GMO, Gluten Free</p><p> -15% 0FF </p><p>$9.39 ($0.04 / Count)</p><a href="https://www.amazon.com/dp/B07QF5YZPM?tag=eloabder-20&linkCode=osi&th=1&psc=1">View Product</a></div><div class="product"><a href="https://www.amazon.com/dp/B004S8CNMS?tag=eloabder-20&linkCode=osi&th=1&psc=1"><img src="https://m.media-amazon.com/images/I/4189jQ1l1qL._SL500_.jpg" alt="Product Image"></a><p>Life Extension Zinc Caps, zinc 50 mg, zinc citrate, Support the body's immune defenses, ultra-absorbable, vegetarian, non-GMO, gluten-free, 90 vegetarian capsules, 90 Count (Pack of 1)</p><p> -25% 0FF </p><p>$6.75 ($0.08 / Count)</p><a href="https://www.amazon.com/dp/B004S8CNMS?tag=eloabder-20&linkCode=osi&th=1&psc=1">View Product</a></div><div class="product"><a href="https://www.amazon.com/dp/B087YLTR4G?tag=eloabder-20&linkCode=osi&th=1&psc=1"><img src="https://m.media-amazon.com/images/I/41hh-3XSXjL._SL500_.jpg" alt="Product Image"></a><p>Sandhu’s Zinc Quercetin 120 Vegetarian Capsules – Zinc Supplements for Antioxidant Immune Support Zinc for Men and Women – Gluten, Soy, Dairy Free</p><p> -20% 0FF </p><p>$27.99 ($0.23 / Count)</p><a href="https://www.amazon.com/dp/B087YLTR4G?tag=eloabder-20&linkCode=osi&th=1&psc=1">View Product</a></div>
<div class="product"><a href="https://www.amazon.com/dp/B0000DJAPS?tag=eloabder-20&linkCode=osi&th=1&psc=1"><img src="https://m.media-amazon.com/images/I/41V-vVwQs7L._SL500_.jpg" alt="Product Image"></a><p>Nature Made Folic Acid 400 mcg (665 mcg DFE), Dietary Supplement for Nervous System Function, 250 Tablets, 250 Day Supply</p><p> -10% 0FF </p><p>$6.31 ($0.03 / Count)</p><a href="https://www.amazon.com/dp/B0000DJAPS?tag=eloabder-20&linkCode=osi&th=1&psc=1">View Product</a></div><div class="product"><a href="https://www.amazon.com/dp/B0009U84Z4?tag=eloabder-20&linkCode=osi&th=1&psc=1"><img src="https://m.media-amazon.com/images/I/41XgVk+QOcL._SL500_.jpg" alt="Product Image"></a><p>NOW Foods Supplements, Folic Acid 800 mcg + B-12 (Cyanocobalamin) 25 mcg, B Complex Vitamin, 250 Tablets</p><p> -39% 0FF </p><p>$5.50 ($0.02 / Count)</p><a href="https://www.amazon.com/dp/B0009U84Z4?tag=eloabder-20&linkCode=osi&th=1&psc=1">View Product</a></div><div class="product"><a href="https://www.amazon.com/dp/B099JC2YTF?tag=eloabder-20&linkCode=osi&th=1&psc=1"><img src="https://m.media-amazon.com/images/I/41T14HpE5hS._SL500_.jpg" alt="Product Image"></a><p>Vitamatic Folic Acid 1000 mcg (1 mg) - Vegetarian Tablets - 1667 mcg DFE - Vitamin B9 (240 Count (Pack of 1))</p><p> -33% 0FF </p><p>$9.99 ($0.04 / Count)</p><a href="https://www.amazon.com/dp/B099JC2YTF?tag=eloabder-20&linkCode=osi&th=1&psc=1">View Product</a></div><div class="product"><a href="https://www.amazon.com/dp/B01IO43YO2?tag=eloabder-20&linkCode=osi&th=1&psc=1"><img src="https://m.media-amazon.com/images/I/41osMHAFreL._SL500_.jpg" alt="Product Image"></a><p>Nutricost Folic Acid (Vitamin B9) 1000 mcg, 240 Capsules</p><p> -13% 0FF </p><p>$12.95 ($0.05 / Count)</p><a href="https://www.amazon.com/dp/B01IO43YO2?tag=eloabder-20&linkCode=osi&th=1&psc=1">View Product</a></div><div class="product"><a href="https://www.amazon.com/dp/B000PSYWQK?tag=eloabder-20&linkCode=osi&th=1&psc=1"><img src="https://m.media-amazon.com/images/I/41qXznaiUlL._SL500_.jpg" alt="Product Image"></a><p>21st Century Folic Acid 400 mcg Tablets, 250 Count</p><p> -28% 0FF </p><p>$3.61 ($0.01 / Count)</p><a href="https://www.amazon.com/dp/B000PSYWQK?tag=eloabder-20&linkCode=osi&th=1&psc=1">View Product</a></div>
<div class="product"><a href="https://www.amazon.com/dp/B00DS5BGAC?tag=eloabder-20&linkCode=osi&th=1&psc=1"><img src="https://m.media-amazon.com/images/I/41XgXxh1trL._SL500_.jpg" alt="Product Image"></a><p>Nature Made Maximum Strength Biotin 5000 mcg, Dietary Supplement may help support Healthy Hair, Skin & Nails, 120 Softgels</p><p> -32% 0FF </p><p>$16.25 ($0.14 / Count)</p><a href="https://www.amazon.com/dp/B00DS5BGAC?tag=eloabder-20&linkCode=osi&th=1&psc=1">View Product</a></div><div class="product"><a href="https://www.amazon.com/dp/B0889KTX1J?tag=eloabder-20&linkCode=osi&th=1&psc=1"><img src="https://m.media-amazon.com/images/I/41CgZFj-vcL._SL500_.jpg" alt="Product Image"></a><p>Nature's Bounty Biotin 10,000 mcg, 250 Rapid Release Softgels</p><p> -15% 0FF </p><p>$16.97 ($0.07 / Count)</p><a href="https://www.amazon.com/dp/B0889KTX1J?tag=eloabder-20&linkCode=osi&th=1&psc=1">View Product</a></div><div class="product"><a href="https://www.amazon.com/dp/B01D6AQQQC?tag=eloabder-20&linkCode=osi&th=1&psc=1"><img src="https://m.media-amazon.com/images/I/41TljEJomnL._SL500_.jpg" alt="Product Image"></a><p>Nature Made One Per Day Biotin (B7) 1000 mcg. Softgels 120 Ct</p><p> -32% 0FF </p><p>$10.01 ($0.08 / Count)</p><a href="https://www.amazon.com/dp/B01D6AQQQC?tag=eloabder-20&linkCode=osi&th=1&psc=1">View Product</a></div><div class="product"><a href="https://www.amazon.com/dp/B00DS5BG52?tag=eloabder-20&linkCode=osi&th=1&psc=1"><img src="https://m.media-amazon.com/images/I/410g0guLnxL._SL500_.jpg" alt="Product Image"></a><p>Nature Made Time Release B-100 B Complex, Dietary Supplement for Nervous System Function Support, 60 Time Release Tablets, 60 Day Supply</p><p> -22% 0FF </p><p>$16.47 ($0.11 / Count)</p><a href="https://www.amazon.com/dp/B00DS5BG52?tag=eloabder-20&linkCode=osi&th=1&psc=1">View Product</a></div><div class="product"><a href="https://www.amazon.com/dp/B000WSS3TA?tag=eloabder-20&linkCode=osi&th=1&psc=1"><img src="https://m.media-amazon.com/images/I/41Y5bx0ysML._SL500_.jpg" alt="Product Image"></a><p>NOW Supplements, Biotin 1,000 mcg, Amino Acid Metabolism*, Energy Production*, 100 Capsules</p><p> -39% 0FF </p><p>$5.50 ($0.06 / Count)</p><a href="https://www.amazon.com/dp/B000WSS3TA?tag=eloabder-20&linkCode=osi&th=1&psc=1">View Product</a></div>
<div class="product"><a href="https://www.amazon.com/dp/B08451719W?tag=eloabder-20&linkCode=osi&th=1&psc=1"><img src="https://m.media-amazon.com/images/I/41Yv7xh8wNL._SL500_.jpg" alt="Product Image"></a><p>Carlyle Melatonin 12 mg Fast Dissolve 300 Tablets | Drug Free | Natural Berry Flavor | Vegetarian, Non-GMO, Gluten Free</p><p> -15% 0FF </p><p>$8.99 ($0.03 / Count)</p><a href="https://www.amazon.com/dp/B08451719W?tag=eloabder-20&linkCode=osi&th=1&psc=1">View Product</a></div><div class="product"><a href="https://www.amazon.com/dp/B000GG6D9A?tag=eloabder-20&linkCode=osi&th=1&psc=1"><img src="https://m.media-amazon.com/images/I/41FKo4YWuQL._SL500_.jpg" alt="Product Image"></a><p>Nature’s Bounty Melatonin 3mg, 100% Drug Free Sleep Aids for Adults, Supports Relaxation and Sleep, Dietary Supplement, 240 Count (Cherry Flavour - Packaging May Vary)</p><p> -35% 0FF </p><p>$7.74 ($0.03 / Count)</p><a href="https://www.amazon.com/dp/B000GG6D9A?tag=eloabder-20&linkCode=osi&th=1&psc=1">View Product</a></div><div class="product"><a href="https://www.amazon.com/dp/B01E14X7SM?tag=eloabder-20&linkCode=osi&th=1&psc=1"><img src="https://m.media-amazon.com/images/I/4193TTQGbkL._SL500_.jpg" alt="Product Image"></a><p>Natrol Sleep Melatonin 10mg Fast Dissolve Tablets, Nighttime Sleep Aid for Adults, 100 Strawberry-Flavored Melatonin Tablets, 100 Day Supply</p><p> -22% 0FF </p><p>$13.19 ($0.13 / Count)</p><a href="https://www.amazon.com/dp/B01E14X7SM?tag=eloabder-20&linkCode=osi&th=1&psc=1">View Product</a></div><div class="product"><a href="https://www.amazon.com/dp/B005DEK990?tag=eloabder-20&linkCode=osi&th=1&psc=1"><img src="https://m.media-amazon.com/images/I/41WEN6LZ54L._SL500_.jpg" alt="Product Image"></a><p>Nature Made Melatonin 3mg Tablets, 100% Drug Free Sleep Aid for Adults, 240 Tablets, 240 Day Supply</p><p> -36% 0FF </p><p>$7.81 ($0.03 / Count)</p><a href="https://www.amazon.com/dp/B005DEK990?tag=eloabder-20&linkCode=osi&th=1&psc=1">View Product</a></div><div class="product"><a href="https://www.amazon.com/dp/B085V63SWW?tag=eloabder-20&linkCode=osi&th=1&psc=1"><img src="https://m.media-amazon.com/images/I/41dWasYIlQL._SL500_.jpg" alt="Product Image"></a><p>Nature Made Melatonin 10mg Maximum Strength Tablets, 100% Drug Free Sleep Aid for Adults, 70 Count, 70 Day Supply</p><p> -15% 0FF </p><p>$13.17 ($0.19 / Count)</p><a href="https://www.amazon.com/dp/B085V63SWW?tag=eloabder-20&linkCode=osi&th=1&psc=1">View Product</a></div><div class="product"><a href="https://www.amazon.com/dp/B08666GMWG?tag=eloabder-20&linkCode=osi&th=1&psc=1"><img src="https://m.media-amazon.com/images/I/41dH5lxQdfL._SL500_.jpg" alt="Product Image"></a><p>Natrol 10mg Melatonin Gummies, Sleep Support for Adults, Melatonin Supplements for Sleeping, 140 Strawberry-Flavored Gummies, 70 Day Supply</p><p> -26% 0FF </p><p>$15.99 ($0.11 / Count)</p><a href="https://www.amazon.com/dp/B08666GMWG?tag=eloabder-20&linkCode=osi&th=1&psc=1">View Product</a></div><div class="product"><a href="https://www.amazon.com/dp/B00H2FG8RK?tag=eloabder-20&linkCode=osi&th=1&psc=1"><img src="https://m.media-amazon.com/images/I/41E1SmNAVtL._SL500_.jpg" alt="Product Image"></a><p>Nature's Bounty Melatonin 5mg Dual Spectrum, 100% Drug Free Sleep Supplement, Quick Release and Extended Release, Promotes Relaxation and Sleep Health, 60 Bi-Layer Tablets</p><p> -35% 0FF </p><p>$7.29 ($0.12 / Count)</p><a href="https://www.amazon.com/dp/B00H2FG8RK?tag=eloabder-20&linkCode=osi&th=1&psc=1">View Product</a></div><div class="product"><a href="https://www.amazon.com/dp/B079TD7HG2?tag=eloabder-20&linkCode=osi&th=1&psc=1"><img src="https://m.media-amazon.com/images/I/519TEPXTm7L._SL500_.jpg" alt="Product Image"></a><p>Natrol 10 mg Melatonin Gummies, Sleep Support for Adults, Melatonin Supplements for Sleeping, 90 Strawberry-Flavored Gummies, 45 Day Supply</p><p> -27% 0FF </p><p>$10.98 ($0.12 / Count)</p><a href="https://www.amazon.com/dp/B079TD7HG2?tag=eloabder-20&linkCode=osi&th=1&psc=1">View Product</a></div>
<div class="product"><a href="https://www.amazon.com/dp/B01GVJK3XW?tag=eloabder-20&linkCode=osi&th=1&psc=1"><img src="https://m.media-amazon.com/images/I/41y-ROAavrL._SL500_.jpg" alt="Product Image"></a><p>Glucosamine Chondroitin MSM Turmeric Boswellia - Joint Support Supplement. Antioxidant Properties. Helps with Inflammatory Response. Occasional Discomfort Relief for Back, Knees & Hands. 90 Capsules</p><p> -15% 0FF </p><p>$28.97 ($0.32 / Count)</p><a href="https://www.amazon.com/dp/B01GVJK3XW?tag=eloabder-20&linkCode=osi&th=1&psc=1">View Product</a></div><div class="product"><a href="https://www.amazon.com/dp/B0BJS6ZYSM?tag=eloabder-20&linkCode=osi&th=1&psc=1"><img src="https://m.media-amazon.com/images/I/41xRD3RMthL._SL500_.jpg" alt="Product Image"></a><p>Horbäach Glucosamine Chondroitin | Plus MSM & Turmeric | 180 Coated Caplets | Non-GMO, Gluten Free Supplement</p><p> -15% 0FF </p><p>$9.88 ($0.05 / Count)</p><a href="https://www.amazon.com/dp/B0BJS6ZYSM?tag=eloabder-20&linkCode=osi&th=1&psc=1">View Product</a></div><div class="product"><a href="https://www.amazon.com/dp/B000052YVA?tag=eloabder-20&linkCode=osi&th=1&psc=1"><img src="https://m.media-amazon.com/images/I/51Pss8N94eL._SL500_.jpg" alt="Product Image"></a><p>Nature's Bounty Glucosamine Chondroitin Pills and Dietary Supplement, Support Joint Health, 110 Capsules</p><p> -29% 0FF </p><p>$16.79 ($0.15 / Count)</p><a href="https://www.amazon.com/dp/B000052YVA?tag=eloabder-20&linkCode=osi&th=1&psc=1">View Product</a></div><div class="product"><a href="https://www.amazon.com/dp/B000I4DFAK?tag=eloabder-20&linkCode=osi&th=1&psc=1"><img src="https://m.media-amazon.com/images/I/412eH9qi4+L._SL500_.jpg" alt="Product Image"></a><p>Doctor's Best Glucosamine Chondroitin Msm with OptiMSM Capsules, Supports Healthy Joint Structure, Function & Comfort, Non-GMO, Gluten Free, Soy Free, 240 Count (Pack of 1)</p><p> -46% 0FF </p><p>$27.21 ($0.11 / Count)</p><a href="https://www.amazon.com/dp/B000I4DFAK?tag=eloabder-20&linkCode=osi&th=1&psc=1">View Product</a></div>
<div class="product"><a href="https://www.amazon.com/dp/B0013OVYE8?tag=eloabder-20&linkCode=osi&th=1&psc=1"><img src="https://m.media-amazon.com/images/I/41rq0wz7-AL._SL500_.jpg" alt="Product Image"></a><p>NOW Foods Supplements, Chondroitin Sulfate 600 mg (a Glycosaminoglycan), Joint Health*, 120 Capsules</p><p> -46% 0FF </p><p>$20.40 ($0.17 / Count)</p><a href="https://www.amazon.com/dp/B0013OVYE8?tag=eloabder-20&linkCode=osi&th=1&psc=1">View Product</a></div><div class="product"><a href="https://www.amazon.com/dp/B09KZLMBVD?tag=eloabder-20&linkCode=osi&th=1&psc=1"><img src="https://m.media-amazon.com/images/I/41rl9efgbGL._SL500_.jpg" alt="Product Image"></a><p>Horbaäch Chondroitin Sulfate 1200mg | 120 Capsules | Non-GMO & Gluten Free Supplement</p><p> -15% 0FF </p><p>$17.38 ($0.14 / Count)</p><a href="https://www.amazon.com/dp/B09KZLMBVD?tag=eloabder-20&linkCode=osi&th=1&psc=1">View Product</a></div>
<div class="product"><a href="https://www.amazon.com/dp/B004GJVD4I?tag=eloabder-20&linkCode=osi&th=1&psc=1"><img src="https://m.media-amazon.com/images/I/41rXqlhNrwL._SL500_.jpg" alt="Product Image"></a><p>Nature Made CoQ10 200mg, Dietary Supplement for Heart Health Support, 80 Softgels, 80 Day Supply</p><p> -52% 0FF </p><p>$23.98 ($0.30 / Count)</p><a href="https://www.amazon.com/dp/B004GJVD4I?tag=eloabder-20&linkCode=osi&th=1&psc=1">View Product</a></div><div class="product"><a href="https://www.amazon.com/dp/B0CFXBNL3Q?tag=eloabder-20&linkCode=osi&th=1&psc=1"><img src="https://m.media-amazon.com/images/I/41GAV2EaxRL._SL500_.jpg" alt="Product Image"></a><p>Stynghj CoQ10 300mg,100 Softgels-Helps Maintain Healthy Blood Pressure and Promotes Energy Production,100 Count (Pack of 1)</p><p> -5% 0FF </p><p>$17.89 ($0.18 / Count)</p><a href="https://www.amazon.com/dp/B0CFXBNL3Q?tag=eloabder-20&linkCode=osi&th=1&psc=1">View Product</a></div><div class="product"><a href="https://www.amazon.com/dp/B0BL1Z8MVD?tag=eloabder-20&linkCode=osi&th=1&psc=1"><img src="https://m.media-amazon.com/images/I/51-25Gi4YyL._SL500_.jpg" alt="Product Image"></a><p>Qunol Ultra CoQ10 100mg Softgels- 3x Better Absorption, Antioxidant for Heart Health & Energy Production, Coenzyme Q10 Vitamins and Supplements, 3 Month Supply, 90 Count</p><p> -10% 0FF </p><p>$23.39 ($0.26 / Count)</p><a href="https://www.amazon.com/dp/B0BL1Z8MVD?tag=eloabder-20&linkCode=osi&th=1&psc=1">View Product</a></div><div class="product"><a href="https://www.amazon.com/dp/B096NKZB6V?tag=eloabder-20&linkCode=osi&th=1&psc=1"><img src="https://m.media-amazon.com/images/I/41ECd00nr9L._SL500_.jpg" alt="Product Image"></a><p>CoQ10-200mg-Softgels with PQQ, BioPerine & Omega-3, 120 Servings Coenzyme Q10(Ubiquinone) Supplement for High-Absorption, Powerful-Antioxidant, Support Heart & Energy-Production</p><p> -24% 0FF </p><p>$15.99 ($0.13 / Count)</p><a href="https://www.amazon.com/dp/B096NKZB6V?tag=eloabder-20&linkCode=osi&th=1&psc=1">View Product</a></div><div class="product"><a href="https://www.amazon.com/dp/B0CF3M3Y1M?tag=eloabder-20&linkCode=osi&th=1&psc=1"><img src="https://m.media-amazon.com/images/I/41U+3SrQIVL._SL500_.jpg" alt="Product Image"></a><p>CoQ10 100mg, 240 Capsules – with Omega 3 Fatty Acid 100mg – Bioavailable Coenzyme Q10 Supplements – Heart, Energy, & Brain Health Antioxidant Support – Non-GMO</p><p> -50% 0FF </p><p>$9.99 ($0.04 / Count)</p><a href="https://www.amazon.com/dp/B0CF3M3Y1M?tag=eloabder-20&linkCode=osi&th=1&psc=1">View Product</a></div>
<div class="product"><a href="https://www.amazon.com/dp/B001GCU6KA?tag=eloabder-20&linkCode=osi&th=1&psc=1"><img src="https://m.media-amazon.com/images/I/41GqjqtkrqL._SL500_.jpg" alt="Product Image"></a><p>NOW Foods Supplements, Omega-3 180 EPA / 120 DHA, Molecularly Distilled, Cardiovascular Support*, 200 Softgels</p><p> -39% 0FF </p><p>$12.24 ($0.06 / Count)</p><a href="https://www.amazon.com/dp/B001GCU6KA?tag=eloabder-20&linkCode=osi&th=1&psc=1">View Product</a></div>
<div class="product"><a href="https://www.amazon.com/dp/B01BXLYEQ0?tag=eloabder-20&linkCode=osi&th=1&psc=1"><img src="https://m.media-amazon.com/images/I/41-9QpEJLtL._SL500_.jpg" alt="Product Image"></a><p>Jacked Factory Burn-XT Clinically Studied Fat Burner & Weight Loss Supplement - Appetite Suppressant & Energy Booster - with Acetyl L-Carnitine, Green Tea Extract and More - 60 Natural Diet Pills</p><p> -43% 0FF </p><p>$19.99 ($0.33 / Count)</p><a href="https://www.amazon.com/dp/B01BXLYEQ0?tag=eloabder-20&linkCode=osi&th=1&psc=1">View Product</a></div><div class="product"><a href="https://www.amazon.com/dp/B00D0VY8BS?tag=eloabder-20&linkCode=osi&th=1&psc=1"><img src="https://m.media-amazon.com/images/I/41NUcpXu+8L._SL500_.jpg" alt="Product Image"></a><p>Hyleys Slim Tea Goji Berry with Green Tea & Senna - Herbal Weight Loss Detox Cleanse Supplement for Belly Fat, Bloating & Metabolism Boost - 25 Tea Bags (1 Pack)</p><p> -23% 0FF </p><p>$4.25 ($0.17 / Count)</p><a href="https://www.amazon.com/dp/B00D0VY8BS?tag=eloabder-20&linkCode=osi&th=1&psc=1">View Product</a></div><div class="product"><a href="https://www.amazon.com/dp/B0BJ827RQF?tag=eloabder-20&linkCode=osi&th=1&psc=1"><img src="https://m.media-amazon.com/images/I/31TvlRh-20L._SL500_.jpg" alt="Product Image"></a><p>alli Diet Weight Loss Supplement Pills, Orlistat 60Mg Capsules, 170 Count</p><p> -14% 0FF </p><p>$68.78 ($0.40 / Count)</p><a href="https://www.amazon.com/dp/B0BJ827RQF?tag=eloabder-20&linkCode=osi&th=1&psc=1">View Product</a></div>
<div class="product"><a href="https://www.amazon.com/dp/B0D7D24YCJ?tag=eloabder-20&linkCode=osi&th=1&psc=1"><img src="https://m.media-amazon.com/images/I/41C9C5C0phL._SL500_.jpg" alt="Product Image"></a><p>LMNITRIX Burnz - Extreme Thermogenic Fat Burner - Powerful Weight Loss Aid, Stronger Than Most Diet Pills - True Plateau Destroyer - Lose Weight Fast for Men and Women - 60ct</p><p> -38% 0FF </p><p>$24.95 ($0.42 / Count)</p><a href="https://www.amazon.com/dp/B0D7D24YCJ?tag=eloabder-20&linkCode=osi&th=1&psc=1">View Product</a></div><div class="product"><a href="https://www.amazon.com/dp/B00NINY2U0?tag=eloabder-20&linkCode=osi&th=1&psc=1"><img src="https://m.media-amazon.com/images/I/51T7RcSsXCL._SL500_.jpg" alt="Product Image"></a><p>EVL Thermogenic Fat Burner Support - Fast Acting Weight Loss Energy and Appetite Support - Trans4orm Green Tea Fat Burner and Weight Loss Support Supplement for Men and Women - 60 Servings</p><p> -23% 0FF </p><p>$22.99 ($0.19 / Count)</p><a href="https://www.amazon.com/dp/B00NINY2U0?tag=eloabder-20&linkCode=osi&th=1&psc=1">View Product</a></div><div class="product"><a href="https://www.amazon.com/dp/B09BG4SWGG?tag=eloabder-20&linkCode=osi&th=1&psc=1"><img src="https://m.media-amazon.com/images/I/41Jve5vb6rL._SL500_.jpg" alt="Product Image"></a><p>Youtheory Daily Fat Burner - Supports Body Composition & Metabolism - with Citrus Fruit Blend, Chromium & Cayenne Extract - Gluten, Soy & Dairy Free - 60 Vegetarian Capsules</p><p> -34% 0FF </p><p>$17.18 ($0.29 / Count)</p><a href="https://www.amazon.com/dp/B09BG4SWGG?tag=eloabder-20&linkCode=osi&th=1&psc=1">View Product</a></div>
<div class="product"><a href="https://www.amazon.com/dp/B0CG3SLY3K?tag=eloabder-20&linkCode=osi&th=1&psc=1"><img src="https://m.media-amazon.com/images/I/51VO0WaTYtL._SL500_.jpg" alt="Product Image"></a><p>Dr Vitamins Thermogenic Fat Burner for Women and Men - Appetite Suppressant for Weight Loss - Includes Green Tea Extracts for Bloat Relief - Metabolism Booster - Pack of 2</p><p> -6% 0FF </p><p>$33.95 ($0.28 / Count)</p><a href="https://www.amazon.com/dp/B0CG3SLY3K?tag=eloabder-20&linkCode=osi&th=1&psc=1">View Product</a></div><div class="product"><a href="https://www.amazon.com/dp/B09CBWWWDL?tag=eloabder-20&linkCode=osi&th=1&psc=1"><img src="https://m.media-amazon.com/images/I/41E5Ubb2vrL._SL500_.jpg" alt="Product Image"></a><p>OLLY Combat Cravings, Metabolism & Energy Support Supplement,1000 mcg Chromium, Green Tea, Goji Berry, Ginger - 30 Count</p><p> -16% 0FF </p><p>$16.88 ($0.56 / Count)</p><a href="https://www.amazon.com/dp/B09CBWWWDL?tag=eloabder-20&linkCode=osi&th=1&psc=1">View Product</a></div><div class="product"><a href="https://www.amazon.com/dp/B07CJ166BR?tag=eloabder-20&linkCode=osi&th=1&psc=1"><img src="https://m.media-amazon.com/images/I/313vHBJOmTL._SL500_.jpg" alt="Product Image"></a><p>Carlyle Ultra Chromium Picolinate 1000mcg | 360 Tablets | Vegetarian, Non-GMO, Gluten Free</p><p> -15% 0FF </p><p>$9.49 ($0.03 / Count)</p><a href="https://www.amazon.com/dp/B07CJ166BR?tag=eloabder-20&linkCode=osi&th=1&psc=1">View Product</a></div><div class="product"><a href="https://www.amazon.com/dp/B0B3KQCYFB?tag=eloabder-20&linkCode=osi&th=1&psc=1"><img src="https://m.media-amazon.com/images/I/412J2DzjVuL._SL500_.jpg" alt="Product Image"></a><p>UNALTERED Appetite Suppressant for Women - Combat Cravings, Bloating, & Support Weight Loss - Natural Diet Pills, Fat Burner, & Carb Blocker - Features Chromium Picolinate & Glucomannan - 120 Ct</p><p> -7% 0FF </p><p>$39.99 ($0.33 / Count)</p><a href="https://www.amazon.com/dp/B0B3KQCYFB?tag=eloabder-20&linkCode=osi&th=1&psc=1">View Product</a></div>
<div class="product"><a href="https://www.amazon.com/dp/B0015068PA?tag=eloabder-20&linkCode=osi&th=1&psc=1"><img src="https://m.media-amazon.com/images/I/41PLpivCSAL._SL500_.jpg" alt="Product Image"></a><p>Atkins Milk Chocolate Delight Protein Shake, 15g Protein, Low Glycemic, 2g Net Carb, 1g Sugar, Keto Friendly, 12 Count</p><p> -22% 0FF </p><p>$19.48 ($0.15 / Fl Oz)</p><a href="https://www.amazon.com/dp/B0015068PA?tag=eloabder-20&linkCode=osi&th=1&psc=1">View Product</a></div><div class="product"><a href="https://www.amazon.com/dp/B007S6Y6VS?tag=eloabder-20&linkCode=osi&th=1&psc=1"><img src="https://m.media-amazon.com/images/I/51rcU9FqXVL._SL500_.jpg" alt="Product Image"></a><p>Garden of Life Raw Organic Meal Replacement Shakes - Chocolate Plant Based Vegan Protein Powder, Pea Protein, Sprouts, Greens, Probiotics, Dairy Free All in One Shake for Women and Men, 28 Servings</p><p> -29% 0FF </p><p>$42.36 ($1.11 / Ounce)</p><a href="https://www.amazon.com/dp/B007S6Y6VS?tag=eloabder-20&linkCode=osi&th=1&psc=1">View Product</a></div><div class="product"><a href="https://www.amazon.com/dp/B0015068TG?tag=eloabder-20&linkCode=osi&th=1&psc=1"><img src="https://m.media-amazon.com/images/I/41hXIUA336L._SL500_.jpg" alt="Product Image"></a><p>Atkins Creamy Vanilla Protein Shake, 15g Protein, Low Glycemic, 2g Net Carb, 1g Sugar, Keto Friendly, 12 Count</p><p> -31% 0FF </p><p>$17.18 ($0.13 / Fl Oz)</p><a href="https://www.amazon.com/dp/B0015068TG?tag=eloabder-20&linkCode=osi&th=1&psc=1">View Product</a></div><div class="product"><a href="https://www.amazon.com/dp/B06Y5ZG66K?tag=eloabder-20&linkCode=osi&th=1&psc=1"><img src="https://m.media-amazon.com/images/I/51Lyzdfa4oL._SL500_.jpg" alt="Product Image"></a><p>Premier Protein Powder, Chocolate Milkshake, 30g Protein, 1g Sugar, 100% Whey Protein, Keto Friendly, No Soy Ingredients, Gluten Free, 17 Servings, 23.9 Ounce (Pack of 1)</p><p> -9% 0FF </p><p>$21.89 ($0.89 / Ounce)</p><a href="https://www.amazon.com/dp/B06Y5ZG66K?tag=eloabder-20&linkCode=osi&th=1&psc=1">View Product</a></div><div class="product"><a href="https://www.amazon.com/dp/B072XT69DR?tag=eloabder-20&linkCode=osi&th=1&psc=1"><img src="https://m.media-amazon.com/images/I/418TrrTOQWL._SL500_.jpg" alt="Product Image"></a><p>REDCON1 MRE Protein Powder, Blueberry Cobbler - Meal Replacement Protein Blend Made with MCT Oil & Whole Foods - Protein with Natural Ingredients to Aid in Muscle Recovery (25 Servings)</p><p> -13% 0FF </p><p>$69.99 ($0.61 / Ounce)</p><a href="https://www.amazon.com/dp/B072XT69DR?tag=eloabder-20&linkCode=osi&th=1&psc=1">View Product</a></div>
<div class="product"><a href="https://www.amazon.com/dp/B08XXHCGZT?tag=eloabder-20&linkCode=osi&th=1&psc=1"><img src="https://m.media-amazon.com/images/I/41iPl4jhA-L._SL500_.jpg" alt="Product Image"></a><p>Nature Made Magnesium Glycinate 200 mg per Serving, Magnesium Supplement for Muscle, Heart, Nerve and Bone Support, 60 Magnesium Bisglycinate Capsules, 30 Day Supply</p><p> -52% 0FF </p><p>$10.66 ($0.18 / Count)</p><a href="https://www.amazon.com/dp/B08XXHCGZT?tag=eloabder-20&linkCode=osi&th=1&psc=1">View Product</a></div>
<div class="product"><a href="https://www.amazon.com/dp/B00ISAPPLI?tag=eloabder-20&linkCode=osi&th=1&psc=1"><img src="https://m.media-amazon.com/images/I/417-h8k4YML._SL500_.jpg" alt="Product Image"></a><p>Dr. Tobias Colon 14 Day Cleanse, Advanced Gut Cleanse Detox for Women & Men with Cascara Sagrada, Psyllium Husk & Senna Leaf, Non-GMO Colon Cleanse, 28 Capsules 1-2 Daily</p><p> -15% 0FF </p><p>$19.99 ($0.71 / Count)</p><a href="https://www.amazon.com/dp/B00ISAPPLI?tag=eloabder-20&linkCode=osi&th=1&psc=1">View Product</a></div><div class="product"><a href="https://www.amazon.com/dp/B07DF77H2D?tag=eloabder-20&linkCode=osi&th=1&psc=1"><img src="https://m.media-amazon.com/images/I/41qnQqBKeJL._SL500_.jpg" alt="Product Image"></a><p>Liver Cleanse Detox & Repair Formula | 20+ Herbs: Milk Thistle Extract with Silymarin, Artichoke, Dandelion, Chicory Root Powder & More! | Premium Liver Support Pills Supplement, 60 Capsules</p><p> -8% 0FF </p><p>$22.95 ($0.38 / Count)</p><a href="https://www.amazon.com/dp/B07DF77H2D?tag=eloabder-20&linkCode=osi&th=1&psc=1">View Product</a></div><div class="product"><a href="https://www.amazon.com/dp/B01AVJGHW4?tag=eloabder-20&linkCode=osi&th=1&psc=1"><img src="https://m.media-amazon.com/images/I/51xGQHea+JL._SL500_.jpg" alt="Product Image"></a><p>Century Systems The Cleaner Detox, Powerful 7-Day Complete Internal Cleansing Formula for Men, Support Digestive Health, 52 Vegetarian Capsules</p><p> -8% 0FF </p><p>$12.50 ($0.24 / Count)</p><a href="https://www.amazon.com/dp/B01AVJGHW4?tag=eloabder-20&linkCode=osi&th=1&psc=1">View Product</a></div><div class="product"><a href="https://www.amazon.com/dp/B0CPVVYG5D?tag=eloabder-20&linkCode=osi&th=1&psc=1"><img src="https://m.media-amazon.com/images/I/41L2n+A9vjL._SL500_.jpg" alt="Product Image"></a><p>Milamiamor 15 Day Cleanse - Gut and Colon Support - Advanced Gut Cleanse Detox for Women & Men with Senna, Cascara Sagrada & Psyllium Husk - Non-GMO - Made in USA - 30 Capsules</p><p> -20% 0FF </p><p>$19.99 ($0.67 / Count)</p><a href="https://www.amazon.com/dp/B0CPVVYG5D?tag=eloabder-20&linkCode=osi&th=1&psc=1">View Product</a></div>
<div class="product"><a href="https://www.amazon.com/dp/B012RFVHSO?tag=eloabder-20&linkCode=osi&th=1&psc=1"><img src="https://m.media-amazon.com/images/I/51As5g4VfnL._SL500_.jpg" alt="Product Image"></a><p>OLLY Probiotic + Prebiotic Gummy, Digestive Support and Gut Health, 500 Million CFUs, Fiber, Adult Chewable Supplement for Men and Women, Peach, 30 Day Supply - 30 Count</p><p> -14% 0FF </p><p>$12.88 ($0.43 / Count)</p><a href="https://www.amazon.com/dp/B012RFVHSO?tag=eloabder-20&linkCode=osi&th=1&psc=1">View Product</a></div><div class="product"><a href="https://www.amazon.com/dp/B001TH7K0G?tag=eloabder-20&linkCode=osi&th=1&psc=1"><img src="https://m.media-amazon.com/images/I/41nbiJxKRNL._SL500_.jpg" alt="Product Image"></a><p>Metamucil 3-in-1 Fiber Capsules, Daily Psyllium Husk Fiber Supplement, Fiber Capsules for Digestive Health, Plant-Based Psyllium Husk Fiber Capsules, #1 Doctor Recommended Fiber Brand, 300ct Capsules</p><p> -10% 0FF </p><p>$30.54 ($0.10 / Count)</p><a href="https://www.amazon.com/dp/B001TH7K0G?tag=eloabder-20&linkCode=osi&th=1&psc=1">View Product</a></div><div class="product"><a href="https://www.amazon.com/dp/B0014CVXMW?tag=eloabder-20&linkCode=osi&th=1&psc=1"><img src="https://m.media-amazon.com/images/I/417nIjuQeVL._SL500_.jpg" alt="Product Image"></a><p>Nature's Bounty Acidophilus Probiotic, Daily Probiotic Supplement, Supports Digestive Health, 1 Pack, 120 Tablets</p><p> -26% 0FF </p><p>$7.89 ($0.07 / Count)</p><a href="https://www.amazon.com/dp/B0014CVXMW?tag=eloabder-20&linkCode=osi&th=1&psc=1">View Product</a></div><div class="product"><a href="https://www.amazon.com/dp/B00C1C21S4?tag=eloabder-20&linkCode=osi&th=1&psc=1"><img src="https://m.media-amazon.com/images/I/41jjvGyic9L._SL500_.jpg" alt="Product Image"></a><p>Digestive Advantage Probiotics For Digestive Health, Probiotic Gummies & Vit D, Daily Probiotics For Women &Men Occasional Bloating, Minor Abdominal Discomfort & Gut Health, 80ct Natural Fruit Flavors</p><p> -23% 0FF </p><p>$16.89 ($0.21 / Count)</p><a href="https://www.amazon.com/dp/B00C1C21S4?tag=eloabder-20&linkCode=osi&th=1&psc=1">View Product</a></div><div class="product"><a href="https://www.amazon.com/dp/B0BSKSTLR6?tag=eloabder-20&linkCode=osi&th=1&psc=1"><img src="https://m.media-amazon.com/images/I/4122KSnK5cL._SL500_.jpg" alt="Product Image"></a><p>Benefiber Prebiotic Fiber Supplement Gummies for Digestive Health, Assorted Fruit Flavor - 81 Count</p><p> -5% 0FF </p><p>$17.99 ($0.22 / Count)</p><a href="https://www.amazon.com/dp/B0BSKSTLR6?tag=eloabder-20&linkCode=osi&th=1&psc=1">View Product</a></div><div class="product"><a href="https://www.amazon.com/dp/B0007IQMVG?tag=eloabder-20&linkCode=osi&th=1&psc=1"><img src="https://m.media-amazon.com/images/I/41LbuIg0j9L._SL500_.jpg" alt="Product Image"></a><p>Digestive Advantage IBS Probiotics For Women and Men, Probiotics For Digestive Health & Intensive Bowel Support with Digestive Enzymes For Gut Health, Occasional Bloating & Immune Support, 96 Capsules</p><p> -17% 0FF </p><p>$24.78 ($0.26 / Count)</p><a href="https://www.amazon.com/dp/B0007IQMVG?tag=eloabder-20&linkCode=osi&th=1&psc=1">View Product</a></div>
<div class="product"><a href="https://www.amazon.com/dp/B000GISTZ4?tag=eloabder-20&linkCode=osi&th=1&psc=1"><img src="https://m.media-amazon.com/images/I/41lOq4KDvCL._SL500_.jpg" alt="Product Image"></a><p>Optimum Nutrition Gold Standard 100% Whey Protein Powder, Vanilla Ice Cream, 2 Pound (Packaging May Vary)</p><p> -17% 0FF </p><p>$35.00 ($1.09 / Ounce)</p><a href="https://www.amazon.com/dp/B000GISTZ4?tag=eloabder-20&linkCode=osi&th=1&psc=1">View Product</a></div><div class="product"><a href="https://www.amazon.com/dp/B09MR8N7D9?tag=eloabder-20&linkCode=osi&th=1&psc=1"><img src="https://m.media-amazon.com/images/I/51PpAEj50iL._SL500_.jpg" alt="Product Image"></a><p>Dymatize ISO100 Whey Protein Powder with 25g of Hydrolyzed 100% Whey Isolate, Gluten Free, Fast Digesting, Chocolate Peanut Butter, 20 Servings</p><p> -20% 0FF </p><p>$26.77 ($1.17 / Ounce)</p><a href="https://www.amazon.com/dp/B09MR8N7D9?tag=eloabder-20&linkCode=osi&th=1&psc=1">View Product</a></div><div class="product"><a href="https://www.amazon.com/dp/B00SCO8AA8?tag=eloabder-20&linkCode=osi&th=1&psc=1"><img src="https://m.media-amazon.com/images/I/41B1py4k0lL._SL500_.jpg" alt="Product Image"></a><p>Isopure Unflavored Protein, Whey Isolate, with Vitamin C & Zinc for Immune Support, 25g Protein, Zero Carb & Keto Friendly, 1 Pound (Packaging May Vary)</p><p> -19% 0FF </p><p>$27.49 ($1.72 / Ounce)</p><a href="https://www.amazon.com/dp/B00SCO8AA8?tag=eloabder-20&linkCode=osi&th=1&psc=1">View Product</a></div><div class="product"><a href="https://www.amazon.com/dp/B007SYT7LO?tag=eloabder-20&linkCode=osi&th=1&psc=1"><img src="https://m.media-amazon.com/images/I/51LyQZUw1WL._SL500_.jpg" alt="Product Image"></a><p>Organic Vegan Vanilla Protein Powder - Garden of Life – 22g Complete Plant Based Raw Protein & BCAAs plus Probiotics & Digestive Enzymes for Easy Digestion – Non-GMO, Gluten-Free, Lactose Free 1.5 LB</p><p> -24% 0FF </p><p>$35.69 ($1.53 / Ounce)</p><a href="https://www.amazon.com/dp/B007SYT7LO?tag=eloabder-20&linkCode=osi&th=1&psc=1">View Product</a></div>
<div class="product"><a href="https://www.amazon.com/dp/B07349CKML?tag=eloabder-20&linkCode=osi&th=1&psc=1"><img src="https://m.media-amazon.com/images/I/51-TkjI7KTL._SL500_.jpg" alt="Product Image"></a><p>Cellucor C4 Sport Pre Workout Powder Watermelon - Pre Workout Energy with Creatine + 135mg Caffeine and Beta-Alanine Performance Blend - NSF Certified for Sport 30 Servings</p><p> -18% 0FF </p><p>$18.04 ($2.54 / Ounce)</p><a href="https://www.amazon.com/dp/B07349CKML?tag=eloabder-20&linkCode=osi&th=1&psc=1">View Product</a></div><div class="product"><a href="https://www.amazon.com/dp/B00KZNOYDG?tag=eloabder-20&linkCode=osi&th=1&psc=1"><img src="https://m.media-amazon.com/images/I/41IXADaWxUL._SL500_.jpg" alt="Product Image"></a><p>BSN N.O.-XPLODE Pre Workout Supplement with Creatine, Beta-Alanine, and Energy, Flavor: Fruit Punch, 60 Servings</p><p> -28% 0FF </p><p>$46.99 ($1.20 / Ounce)</p><a href="https://www.amazon.com/dp/B00KZNOYDG?tag=eloabder-20&linkCode=osi&th=1&psc=1">View Product</a></div><div class="product"><a href="https://www.amazon.com/dp/B00PYB2X8C?tag=eloabder-20&linkCode=osi&th=1&psc=1"><img src="https://m.media-amazon.com/images/I/31NJiruIw-L._SL500_.jpg" alt="Product Image"></a><p>OPTIMUM NUTRITION Gold Standard Pre-Workout with Creatine, Beta-Alanine, and Caffeine for Energy, Flavor: Fruit Punch, 30 Servings</p><p> -24% 0FF </p><p>$24.99 ($2.36 / Ounce)</p><a href="https://www.amazon.com/dp/B00PYB2X8C?tag=eloabder-20&linkCode=osi&th=1&psc=1">View Product</a></div><div class="product"><a href="https://www.amazon.com/dp/B08M49L9PF?tag=eloabder-20&linkCode=osi&th=1&psc=1"><img src="https://m.media-amazon.com/images/I/51nLuPRbp6L._SL500_.jpg" alt="Product Image"></a><p>Alani Nu Pre-Workout - Galaxy Lemonade (30 Servings)</p><p> -13% 0FF </p><p>$34.99 ($3.43 / Ounce)</p><a href="https://www.amazon.com/dp/B08M49L9PF?tag=eloabder-20&linkCode=osi&th=1&psc=1">View Product</a></div><div class="product"><a href="https://www.amazon.com/dp/B0B81CRX95?tag=eloabder-20&linkCode=osi&th=1&psc=1"><img src="https://m.media-amazon.com/images/I/3130sjwWa6L._SL500_.jpg" alt="Product Image"></a><p>Kaged Athletic Sport Pre Workout Powder | Blue Razz | Energy Supplement for Endurance | Cardio, Weightlifting Sports Drink | 20 Servings</p><p> -20% 0FF </p><p>$19.98 ($2.16 / Ounce)</p><a href="https://www.amazon.com/dp/B0B81CRX95?tag=eloabder-20&linkCode=osi&th=1&psc=1">View Product</a></div><div class="product"><a href="https://www.amazon.com/dp/B0C3ND65XS?tag=eloabder-20&linkCode=osi&th=1&psc=1"><img src="https://m.media-amazon.com/images/I/51Z209FUi0L._SL500_.jpg" alt="Product Image"></a><p>ALPHA LION Core Pre Workout Powder with Creatine for Performance, Beta Alanine for Muscle, L-Citrulline for Pump & Tri-Source Caffeine for Sustained Energy (30 Servings, Fruit Punch Flavor)</p><p> -25% 0FF </p><p>$22.59 ($2.14 / Ounce)</p><a href="https://www.amazon.com/dp/B0C3ND65XS?tag=eloabder-20&linkCode=osi&th=1&psc=1">View Product</a></div><div class="product"><a href="https://www.amazon.com/dp/B07TCCPZZL?tag=eloabder-20&linkCode=osi&th=1&psc=1"><img src="https://m.media-amazon.com/images/I/518-8KrY6cL._SL500_.jpg" alt="Product Image"></a><p>Jacked Factory NITROSURGE Pre Workout Supplement - Endless Energy, Instant Strength Gains, Clear Focus, Intense Pumps - NO Booster & Preworkout Powder with Beta Alanine - 30 Servings, Cherry Limeade</p><p> -7% 0FF </p><p>$25.99 ($2.93 / Ounce)</p><a href="https://www.amazon.com/dp/B07TCCPZZL?tag=eloabder-20&linkCode=osi&th=1&psc=1">View Product</a></div>
<div class="product"><a href="https://www.amazon.com/dp/B006G9TB68?tag=eloabder-20&linkCode=osi&th=1&psc=1"><img src="https://m.media-amazon.com/images/I/31N397czLaL._SL500_.jpg" alt="Product Image"></a><p>BSN Amino X Muscle Recovery & Endurance Powder with BCAAs, Intra Workout Support, 10 Grams of Amino Acids, Keto Friendly, Caffeine Free, Flavor: Grape, 30 Servings (Packaging May Vary)</p><p> -22% 0FF </p><p>$21.84 ($1.43 / Ounce)</p><a href="https://www.amazon.com/dp/B006G9TB68?tag=eloabder-20&linkCode=osi&th=1&psc=1">View Product</a></div><div class="product"><a href="https://www.amazon.com/dp/B00LALNIOI?tag=eloabder-20&linkCode=osi&th=1&psc=1"><img src="https://m.media-amazon.com/images/I/510ZY58GIXL._SL500_.jpg" alt="Product Image"></a><p>Scivation XTEND ORIGINAL 7G BCAA MUSCLE RECOVERY + ELECTROLYTES 30 SERVINGS BLUE RASPBERRY ICE</p><p> -25% 0FF </p><p>$21.08 ($1.60 / Ounce)</p><a href="https://www.amazon.com/dp/B00LALNIOI?tag=eloabder-20&linkCode=osi&th=1&psc=1">View Product</a></div><div class="product"><a href="https://www.amazon.com/dp/B01HGQZXIY?tag=eloabder-20&linkCode=osi&th=1&psc=1"><img src="https://m.media-amazon.com/images/I/41CbhAnReOL._SL500_.jpg" alt="Product Image"></a><p>Post JYM Active Matrix - Post-Workout with BCAA's, Glutamine, Creatine HCL, Beta-Alanine, and More | JYM Supplement Science | Mandarin Orange Flavor, 30 Servings, 1.3 Pound (Pack of 1)</p><p> -9% 0FF </p><p>$39.32 ($1.86 / Ounce)</p><a href="https://www.amazon.com/dp/B01HGQZXIY?tag=eloabder-20&linkCode=osi&th=1&psc=1">View Product</a></div><div class="product"><a href="https://www.amazon.com/dp/B096YK5XWB?tag=eloabder-20&linkCode=osi&th=1&psc=1"><img src="https://m.media-amazon.com/images/I/51wqAloXhHL._SL500_.jpg" alt="Product Image"></a><p>Alpha Lion Superhuman Post Workout Recovery, Muscle Builder Drink, Creatine Powder + More for Lean Muscle Growth, Strength & Volume, Supplement for Women & Men (25 Servings, Gainy Smith Apple)</p><p> -8% 0FF </p><p>$36.85 ($3.24 / Ounce)</p><a href="https://www.amazon.com/dp/B096YK5XWB?tag=eloabder-20&linkCode=osi&th=1&psc=1">View Product</a></div>
<div class="product"><a href="https://www.amazon.com/dp/B09RGKQW2L?tag=eloabder-20&linkCode=osi&th=1&psc=1"><img src="https://m.media-amazon.com/images/I/51FNip1-KmL._SL500_.jpg" alt="Product Image"></a><p>C4 Performance Energy Drink | SKITTLES™ | Zero Sugar Carbonated Preworkout Energy | 200mg Caffeine with Beta Alanine | 16 Fl Oz (12 Pack)</p><p> -18% 0FF </p><p>$22.99 ($0.12 / Fl Oz)</p><a href="https://www.amazon.com/dp/B09RGKQW2L?tag=eloabder-20&linkCode=osi&th=1&psc=1">View Product</a></div><div class="product"><a href="https://www.amazon.com/dp/B07GB2HL98?tag=eloabder-20&linkCode=osi&th=1&psc=1"><img src="https://m.media-amazon.com/images/I/51TUyZ1RZsL._SL500_.jpg" alt="Product Image"></a><p>Optimum Nutrition Amino Energy Sparkling Hydration Drink, Electrolytes, Caffeine, Amino Acids, BCAAs, Sugar Free, Blueberry Lemonade, 12 Fl Oz, 12 Pack (Packaging May Vary)</p><p> -20% 0FF </p><p>$19.88 ($0.14 / Fl Oz)</p><a href="https://www.amazon.com/dp/B07GB2HL98?tag=eloabder-20&linkCode=osi&th=1&psc=1">View Product</a></div><div class="product"><a href="https://www.amazon.com/dp/B09SRV8QHH?tag=eloabder-20&linkCode=osi&th=1&psc=1"><img src="https://m.media-amazon.com/images/I/51Iq4eGNL+L._SL500_.jpg" alt="Product Image"></a><p>C4 Ultimate | Pre Workout Sugar Free Energy Drink | Tri-Stim Experience with 300mg Caffeine + TeaCrine + Dynamine | Fruit Punch | 16oz (Pack of 12)</p><p> -14% 0FF </p><p>$30.00 ($0.16 / Fl Oz)</p><a href="https://www.amazon.com/dp/B09SRV8QHH?tag=eloabder-20&linkCode=osi&th=1&psc=1">View Product</a></div>
<div class="product"><a href="https://www.amazon.com/dp/B002DYIZEE?tag=eloabder-20&linkCode=osi&th=1&psc=1"><img src="https://m.media-amazon.com/images/I/310djDmWGLL._SL500_.jpg" alt="Product Image"></a><p>Optimum Nutrition Micronized Creatine Monohydrate Powder, Unflavored, Keto Friendly, 60 Servings (Packaging May Vary)</p><p> -23% 0FF </p><p>$17.00 ($1.60 / Ounce)</p><a href="https://www.amazon.com/dp/B002DYIZEE?tag=eloabder-20&linkCode=osi&th=1&psc=1">View Product</a></div><div class="product"><a href="https://www.amazon.com/dp/B00XQ2XGAA?tag=eloabder-20&linkCode=osi&th=1&psc=1"><img src="https://m.media-amazon.com/images/I/3176H8jDR9L._SL500_.jpg" alt="Product Image"></a><p>Sports Research Collagen Peptides for Women & Men - Hydrolyzed Type 1 & 3 Collagen Powder Protein Supplement for Healthy Skin, Nails, Bones & Joints - Easy Mixing Vital Nutrients & Proteins</p><p> -11% 0FF </p><p>$32.95 ($2.06 / Ounce)</p><a href="https://www.amazon.com/dp/B00XQ2XGAA?tag=eloabder-20&linkCode=osi&th=1&psc=1">View Product</a></div><div class="product"><a href="https://www.amazon.com/dp/B019GU4ILQ?tag=eloabder-20&linkCode=osi&th=1&psc=1"><img src="https://m.media-amazon.com/images/I/51QLnQIgtZL._SL500_.jpg" alt="Product Image"></a><p>Nuun Sport: Electrolyte-Rich Sports Drink Tablets, Citrus Berry Mixed Flavor Pack, Box of 4 Count (40 servings), Sports Drink for Replenishment of Essential Electrolytes Lost Through Sweat</p><p> -36% 0FF </p><p>$19.12 ($0.48 / Count)</p><a href="https://www.amazon.com/dp/B019GU4ILQ?tag=eloabder-20&linkCode=osi&th=1&psc=1">View Product</a></div>
<div class="product"><a href="https://www.amazon.com/dp/B00O193Y4U?tag=eloabder-20&linkCode=osi&th=1&psc=1"><img src="https://m.media-amazon.com/images/I/51b1a31ZNOL._SL500_.jpg" alt="Product Image"></a><p>Pure Protein Bars, High Protein, Nutritious Snacks to Support Energy, Low Sugar, Gluten Free, Chewy Chocolate Chip, 1.76oz (Pack of 12), Packaging may vary</p><p> -24% 0FF </p><p>$15.28 ($0.72 / Ounce)</p><a href="https://www.amazon.com/dp/B00O193Y4U?tag=eloabder-20&linkCode=osi&th=1&psc=1">View Product</a></div><div class="product"><a href="https://www.amazon.com/dp/B07J2MM23Z?tag=eloabder-20&linkCode=osi&th=1&psc=1"><img src="https://m.media-amazon.com/images/I/51FUKQtlLiL._SL500_.jpg" alt="Product Image"></a><p>Quest Nutrition Ultimate Variety Pack Protein Bars, High Protein, Low Carb, Gluten Free, Keto Friendly, 12 Count</p><p> -17% 0FF </p><p>$24.88 ($0.98 / Ounce)</p><a href="https://www.amazon.com/dp/B07J2MM23Z?tag=eloabder-20&linkCode=osi&th=1&psc=1">View Product</a></div><div class="product"><a href="https://www.amazon.com/dp/B09QHBBGJT?tag=eloabder-20&linkCode=osi&th=1&psc=1"><img src="https://m.media-amazon.com/images/I/51gdruf0zxL._SL500_.jpg" alt="Product Image"></a><p>CLIF Builders - Chocolate Peanut Butter Flavor - Protein Bars - Gluten-Free - Non-GMO - Low Glycemic - 20g Protein - 2.4 oz.</p><p> -8% 0FF </p><p>$19.28 ($0.67 / Ounce)</p><a href="https://www.amazon.com/dp/B09QHBBGJT?tag=eloabder-20&linkCode=osi&th=1&psc=1">View Product</a></div><div class="product"><a href="https://www.amazon.com/dp/B00VRALMVI?tag=eloabder-20&linkCode=osi&th=1&psc=1"><img src="https://m.media-amazon.com/images/I/516gkLbCIVL._SL500_.jpg" alt="Product Image"></a><p>MET-Rx Big 100 Colossal Protein Bars, Crispy Apple Pie Meal Replacement Bars, 9 Count</p><p> -42% 0FF </p><p>$19.19 ($0.61 / Ounce)</p><a href="https://www.amazon.com/dp/B00VRALMVI?tag=eloabder-20&linkCode=osi&th=1&psc=1">View Product</a></div><div class="product"><a href="https://www.amazon.com/dp/B0CVNCJKJJ?tag=eloabder-20&linkCode=osi&th=1&psc=1"><img src="https://m.media-amazon.com/images/I/41BiVPM9dvL._SL500_.jpg" alt="Product Image"></a><p>ONE Protein Bars, Reese's Peanut Butter Lovers, Gluten Free with 18g Protein and 3g Sugar, Pantry Staples, 2.12 oz (12 Count)</p><p> -20% 0FF </p><p>$23.94 ($2.00 / Count)</p><a href="https://www.amazon.com/dp/B0CVNCJKJJ?tag=eloabder-20&linkCode=osi&th=1&psc=1">View Product</a></div><div class="product"><a href="https://www.amazon.com/dp/B00ZQUEYP6?tag=eloabder-20&linkCode=osi&th=1&psc=1"><img src="https://m.media-amazon.com/images/I/41dNIIdL+JL._SL500_.jpg" alt="Product Image"></a><p>ONE Protein Bars, Cookies & Creme, Gluten Free Protein Bars with 20g Protein and 1g Sugar, Pantry Staples, 2.12 oz (12 Count)</p><p> -11% 0FF </p><p>$26.75 ($1.05 / Ounce)</p><a href="https://www.amazon.com/dp/B00ZQUEYP6?tag=eloabder-20&linkCode=osi&th=1&psc=1">View Product</a></div><div class="product"><a href="https://www.amazon.com/dp/B07CSGVMH6?tag=eloabder-20&linkCode=osi&th=1&psc=1"><img src="https://m.media-amazon.com/images/I/51Z+34aZg6L._SL500_.jpg" alt="Product Image"></a><p>Quest Nutrition Pumpkin Pie Protein Bar, 20g Protein, 4g Net Carb, 1g Sugar, Gluten Free, 12 Count</p><p> -13% 0FF </p><p>$25.98 ($1.01 / Ounce)</p><a href="https://www.amazon.com/dp/B07CSGVMH6?tag=eloabder-20&linkCode=osi&th=1&psc=1">View Product</a></div>
<div class="product"><a href="https://www.amazon.com/dp/B09NS38Q41?tag=eloabder-20&linkCode=osi&th=1&psc=1"><img src="https://m.media-amazon.com/images/I/41Yr3qVgBZL._SL500_.jpg" alt="Product Image"></a><p>Nutricost Electrolyte Complex (Advanced Hydration with Real Salt®) 120 Capsules - 8 Hydrating Electrolytes & Vitamins, Gluten Free, Non-GMO, Vegetarian</p><p> -13% 0FF </p><p>$13.95 ($0.12 / Count)</p><a href="https://www.amazon.com/dp/B09NS38Q41?tag=eloabder-20&linkCode=osi&th=1&psc=1">View Product</a></div><div class="product"><a href="https://www.amazon.com/dp/B0BGT67LM7?tag=eloabder-20&linkCode=osi&th=1&psc=1"><img src="https://m.media-amazon.com/images/I/41E+0pcyr-L._SL500_.jpg" alt="Product Image"></a><p>Horbäach Electrolyte Tablets | 200 Count | Vegetarian | Keto-Friendly | Non-GMO, and Gluten Free Hydration Supplement</p><p> -15% 0FF </p><p>$9.99 ($0.05 / Count)</p><a href="https://www.amazon.com/dp/B0BGT67LM7?tag=eloabder-20&linkCode=osi&th=1&psc=1">View Product</a></div><div class="product"><a href="https://www.amazon.com/dp/B0C6MXP3C7?tag=eloabder-20&linkCode=osi&th=1&psc=1"><img src="https://m.media-amazon.com/images/I/51mwXw1W8RL._SL500_.jpg" alt="Product Image"></a><p>Electrolytes - Electrolyte Tablets with Magnesium, Sodium, Potassium, Chloride, Vitamins D3 & B6, Kelp Powder - Salt Pills - Made in USA - Oral Tablets as Capsules - Vegan & Keto Friendly - 120 Tabs</p><p> -20% 0FF </p><p>$15.11 ($0.13 / Count)</p><a href="https://www.amazon.com/dp/B0C6MXP3C7?tag=eloabder-20&linkCode=osi&th=1&psc=1">View Product</a></div><div class="product"><a href="https://www.amazon.com/dp/B08CMLT2CB?tag=eloabder-20&linkCode=osi&th=1&psc=1"><img src="https://m.media-amazon.com/images/I/51BRxFyU0+L._SL500_.jpg" alt="Product Image"></a><p>KEY NUTRIENTS Electrolyte Tablets, 200 Capsules, Salt Tablets for Dehydration, Fasting Electrolytes Tablets - Salt Pills with Electrolytes, No Sugar, Gluten Free Hydration Tablets Made in USA</p><p> -28% 0FF </p><p>$17.99 ($0.09 / Count)</p><a href="https://www.amazon.com/dp/B08CMLT2CB?tag=eloabder-20&linkCode=osi&th=1&psc=1">View Product</a></div>
<div class="product"><a href="https://www.amazon.com/dp/B094QB6PH6?tag=eloabder-20&linkCode=osi&th=1&psc=1"><img src="https://m.media-amazon.com/images/I/51t-JLtma+L._SL500_.jpg" alt="Product Image"></a><p>DripDrop Hydration Juicy Variety Pack Electrolyte Drink Mix Single-Serve Powder Packets- Grape, Fruit Punch, Strawberry Lemonade, Cherry - 32 Servings</p><p> -22% 0FF </p><p>$28.00 ($2.50 / Ounce)</p><a href="https://www.amazon.com/dp/B094QB6PH6?tag=eloabder-20&linkCode=osi&th=1&psc=1">View Product</a></div><div class="product"><a href="https://www.amazon.com/dp/B08TZD2R7L?tag=eloabder-20&linkCode=osi&th=1&psc=1"><img src="https://m.media-amazon.com/images/I/510WEkhuwiL._SL500_.jpg" alt="Product Image"></a><p>DripDrop Hydration - Bold Variety Pack - Electrolyte Drink Mix Single Serve Hydration Powder Packets - Watermelon, Berry, Lemon, Orange | Non-GMO, Gluten Free, Vegan | 32 Sticks</p><p> -7% 0FF </p><p>$33.50 ($2.97 / Ounce)</p><a href="https://www.amazon.com/dp/B08TZD2R7L?tag=eloabder-20&linkCode=osi&th=1&psc=1">View Product</a></div><div class="product"><a href="https://www.amazon.com/dp/B08YFDWXBL?tag=eloabder-20&linkCode=osi&th=1&psc=1"><img src="https://m.media-amazon.com/images/I/51u06T4BbnL._SL500_.jpg" alt="Product Image"></a><p>Nectar Hydration Packets - Electrolytes Powder Packets - No Sugar or Calories - Organic Fruit Liquid Daily IV Hydrate Packets for Dehydration Relief and Rapid Rehydration (Variety 18 Pack)</p><p> -15% 0FF </p><p>$16.91 ($8.05 / Ounce)</p><a href="https://www.amazon.com/dp/B08YFDWXBL?tag=eloabder-20&linkCode=osi&th=1&psc=1">View Product</a></div><div class="product"><a href="https://www.amazon.com/dp/B0D434LLZ1?tag=eloabder-20&linkCode=osi&th=1&psc=1"><img src="https://m.media-amazon.com/images/I/41DIcfxPEiL._SL500_.jpg" alt="Product Image"></a><p>PRIME HYDRATION+ Sticks VARIETY PACK | Hydration Powder Single Serve Sticks | Electrolyte Powder On The Go | Low Sugar | Caffeine-Free | Vegan | 30 Sticks</p><p> -20% 0FF </p><p>$19.98 ($2.04 / Ounce)</p><a href="https://www.amazon.com/dp/B0D434LLZ1?tag=eloabder-20&linkCode=osi&th=1&psc=1">View Product</a></div>
<div class="product"><a href="https://www.amazon.com/dp/B00IUHMKJ4?tag=eloabder-20&linkCode=osi&th=1&psc=1"><img src="https://m.media-amazon.com/images/I/41wlhPiv-dL._SL500_.jpg" alt="Product Image"></a><p>Glutamine Powder | MuscleTech 100% Pure L Glutamine Powder | Post Workout Recovery Drink | L-Glutamine Powder for Men & Women | Muscle Recovery | Unflavored (60 Servings)</p><p> -12% 0FF </p><p>$14.99 ($1.42 / Ounce)</p><a href="https://www.amazon.com/dp/B00IUHMKJ4?tag=eloabder-20&linkCode=osi&th=1&psc=1">View Product</a></div><div class="product"><a href="https://www.amazon.com/dp/B000GIQS02?tag=eloabder-20&linkCode=osi&th=1&psc=1"><img src="https://m.media-amazon.com/images/I/41QSuDDAvEL._SL500_.jpg" alt="Product Image"></a><p>Optimum Nutrition Muscle Recovery and Endurance Supplement for Men and Women, Zinc and Magnesium Supplement, 180 Count</p><p> -13% 0FF </p><p>$34.62 ($0.19 / Count)</p><a href="https://www.amazon.com/dp/B000GIQS02?tag=eloabder-20&linkCode=osi&th=1&psc=1">View Product</a></div><div class="product"><a href="https://www.amazon.com/dp/B07YNGFFDT?tag=eloabder-20&linkCode=osi&th=1&psc=1"><img src="https://m.media-amazon.com/images/I/41NRL8t4kKL._SL500_.jpg" alt="Product Image"></a><p>Muscletech HMB Supplements 1000mg, Clear Muscle (42 Liquid Softgels) - Highest Grade HMB for Lean Muscle & Recovery - HMB Free Acid Muscle Supplement - Help Decrease Muscle Breakdown</p><p> -15% 0FF </p><p>$17.05 ($0.41 / Count)</p><a href="https://www.amazon.com/dp/B07YNGFFDT?tag=eloabder-20&linkCode=osi&th=1&psc=1">View Product</a></div><div class="product"><a href="https://www.amazon.com/dp/B001LXMUW6?tag=eloabder-20&linkCode=osi&th=1&psc=1"><img src="https://m.media-amazon.com/images/I/413hbtz4hkL._SL500_.jpg" alt="Product Image"></a><p>NOW Foods Sports Nutrition, ZMA (Zinc, Magnesium and Vitamin B-6), Enhanced Absorption, Sports Recovery*, 180 Capsules</p><p> -47% 0FF </p><p>$24.53 ($0.14 / Count)</p><a href="https://www.amazon.com/dp/B001LXMUW6?tag=eloabder-20&linkCode=osi&th=1&psc=1">View Product</a></div>
<div class="product"><a href="https://www.amazon.com/dp/B087JNQ4X8?tag=eloabder-20&linkCode=osi&th=1&psc=1"><img src="https://m.media-amazon.com/images/I/41KqQHK5+vL._SL500_.jpg" alt="Product Image"></a><p>Immuneti - Advanced Immune Defense, 6-in-1 Powerful Blend of Vitamin C, Vitamin D3, Zinc, Elderberries, Garlic Bulb, Echinacea - Supports Overall Health, Provides Vital Nutrients & Antioxidants</p><p> -11% 0FF </p><p>$15.20 ($0.25 / Count)</p><a href="https://www.amazon.com/dp/B087JNQ4X8?tag=eloabder-20&linkCode=osi&th=1&psc=1">View Product</a></div><div class="product"><a href="https://www.amazon.com/dp/B00MJ7VL1O?tag=eloabder-20&linkCode=osi&th=1&psc=1"><img src="https://m.media-amazon.com/images/I/41dN7-gv40L._SL500_.jpg" alt="Product Image"></a><p>Nature’s Way Sambucus Elderberry Immune Gummies, Daily Immune Support for Kids and Adults*, with Vitamin C, Vitamin D3, Zinc, Gluten Free, Vegetarian, 60 Gummies (Packaging May Vary)</p><p> -29% 0FF </p><p>$14.97 ($0.25 / Count)</p><a href="https://www.amazon.com/dp/B00MJ7VL1O?tag=eloabder-20&linkCode=osi&th=1&psc=1">View Product</a></div><div class="product"><a href="https://www.amazon.com/dp/B096XST3NP?tag=eloabder-20&linkCode=osi&th=1&psc=1"><img src="https://m.media-amazon.com/images/I/41LbQVRj61L._SL500_.jpg" alt="Product Image"></a><p>Amazon Basic Care Immune Support Citrus Chew Tablets, 116 Count</p><p> -20% 0FF </p><p>$12.05 ($0.10 / Count)</p><a href="https://www.amazon.com/dp/B096XST3NP?tag=eloabder-20&linkCode=osi&th=1&psc=1">View Product</a></div>
<div class="product"><a href="https://www.amazon.com/dp/B09GS4SQ4P?tag=eloabder-20&linkCode=osi&th=1&psc=1"><img src="https://m.media-amazon.com/images/I/51mHDeOOoUL._SL500_.jpg" alt="Product Image"></a><p>Tylenol Cold + Flu Severe Medicine Caplets for Cold & Flu Symptom Relief, Fever Reducer, Pain Reliever, Cough Suppressant, Nasal Decongestant & Expectorant with Acetaminophen, 2 pks of 24 ct ea, 48 ct</p><p> -30% 0FF </p><p>$14.88 ($0.31 / Count)</p><a href="https://www.amazon.com/dp/B09GS4SQ4P?tag=eloabder-20&linkCode=osi&th=1&psc=1">View Product</a></div><div class="product"><a href="https://www.amazon.com/dp/B07DQ1KLNH?tag=eloabder-20&linkCode=osi&th=1&psc=1"><img src="https://m.media-amazon.com/images/I/51SOkRabMvL._SL500_.jpg" alt="Product Image"></a><p>Vicks DayQuil & NyQuil SEVERE Co-Pack, Cold & Flu Medicine, Relief for Headache, Fever, Sore Throat, Minor Aches & Pains, Nasal Congestion, Sinus Pressure, Stuffy Nose, & Cough, 48ct</p><p> -8% 0FF </p><p>$18.41 ($0.38 / Count)</p><a href="https://www.amazon.com/dp/B07DQ1KLNH?tag=eloabder-20&linkCode=osi&th=1&psc=1">View Product</a></div><div class="product"><a href="https://www.amazon.com/dp/B01HI7WQRW?tag=eloabder-20&linkCode=osi&th=1&psc=1"><img src="https://m.media-amazon.com/images/I/51jAgEb8O0L._SL500_.jpg" alt="Product Image"></a><p>Tylenol Cold + Flu Severe Day & Night Caplets for Fever, Pain, Cough & Congestion Relief, 24 Count</p><p> -21% 0FF </p><p>$8.39 ($0.35 / count)</p><a href="https://www.amazon.com/dp/B01HI7WQRW?tag=eloabder-20&linkCode=osi&th=1&psc=1">View Product</a></div><div class="product"><a href="https://www.amazon.com/dp/B0078W0QOI?tag=eloabder-20&linkCode=osi&th=1&psc=1"><img src="https://m.media-amazon.com/images/I/41a0ryy5RyL._SL500_.jpg" alt="Product Image"></a><p>Boiron Oscillococcinum For Relief From Flu-Like Symptoms Of Body Aches, Headache, Fever, Chills, And Fatigue - 30 Count</p><p> -37% 0FF </p><p>$21.41 ($0.71 / Count)</p><a href="https://www.amazon.com/dp/B0078W0QOI?tag=eloabder-20&linkCode=osi&th=1&psc=1">View Product</a></div>
<div class="product"><a href="https://www.amazon.com/dp/B00HE66ZUC?tag=eloabder-20&linkCode=osi&th=1&psc=1"><img src="https://m.media-amazon.com/images/I/510MmBSuAfL._SL500_.jpg" alt="Product Image"></a><p>GoodSense Allergy Relief Loratadine Tablets 10 mg, Compare to Claritin, Antihistamine, 24 Hour Allergy Relief, 365 Count</p><p> -24% 0FF </p><p>$12.99 ($0.04 / Count)</p><a href="https://www.amazon.com/dp/B00HE66ZUC?tag=eloabder-20&linkCode=osi&th=1&psc=1">View Product</a></div><div class="product"><a href="https://www.amazon.com/dp/B087Z6TKD9?tag=eloabder-20&linkCode=osi&th=1&psc=1"><img src="https://m.media-amazon.com/images/I/41hMESBq3wL._SL500_.jpg" alt="Product Image"></a><p>HealthA2Z® Allergy Relief | Loratadine 10mg | Antihistamine | Non-Drowsy | Relief from Itchy Throat, Sneezing, Runny Noses | 24-Hours Allergy Medicine (300 Tablets)</p><p> -11% 0FF </p><p>$12.45 ($0.04 / Count)</p><a href="https://www.amazon.com/dp/B087Z6TKD9?tag=eloabder-20&linkCode=osi&th=1&psc=1">View Product</a></div><div class="product"><a href="https://www.amazon.com/dp/B083VVT61S?tag=eloabder-20&linkCode=osi&th=1&psc=1"><img src="https://m.media-amazon.com/images/I/41BJ8O5m3RL._SL500_.jpg" alt="Product Image"></a><p>Amazon Basic Care 24 Hour Allergy Relief, Levocetirizine Dihydrochloride Tablets, 5 mg, Antihistamine, Relieves Sneezing, Runny Nose, Itchy Nose or Throat and Itchy, Watery Eyes, 80 Count</p><p> -7% 0FF </p><p>$19.19 ($0.24 / Count)</p><a href="https://www.amazon.com/dp/B083VVT61S?tag=eloabder-20&linkCode=osi&th=1&psc=1">View Product</a></div><div class="product"><a href="https://www.amazon.com/dp/B07HD67Q1G?tag=eloabder-20&linkCode=osi&th=1&psc=1"><img src="https://m.media-amazon.com/images/I/51FycexY97L._SL500_.jpg" alt="Product Image"></a><p>HealthCareAisle Allergy Relief - Fexofenadine Hydrochloride Tablets USP, 180 mg – 180 Tablets – Allergy Medication, Non-Drowsy 24-Hour Allergy Relief</p><p> -11% 0FF </p><p>$25.20 ($0.14 / Count)</p><a href="https://www.amazon.com/dp/B07HD67Q1G?tag=eloabder-20&linkCode=osi&th=1&psc=1">View Product</a></div><div class="product"><a href="https://www.amazon.com/dp/B002ZX8X2C?tag=eloabder-20&linkCode=osi&th=1&psc=1"><img src="https://m.media-amazon.com/images/I/41ZzxDs5LOL._SL500_.jpg" alt="Product Image"></a><p>berkley jensen 24 Hour Allergy Relief (365-Count), 10 mg Cetirizine Hydrochloride Antihistamine - Fast Allergy Medicine for Indoor & Outdoor Allergies, Easy-Swallow Tablets, Compare to Zyrtec</p><p> -25% 0FF </p><p>$14.99 ($0.04 / Count)</p><a href="https://www.amazon.com/dp/B002ZX8X2C?tag=eloabder-20&linkCode=osi&th=1&psc=1">View Product</a></div>
<div class="product"><a href="https://www.amazon.com/dp/B01HI7WP0U?tag=eloabder-20&linkCode=osi&th=1&psc=1"><img src="https://m.media-amazon.com/images/I/41W2gWWMMvL._SL500_.jpg" alt="Product Image"></a><p>Tylenol Extra Strength Acetaminophen Rapid Release Gels, Pain Reliever & Fever Reducer, 100 ct</p><p> -25% 0FF </p><p>$12.47 ($0.12 / Count)</p><a href="https://www.amazon.com/dp/B01HI7WP0U?tag=eloabder-20&linkCode=osi&th=1&psc=1">View Product</a></div><div class="product"><a href="https://www.amazon.com/dp/B01LXFEY6H?tag=eloabder-20&linkCode=osi&th=1&psc=1"><img src="https://m.media-amazon.com/images/I/31hLnewBXIL._SL500_.jpg" alt="Product Image"></a><p>Biofreeze Pain Relief Gel, Arthritis Pain Reliver, Knee & Lower Back Pain Relief, Sore Muscle Relief, Neck Pain Relief, Pharmacist Recommended, FSA Eligible, 3 FL OZ Biofreeze Menthol Gel</p><p> -14% 0FF </p><p>$10.30 ($3.43 / Fl Oz)</p><a href="https://www.amazon.com/dp/B01LXFEY6H?tag=eloabder-20&linkCode=osi&th=1&psc=1">View Product</a></div><div class="product"><a href="https://www.amazon.com/dp/B00HCQEYCK?tag=eloabder-20&linkCode=osi&th=1&psc=1"><img src="https://m.media-amazon.com/images/I/41YZhrYx3IL._SL500_.jpg" alt="Product Image"></a><p>Boiron Arnicare Gel for Soothing Relief of Joint Pain, Muscle Pain, Muscle Soreness, and Swelling from Bruises or Injury - Non-greasy and Fragrance-Free - 2.6 oz</p><p> -34% 0FF </p><p>$8.29 ($3.19 / Ounce)</p><a href="https://www.amazon.com/dp/B00HCQEYCK?tag=eloabder-20&linkCode=osi&th=1&psc=1">View Product</a></div><div class="product"><a href="https://www.amazon.com/dp/B074F2FSX4?tag=eloabder-20&linkCode=osi&th=1&psc=1"><img src="https://m.media-amazon.com/images/I/41NsmqTCfVL._SL500_.jpg" alt="Product Image"></a><p>Amazon Basic Care Naproxen Sodium Tablets 220 mg, Pain Reliever/Fever Reducer (NSAID), Muscular Aches, Backache, Headache, Toothache, Minor Arthritis Pain Relief and More, 300 Count</p><p> -14% 0FF </p><p>$12.86 ($0.04 / Count)</p><a href="https://www.amazon.com/dp/B074F2FSX4?tag=eloabder-20&linkCode=osi&th=1&psc=1">View Product</a></div>
<div class="product"><a href="https://www.amazon.com/dp/B07L1PHSY9?tag=eloabder-20&linkCode=osi&th=1&psc=1"><img src="https://m.media-amazon.com/images/I/41u9g+RZFLL._SL500_.jpg" alt="Product Image"></a><p>Differin Acne Treatment Gel, 30 Day Supply, Retinoid Treatment for Face with 0.1% Adapalene, Gentle Skin Care for Acne Prone Sensitive Skin, 15g Tube (Packaging May Vary)</p><p> -34% 0FF </p><p>$9.95 ($19.90 / Ounce)</p><a href="https://www.amazon.com/dp/B07L1PHSY9?tag=eloabder-20&linkCode=osi&th=1&psc=1">View Product</a></div><div class="product"><a href="https://www.amazon.com/dp/B0014VTOAQ?tag=eloabder-20&linkCode=osi&th=1&psc=1"><img src="https://m.media-amazon.com/images/I/41N+MLQ+2XL._SL500_.jpg" alt="Product Image"></a><p>AcneFree Terminator 10 Acne Spot Treatment with Benzoyl Peroxide 10% Maximum Strength Acne Cream Treatment, 1 Ounce - Pack Of 1</p><p> -32% 0FF </p><p>$5.47</p><a href="https://www.amazon.com/dp/B0014VTOAQ?tag=eloabder-20&linkCode=osi&th=1&psc=1">View Product</a></div><div class="product"><a href="https://www.amazon.com/dp/B00NR1YVYU?tag=eloabder-20&linkCode=osi&th=1&psc=1"><img src="https://m.media-amazon.com/images/I/41WxZvl58rL._SL500_.jpg" alt="Product Image"></a><p>Neutrogena Rapid Clear Stubborn Acne Spot Treatment Gel with Maximum Strength 10% Benzoyl Peroxide Acne Treatment Medication, Pimple Cream for Acne Prone Skin Care, 1 oz</p><p> -20% 0FF </p><p>$10.77</p><a href="https://www.amazon.com/dp/B00NR1YVYU?tag=eloabder-20&linkCode=osi&th=1&psc=1">View Product</a></div><div class="product"><a href="https://www.amazon.com/dp/B097WMCYYJ?tag=eloabder-20&linkCode=osi&th=1&psc=1"><img src="https://m.media-amazon.com/images/I/41jj-LdIBUL._SL500_.jpg" alt="Product Image"></a><p>CeraVe Acne Control Gel, 2% Salicylic Acid Acne Treatment With Glycolic Acid + Lactic Acids + Niacniamide, Acne Gel Helps Clear Acne Blemishes Without Over Drying, Alcohol Free & Oil Free, 1.35 Fl Oz</p><p> -14% 0FF </p><p>$17.97 ($13.31 / Ounce)</p><a href="https://www.amazon.com/dp/B097WMCYYJ?tag=eloabder-20&linkCode=osi&th=1&psc=1">View Product</a></div><div class="product"><a href="https://www.amazon.com/dp/B0D9BP1HSS?tag=eloabder-20&linkCode=osi&th=1&psc=1"><img src="https://m.media-amazon.com/images/I/41-YQdCQgwL._SL500_.jpg" alt="Product Image"></a><p>Cystic Acne Spot Treatment Cream for Face, Back and Body, with 10% Azelaic Acid & 2% Salicylic Acid, Hormonal Pimple Moisturizer for Teens & Adults, Relief Breakouts Redness Swelling, 1.8 oz</p><p> -27% 0FF </p><p>$21.99 ($12.22 / Ounce)</p><a href="https://www.amazon.com/dp/B0D9BP1HSS?tag=eloabder-20&linkCode=osi&th=1&psc=1">View Product</a></div><div class="product"><a href="https://www.amazon.com/dp/B00KZ22ED4?tag=eloabder-20&linkCode=osi&th=1&psc=1"><img src="https://m.media-amazon.com/images/I/5139oSKFhAL._SL500_.jpg" alt="Product Image"></a><p>Clean & Clear Persa-Gel 10 Oil-Free Acne Spot Treatment with Maximum Strength 10% Benzoyl Peroxide, Topical Pimple Cream & Acne Gel Medication for Face Acne, Fragrance-Free, 1 fl. oz</p><p> -25% 0FF </p><p>$5.97</p><a href="https://www.amazon.com/dp/B00KZ22ED4?tag=eloabder-20&linkCode=osi&th=1&psc=1">View Product</a></div><div class="product"><a href="https://www.amazon.com/dp/B07952C372?tag=eloabder-20&linkCode=osi&th=1&psc=1"><img src="https://m.media-amazon.com/images/I/41Abobk5uVL._SL500_.jpg" alt="Product Image"></a><p>De La Cruz 10% Sulfur Ointment - Cystic Acne Treatment for Face and Body - Daily 10 Min Spot Treatment Mask Safe and Effective Game Changing Hormonal Acne Treatment that Clears Up Pimples 0.21oz 6g</p><p> -8% 0FF </p><p>$5.49 ($26.14 / Ounce)</p><a href="https://www.amazon.com/dp/B07952C372?tag=eloabder-20&linkCode=osi&th=1&psc=1">View Product</a></div>
<div class="product"><a href="https://www.amazon.com/dp/B0CY9X9FQQ?tag=eloabder-20&linkCode=osi&th=1&psc=1"><img src="https://m.media-amazon.com/images/I/31+KrwtuI1L._SL500_.jpg" alt="Product Image"></a><p>Bubble Skincare Cloud Surf Water Cream Face Moisturizer - Hydrating & Mattifying Moisturizer to Help Rebalance Oils and Minimize Pores with Celery Seed Extract - Suitable for Sensitive Skin (50ml)</p><p> -12% 0FF </p><p>$14.98 ($8.86 / Ounce)</p><a href="https://www.amazon.com/dp/B0CY9X9FQQ?tag=eloabder-20&linkCode=osi&th=1&psc=1">View Product</a></div><div class="product"><a href="https://www.amazon.com/dp/B0BJ74DJXG?tag=eloabder-20&linkCode=osi&th=1&psc=1"><img src="https://m.media-amazon.com/images/I/31RefDglMLL._SL500_.jpg" alt="Product Image"></a><p>BYOMA Moisturizing Gel Cream - Barrier Repair Cream/Gel Face Lotion with Niacinamide and Green Tea - Ceramide Face Moisturizer for Dry Skin - Alcohol Free, Oil Free Face Moisturizer - 1.69 fl. oz</p><p> -25% 0FF </p><p>$11.19 ($6.36 / Ounce)</p><a href="https://www.amazon.com/dp/B0BJ74DJXG?tag=eloabder-20&linkCode=osi&th=1&psc=1">View Product</a></div><div class="product"><a href="https://www.amazon.com/dp/B09NXS395V?tag=eloabder-20&linkCode=osi&th=1&psc=1"><img src="https://m.media-amazon.com/images/I/41ZHn0qwWwL._SL500_.jpg" alt="Product Image"></a><p>NAZANO Under Eye Patches - 60 Pcs - 24K Gold Eye Mask- Puffy Eyes & Dark Circles Treatments,Reduce Under Eye Bags and Smooth Wrinkles,Eye Skin Care Pads With Collagen,Hyaluronic Acid & Castor Oil</p><p> -40% 0FF </p><p>$8.99 ($0.30 / Count)</p><a href="https://www.amazon.com/dp/B09NXS395V?tag=eloabder-20&linkCode=osi&th=1&psc=1">View Product</a></div><div class="product"><a href="https://www.amazon.com/dp/B01M9F9JYH?tag=eloabder-20&linkCode=osi&th=1&psc=1"><img src="https://m.media-amazon.com/images/I/41s-rn1v8+L._SL500_.jpg" alt="Product Image"></a><p>Garnier Micellar Cleansing Water, All-in-1 Makeup Remover and Facial Cleanser, For All Skin Types, 3.4 Fl Oz (100mL), 1 Count (Packaging May Vary)</p><p> -11% 0FF </p><p>$3.99 ($1.17 / Fl Oz)</p><a href="https://www.amazon.com/dp/B01M9F9JYH?tag=eloabder-20&linkCode=osi&th=1&psc=1">View Product</a></div>
<div class="product"><a href="https://www.amazon.com/dp/B00TTD9BRC?tag=eloabder-20&linkCode=osi&th=1&psc=1"><img src="https://m.media-amazon.com/images/I/41ba2zJNMXL._SL500_.jpg" alt="Product Image"></a><p>CeraVe Moisturizing Cream | Body and Face Moisturizer for Dry Skin | Body Cream with Hyaluronic Acid and Ceramides | Daily Moisturizer | Oil-Free | Fragrance Free | Non-Comedogenic | 19 Ounce</p><p> -9% 0FF </p><p>$17.78 ($0.94 / Ounce)</p><a href="https://www.amazon.com/dp/B00TTD9BRC?tag=eloabder-20&linkCode=osi&th=1&psc=1">View Product</a></div><div class="product"><a href="https://www.amazon.com/dp/B000YJ2SLG?tag=eloabder-20&linkCode=osi&th=1&psc=1"><img src="https://m.media-amazon.com/images/I/31kAQxeCY6L._SL500_.jpg" alt="Product Image"></a><p>CeraVe Daily Moisturizing Lotion for Dry Skin | Body Lotion & Face Moisturizer with Hyaluronic Acid and Ceramides | Daily Moisturizer | Fragrance Free | Oil-Free | 12 Ounce</p><p> -9% 0FF </p><p>$13.68 ($1.14 / Fl Oz)</p><a href="https://www.amazon.com/dp/B000YJ2SLG?tag=eloabder-20&linkCode=osi&th=1&psc=1">View Product</a></div><div class="product"><a href="https://www.amazon.com/dp/B08BW46XXK?tag=eloabder-20&linkCode=osi&th=1&psc=1"><img src="https://m.media-amazon.com/images/I/41oCJ4BF8oL._SL500_.jpg" alt="Product Image"></a><p>Vanicream Daily Facial Moisturizer With Ceramides and Hyaluronic Acid - Formulated Without Common Irritants for Those with Sensitive Skin, 3 fl oz (Pack of 1)</p><p> -13% 0FF </p><p>$12.97 ($4.32 / Fl Oz)</p><a href="https://www.amazon.com/dp/B08BW46XXK?tag=eloabder-20&linkCode=osi&th=1&psc=1">View Product</a></div><div class="product"><a href="https://www.amazon.com/dp/B00NR1YQHM?tag=eloabder-20&linkCode=osi&th=1&psc=1"><img src="https://m.media-amazon.com/images/I/41yzZFTW63L._SL500_.jpg" alt="Product Image"></a><p>Neutrogena Hydro Boost Face Moisturizer with Hyaluronic Acid for Dry Skin, Oil-Free and Non-Comedogenic Water Gel Face Lotion, 1.7 oz</p><p> -48% 0FF </p><p>$13.99 ($8.23 / Ounce)</p><a href="https://www.amazon.com/dp/B00NR1YQHM?tag=eloabder-20&linkCode=osi&th=1&psc=1">View Product</a></div><div class="product"><a href="https://www.amazon.com/dp/B00365DABC?tag=eloabder-20&linkCode=osi&th=1&psc=1"><img src="https://m.media-amazon.com/images/I/41rqUy3OtML._SL500_.jpg" alt="Product Image"></a><p>CeraVe PM Facial Moisturizing Lotion | Night Cream with Hyaluronic Acid and Niacinamide | Ultra-Lightweight, Oil-Free Moisturizer for Face | 3 Ounce</p><p> -25% 0FF </p><p>$14.99 ($5.00 / Ounce)</p><a href="https://www.amazon.com/dp/B00365DABC?tag=eloabder-20&linkCode=osi&th=1&psc=1">View Product</a></div><div class="product"><a href="https://www.amazon.com/dp/B0BBSP2JNQ?tag=eloabder-20&linkCode=osi&th=1&psc=1"><img src="https://m.media-amazon.com/images/I/51HjtwscPOL._SL500_.jpg" alt="Product Image"></a><p>SimplyVital Face Moisturizer Collagen Cream - Anti Aging Neck and Décolleté - Made in USA Day & Night Face Cream - Moisturizing, Lifting & Recovery – 1.7oz</p><p> -43% 0FF </p><p>$22.89 ($13.46 / Fl Oz)</p><a href="https://www.amazon.com/dp/B0BBSP2JNQ?tag=eloabder-20&linkCode=osi&th=1&psc=1">View Product</a></div>
<div class="product"><a href="https://www.amazon.com/dp/B01N34XW93?tag=eloabder-20&linkCode=osi&th=1&psc=1"><img src="https://m.media-amazon.com/images/I/41LiOnNJ79L._SL500_.jpg" alt="Product Image"></a><p>La Roche-Posay Toleriane Purifying Foaming Facial Cleanser, Oil Free Face Wash for Oily Skin and for Sensitive Skin with Niacinamide, Pore Cleanser Won’t Dry Out Skin, Unscented</p><p> -17% 0FF </p><p>$14.99 ($1.11 / Fl Oz)</p><a href="https://www.amazon.com/dp/B01N34XW93?tag=eloabder-20&linkCode=osi&th=1&psc=1">View Product</a></div><div class="product"><a href="https://www.amazon.com/dp/B01N7T7JKJ?tag=eloabder-20&linkCode=osi&th=1&psc=1"><img src="https://m.media-amazon.com/images/I/31VXK3y1KYL._SL500_.jpg" alt="Product Image"></a><p>La Roche-Posay Toleriane Hydrating Gentle Face Cleanser, Daily Facial Cleanser with Niacinamide and Ceramides for Sensitive Skin, Moisturizing Face Wash for Normal to Dry Skin, Fragrance Free</p><p> -17% 0FF </p><p>$14.99 ($1.11 / Fl Oz)</p><a href="https://www.amazon.com/dp/B01N7T7JKJ?tag=eloabder-20&linkCode=osi&th=1&psc=1">View Product</a></div><div class="product"><a href="https://www.amazon.com/dp/B01MSSDEPK?tag=eloabder-20&linkCode=osi&th=1&psc=1"><img src="https://m.media-amazon.com/images/I/41YuSwjJUIL._SL500_.jpg" alt="Product Image"></a><p>CeraVe Hydrating Facial Cleanser | Moisturizing Face Wash For Dry Skin | Hyaluronic Acid + Ceramides + Glycerin | Hydrating Cleanser For Normal To Dry Skin | National Eczema Association Certified</p><p> -14% 0FF </p><p>$15.48 ($0.97 / Fl Oz)</p><a href="https://www.amazon.com/dp/B01MSSDEPK?tag=eloabder-20&linkCode=osi&th=1&psc=1">View Product</a></div><div class="product"><a href="https://www.amazon.com/dp/B00U1YCRD8?tag=eloabder-20&linkCode=osi&th=1&psc=1"><img src="https://m.media-amazon.com/images/I/31LVb8KvKwL._SL500_.jpg" alt="Product Image"></a><p>CeraVe SA Cleanser | Salicylic Acid Cleanser with Hyaluronic Acid, Niacinamide & Ceramides| BHA Exfoliant for Face | Fragrance Free Non-Comedogenic | 8 Ounce</p><p> -23% 0FF </p><p>$12.37 ($1.55 / Ounce)</p><a href="https://www.amazon.com/dp/B00U1YCRD8?tag=eloabder-20&linkCode=osi&th=1&psc=1">View Product</a></div><div class="product"><a href="https://www.amazon.com/dp/B01N1LL62W?tag=eloabder-20&linkCode=osi&th=1&psc=1"><img src="https://m.media-amazon.com/images/I/41kwN8dWWzL._SL500_.jpg" alt="Product Image"></a><p>CeraVe Foaming Facial Cleanser | Daily Face Wash for Oily Skin with Hyaluronic Acid, Ceramides, and Niacinamide| Fragrance Free | 16 Fluid Ounce</p><p> -14% 0FF </p><p>$15.48 ($0.97 / Fl Oz)</p><a href="https://www.amazon.com/dp/B01N1LL62W?tag=eloabder-20&linkCode=osi&th=1&psc=1">View Product</a></div><div class="product"><a href="https://www.amazon.com/dp/B00QY1XZ4W?tag=eloabder-20&linkCode=osi&th=1&psc=1"><img src="https://m.media-amazon.com/images/I/319pG+OQZxL._SL500_.jpg" alt="Product Image"></a><p>Vanicream Gentle Facial Cleanser with Pump Dispenser - 8 fl oz - Formulated Without Common Irritants for Those with Sensitive Skin</p><p> -11% 0FF </p><p>$8.86 ($1.11 / Fl Oz)</p><a href="https://www.amazon.com/dp/B00QY1XZ4W?tag=eloabder-20&linkCode=osi&th=1&psc=1">View Product</a></div><div class="product"><a href="https://www.amazon.com/dp/B09Y4HHY1P?tag=eloabder-20&linkCode=osi&th=1&psc=1"><img src="https://m.media-amazon.com/images/I/41Crw80Q3yL._SL500_.jpg" alt="Product Image"></a><p>Face Wash by CETAPHIL, Daily Facial Cleanser for Sensitive, Combination to Oily Skin, NEW 16 Oz, Fragrance Free ,Gentle Foaming, Soap Free, Hypoallergenic</p><p> -30% 0FF </p><p>$11.97 ($0.75 / Fl Oz)</p><a href="https://www.amazon.com/dp/B09Y4HHY1P?tag=eloabder-20&linkCode=osi&th=1&psc=1">View Product</a></div>
<div class="product"><a href="https://www.amazon.com/dp/B08CMS8P67?tag=eloabder-20&linkCode=osi&th=1&psc=1"><img src="https://m.media-amazon.com/images/I/21t-OAmjNPL._SL500_.jpg" alt="Product Image"></a><p>Anua Heartleaf 77 Soothing Toner I pH 5.5 Trouble Care, Calming Skin, Refreshing, Hydrating, Purifying, Cruelty Free, Vegan,(250ml / 8.45 fl.oz.)</p><p> -14% 0FF </p><p>$19.69 ($2.33 / Fl Oz)</p><a href="https://www.amazon.com/dp/B08CMS8P67?tag=eloabder-20&linkCode=osi&th=1&psc=1">View Product</a></div><div class="product"><a href="https://www.amazon.com/dp/B007HD570Q?tag=eloabder-20&linkCode=osi&th=1&psc=1"><img src="https://m.media-amazon.com/images/I/31uC8ENEVqL._SL500_.jpg" alt="Product Image"></a><p>Thayers Alcohol-Free Rose Petal Witch Hazel Facial Toner for Glowing Skin, Soothing, Hydrating, Refreshing Toner for Normal and Combination Skin, 12oz</p><p> -16% 0FF </p><p>$9.17 ($0.76 / Fl Oz)</p><a href="https://www.amazon.com/dp/B007HD570Q?tag=eloabder-20&linkCode=osi&th=1&psc=1">View Product</a></div><div class="product"><a href="https://www.amazon.com/dp/B07K23HV61?tag=eloabder-20&linkCode=osi&th=1&psc=1"><img src="https://m.media-amazon.com/images/I/31KkgEtoFiL._SL500_.jpg" alt="Product Image"></a><p>I'm from Rice Toner, Milky Toner for Glowing Skin, 77.78% Korean Rice, Glow Essence with Niacinamide, Hydrating for Dry, Dull, Combination Skin, Vegan, Fragrance Free, Glass Skin 5.07 Fl Oz</p><p> -20% 0FF </p><p>$24.90 ($4.91 / Fl Oz)</p><a href="https://www.amazon.com/dp/B07K23HV61?tag=eloabder-20&linkCode=osi&th=1&psc=1">View Product</a></div><div class="product"><a href="https://www.amazon.com/dp/B07THCMGFP?tag=eloabder-20&linkCode=osi&th=1&psc=1"><img src="https://m.media-amazon.com/images/I/31n-zByuthL._SL500_.jpg" alt="Product Image"></a><p>Haruharu Wonder Black Rice Hyaluronic Toner 5.1 fl.oz / 150ml | Face Moisturizer, Facial Toner for All Skin Types | Vegan, Cruelty Free, EWG-Green</p><p> -11% 0FF </p><p>$13.35 ($2.62 / Fl Oz)</p><a href="https://www.amazon.com/dp/B07THCMGFP?tag=eloabder-20&linkCode=osi&th=1&psc=1">View Product</a></div><div class="product"><a href="https://www.amazon.com/dp/B07BYJF7L7?tag=eloabder-20&linkCode=osi&th=1&psc=1"><img src="https://m.media-amazon.com/images/I/31+G3Xc+J7L._SL500_.jpg" alt="Product Image"></a><p>SOME BY MI AHA BHA PHA 30 Days Miracle Toner - 5.07Oz, 150ml - Mild Exfoliating Skin Prep Korean Toner for All Skin Type - Daily Blackhead Removing Pore Minimizer for Face Texture - Korean Skin Care</p><p> -38% 0FF </p><p>$13.90 ($2.74 / Fl Oz)</p><a href="https://www.amazon.com/dp/B07BYJF7L7?tag=eloabder-20&linkCode=osi&th=1&psc=1">View Product</a></div>
<div class="product"><a href="https://www.amazon.com/dp/B00PBX3L7K?tag=eloabder-20&linkCode=osi&th=1&psc=1"><img src="https://m.media-amazon.com/images/I/31OiAm-FA8L._SL500_.jpg" alt="Product Image"></a><p>COSRX Snail Mucin 96% Power Repairing Essence 3.38 fl.oz 100ml, Hydrating Serum for Face with Snail Secretion Filtrate for Dull Skin & Fine Lines, Korean Skin Care</p><p> -32% 0FF </p><p>$16.99 ($5.03 / Fl Oz)</p><a href="https://www.amazon.com/dp/B00PBX3L7K?tag=eloabder-20&linkCode=osi&th=1&psc=1">View Product</a></div><div class="product"><a href="https://www.amazon.com/dp/B014PGEEO2?tag=eloabder-20&linkCode=osi&th=1&psc=1"><img src="https://m.media-amazon.com/images/I/51v+djIfQGL._SL500_.jpg" alt="Product Image"></a><p>Tree of Life Facial Skin Care Set, Brightening, Firming, Hydrating, Dry Face, Dermatologist Tested - Trio Power Kit, Vitamin C, Retinol and Hyaluronic Acid, 3 count of 1 Fl Oz</p><p> -14% 0FF </p><p>$29.99 ($10.00 / Fl Oz)</p><a href="https://www.amazon.com/dp/B014PGEEO2?tag=eloabder-20&linkCode=osi&th=1&psc=1">View Product</a></div><div class="product"><a href="https://www.amazon.com/dp/B01B5G45R6?tag=eloabder-20&linkCode=osi&th=1&psc=1"><img src="https://m.media-amazon.com/images/I/51Q5RBPeaLL._SL500_.jpg" alt="Product Image"></a><p>artnaturals Anti-Aging-Set with Vitamin-C Retinol and Hyaluronic-Acid - (3 x 1 Fl Oz / 30ml) Serum for Anti Wrinkle and Dark Circle Remover – All Natural and Moisturizing</p><p> -19% 0FF </p><p>$24.95 ($8.32 / Fl Oz)</p><a href="https://www.amazon.com/dp/B01B5G45R6?tag=eloabder-20&linkCode=osi&th=1&psc=1">View Product</a></div><div class="product"><a href="https://www.amazon.com/dp/B07VWSN95S?tag=eloabder-20&linkCode=osi&th=1&psc=1"><img src="https://m.media-amazon.com/images/I/411Y0nzh9zL._SL500_.jpg" alt="Product Image"></a><p>CeraVe Retinol Serum for Post-Acne Marks and Skin Texture | Pore Refining, Resurfacing, Brightening Facial Serum with Retinol and Niacinamide | Fragrance Free, Paraben Free & Non-Comedogenic| 1 Oz</p><p> -15% 0FF </p><p>$18.68</p><a href="https://www.amazon.com/dp/B07VWSN95S?tag=eloabder-20&linkCode=osi&th=1&psc=1">View Product</a></div><div class="product"><a href="https://www.amazon.com/dp/B07QFHZZZL?tag=eloabder-20&linkCode=osi&th=1&psc=1"><img src="https://m.media-amazon.com/images/I/41I2Z44ByOL._SL500_.jpg" alt="Product Image"></a><p>The Ordinary Face Serum Set! Caffeine Solution 5%+EGCG! Hyaluronic Acid 2%+B5! Niacinamide 10% + Zinc 1%! Help Fight Visible Blemishes And Improve The Look Of Skin Texture&Radiance</p><p> -8% 0FF </p><p>$27.00 ($9.00 / Ounce)</p><a href="https://www.amazon.com/dp/B07QFHZZZL?tag=eloabder-20&linkCode=osi&th=1&psc=1">View Product</a></div>
<div class="product"><a href="https://www.amazon.com/dp/B09HH8R1T8?tag=eloabder-20&linkCode=osi&th=1&psc=1"><img src="https://m.media-amazon.com/images/I/51wBTGbcqkL._SL500_.jpg" alt="Product Image"></a><p>UJFQBH 3 Pieces African Bath Sponge African Net Long Net Bath Sponge Exfoliating Shower Body Scrubber Back Scrubber Skin Smoother,Great for Daily Use (Pink,Yellow,Purple)</p><p> -47% 0FF </p><p>$7.99 ($2.66 / Count)</p><a href="https://www.amazon.com/dp/B09HH8R1T8?tag=eloabder-20&linkCode=osi&th=1&psc=1">View Product</a></div><div class="product"><a href="https://www.amazon.com/dp/B004GEV9JW?tag=eloabder-20&linkCode=osi&th=1&psc=1"><img src="https://m.media-amazon.com/images/I/41MgyDfHXfL._SL500_.jpg" alt="Product Image"></a><p>Buf-Puf Gentle Facial Sponge, Dermatologist Developed, Removes Deep Down Dirt & Makeup That Causes Breakouts and Blackheads, Reusable, Exfoliating, 1 Count</p><p> -22% 0FF </p><p>$7.84</p><a href="https://www.amazon.com/dp/B004GEV9JW?tag=eloabder-20&linkCode=osi&th=1&psc=1">View Product</a></div>

<div class="product"><a href="https://www.amazon.com/dp/B005IHT94S?tag=eloabder-20&linkCode=osi&th=1&psc=1"><img src="https://m.media-amazon.com/images/I/31YAXVCRMAL._SL500_.jpg" alt="Product Image"></a><p>Neutrogena Ultra Sheer Dry-Touch Water Resistant and Non-Greasy Sunscreen Lotion with Broad Spectrum SPF 70, 3 Fl Oz (Pack of 1)</p><p> -26% 0FF </p><p>$9.88 ($3.29 / Fl Oz)</p><a href="https://www.amazon.com/dp/B005IHT94S?tag=eloabder-20&linkCode=osi&th=1&psc=1">View Product</a></div><div class="product"><a href="https://www.amazon.com/dp/B01MQXX9US?tag=eloabder-20&linkCode=osi&th=1&psc=1"><img src="https://m.media-amazon.com/images/I/41Zi7BP15NL._SL500_.jpg" alt="Product Image"></a><p>Banana Boat Sport Ultra SPF 50 Sunscreen Spray Twin Pack | Banana Boat Sunscreen Spray SPF 50, Spray On Sunscreen, Water Resistant Sunscreen, Oxybenzone Free Sunscreen Pack, 6oz each</p><p> -26% 0FF </p><p>$13.97 ($1.16 / Ounce)</p><a href="https://www.amazon.com/dp/B01MQXX9US?tag=eloabder-20&linkCode=osi&th=1&psc=1">View Product</a></div><div class="product"><a href="https://www.amazon.com/dp/B0033ZL5YY?tag=eloabder-20&linkCode=osi&th=1&psc=1"><img src="https://m.media-amazon.com/images/I/41gbrGgbm6L._SL500_.jpg" alt="Product Image"></a><p>Banana Boat Sport Ultra SPF 50 Sunscreen Lotion, 8oz | Banana Boat Sunscreen SPF 50 Lotion, Oxybenzone Free Sunscreen, Sunblock Lotion Sunscreen, Banana Boat Lotion, Water Resistant Sunscreen, 8oz</p><p> -40% 0FF </p><p>$8.97 ($1.12 / Fl Oz)</p><a href="https://www.amazon.com/dp/B0033ZL5YY?tag=eloabder-20&linkCode=osi&th=1&psc=1">View Product</a></div><div class="product"><a href="https://www.amazon.com/dp/B004D2DR0Q?tag=eloabder-20&linkCode=osi&th=1&psc=1"><img src="https://m.media-amazon.com/images/I/41QwzCWNnFL._SL500_.jpg" alt="Product Image"></a><p>Neutrogena Ultra Sheer Dry-Touch Water Resistant and Non-Greasy Sunscreen Lotion with Broad Spectrum SPF 45, TSA-Compliant travel Size, 3 Fl Oz, Pack of 2, 6 Fl Oz</p><p> -38% 0FF </p><p>$13.99 ($2.33 / Fl Oz)</p><a href="https://www.amazon.com/dp/B004D2DR0Q?tag=eloabder-20&linkCode=osi&th=1&psc=1">View Product</a></div><div class="product"><a href="https://www.amazon.com/dp/B074W9HR72?tag=eloabder-20&linkCode=osi&th=1&psc=1"><img src="https://m.media-amazon.com/images/I/41X2bu9GahL._SL500_.jpg" alt="Product Image"></a><p>Coppertone Sport Sunscreen Spray SPF 30, Water Resistant Spray Sunscreen, Broad Spectrum SPF 30 Sunscreen, Bulk Sunscreen Pack, 5.5 Oz Bottle, Pack of 2</p><p> -28% 0FF </p><p>$9.99 ($0.91 / Ounce)</p><a href="https://www.amazon.com/dp/B074W9HR72?tag=eloabder-20&linkCode=osi&th=1&psc=1">View Product</a></div><div class="product"><a href="https://www.amazon.com/dp/B0031O5QF6?tag=eloabder-20&linkCode=osi&th=1&psc=1"><img src="https://m.media-amazon.com/images/I/31aJ6gPLVaL._SL500_.jpg" alt="Product Image"></a><p>Hawaiian Tropic Sheer Touch Ultra Radiance Lotion Sunscreen SPF 30, 8oz | Hawaiian Tropic Sunscreen SPF 30, Sunblock, Broad Spectrum Sunscreen, Oxybenzone Free Sunscreen, Body Sunscreen, 8oz</p><p> -14% 0FF </p><p>$8.98 ($1.12 / Fl Oz)</p><a href="https://www.amazon.com/dp/B0031O5QF6?tag=eloabder-20&linkCode=osi&th=1&psc=1">View Product</a></div><div class="product"><a href="https://www.amazon.com/dp/B00B81XR1Y?tag=eloabder-20&linkCode=osi&th=1&psc=1"><img src="https://m.media-amazon.com/images/I/41NtDXr-dML._SL500_.jpg" alt="Product Image"></a><p>Banana Boat Sport Ultra SPF 30 Sunscreen Spray Twin Pack | Banana Boat Sunscreen Spray SPF 30, Spray On Sunscreen, Water Resistant Sunscreen, Oxybenzone Free Sunscreen Pack, 6oz each</p><p> -25% 0FF </p><p>$13.47 ($1.12 / Ounce)</p><a href="https://www.amazon.com/dp/B00B81XR1Y?tag=eloabder-20&linkCode=osi&th=1&psc=1">View Product</a></div><div class="product"><a href="https://www.amazon.com/dp/B00AEN4QZ8?tag=eloabder-20&linkCode=osi&th=1&psc=1"><img src="https://m.media-amazon.com/images/I/31QMrCJPoeL._SL500_.jpg" alt="Product Image"></a><p>Neutrogena Beach Defense Water-Resistant Face & Body SPF 70 Sunscreen Lotion with Broad Spectrum UVA/UVB Protection, Oil-Free Fast-Absorbing Sunscreen Lotion, Oxybenzone-Free, 6.7 oz</p><p> -27% 0FF </p><p>$9.60 ($1.43 / Fl Oz)</p><a href="https://www.amazon.com/dp/B00AEN4QZ8?tag=eloabder-20&linkCode=osi&th=1&psc=1">View Product</a></div><div class="product"><a href="https://www.amazon.com/dp/B09DGPRM22?tag=eloabder-20&linkCode=osi&th=1&psc=1"><img src="https://m.media-amazon.com/images/I/31B9wKQM5vL._SL500_.jpg" alt="Product Image"></a><p>ROUND LAB Birch Juice Moisturizing Sunscreen (SPF50+ PA++++) | A moisturizing sunscreen, No White Cast, Strong UV Protection, Moist Essence Type, Ocean Friendly-Reef Safe (1.69fl.oz)</p><p> -32% 0FF </p><p>$18.99 ($11.24 / Fl Oz)</p><a href="https://www.amazon.com/dp/B09DGPRM22?tag=eloabder-20&linkCode=osi&th=1&psc=1">View Product</a></div>
<div class="product"><a href="https://www.amazon.com/dp/B0C9H6PD9B?tag=eloabder-20&linkCode=osi&th=1&psc=1"><img src="https://m.media-amazon.com/images/I/51MQp9qtYZL._SL500_.jpg" alt="Product Image"></a><p>Collagen Face Moisturizer with Airless Pump - Collagen Botanical Stem Cells Cream for Skin with Retinol, Niacinamide, Hyaluronic Acid - Anti-Aging Day & Night Cream - Made in USA (1.7 Oz)</p><p> -17% 0FF </p><p>$14.99 ($8.82 / Ounce)</p><a href="https://www.amazon.com/dp/B0C9H6PD9B?tag=eloabder-20&linkCode=osi&th=1&psc=1">View Product</a></div><div class="product"><a href="https://www.amazon.com/dp/B008EKY8VK?tag=eloabder-20&linkCode=osi&th=1&psc=1"><img src="https://m.media-amazon.com/images/I/417CElRN9WL._SL500_.jpg" alt="Product Image"></a><p>L'Oreal Paris Revitalift Triple Power Anti-Aging Face Moisturizer, Pro Retinol, Hyaluronic Acid & Vitamin C to Reduce Wrinkles, Firm & Brighten Skin, 1.7 Oz</p><p> -21% 0FF </p><p>$23.66 ($13.92 / Ounce)</p><a href="https://www.amazon.com/dp/B008EKY8VK?tag=eloabder-20&linkCode=osi&th=1&psc=1">View Product</a></div><div class="product"><a href="https://www.amazon.com/dp/B07XJ7XWLW?tag=eloabder-20&linkCode=osi&th=1&psc=1"><img src="https://m.media-amazon.com/images/I/41NLZaGIIvL._SL500_.jpg" alt="Product Image"></a><p>CeraVe Anti Aging Retinol Serum | Cream Serum for Smoothing Fine Lines and Skin Brightening | With Retinol, Hyaluronic Acid, Niacinamide, and Ceramides | 1 Ounce</p><p> -6% 0FF </p><p>$23.49</p><a href="https://www.amazon.com/dp/B07XJ7XWLW?tag=eloabder-20&linkCode=osi&th=1&psc=1">View Product</a></div><div class="product"><a href="https://www.amazon.com/dp/B002JDUMFO?tag=eloabder-20&linkCode=osi&th=1&psc=1"><img src="https://m.media-amazon.com/images/I/41h3+tOcptL._SL500_.jpg" alt="Product Image"></a><p>L’Oréal Paris Collagen Daily Face Moisturizer, Reduce Wrinkles, Face Cream 1.7 oz</p><p> -16% 0FF </p><p>$9.70 ($5.71 / Ounce)</p><a href="https://www.amazon.com/dp/B002JDUMFO?tag=eloabder-20&linkCode=osi&th=1&psc=1">View Product</a></div><div class="product"><a href="https://www.amazon.com/dp/B09JMDLSJR?tag=eloabder-20&linkCode=osi&th=1&psc=1"><img src="https://m.media-amazon.com/images/I/41dzg8Cq95L._SL500_.jpg" alt="Product Image"></a><p>RoC Retinol Correxion Deep Wrinkle Serum Facial Cleanser with Niacinamide for Anti-Aging and Fine Lines, Long-Wear Makeup Remover, Fragrance Free Skin Care, Opthalmologist Tested, 6 Ounces</p><p> -29% 0FF </p><p>$9.99 ($1.66 / Fl Oz)</p><a href="https://www.amazon.com/dp/B09JMDLSJR?tag=eloabder-20&linkCode=osi&th=1&psc=1">View Product</a></div><div class="product"><a href="https://www.amazon.com/dp/B01B7AGX2U?tag=eloabder-20&linkCode=osi&th=1&psc=1"><img src="https://m.media-amazon.com/images/I/31ZFZXsQryL._SL500_.jpg" alt="Product Image"></a><p>Neutrogena Retinol Treatment and Tinted Facial Moisturizer, Healthy Skin Anti-Aging Perfector with Broad Spectrum SPF 20 Sunscreen with Titanium Dioxide, 40 Neutral to Tan, 1 fl. oz</p><p> -50% 0FF </p><p>$10.20</p><a href="https://www.amazon.com/dp/B01B7AGX2U?tag=eloabder-20&linkCode=osi&th=1&psc=1">View Product</a></div>
<div class="product"><a href="https://www.amazon.com/dp/B000N758A2?tag=eloabder-20&linkCode=osi&th=1&psc=1"><img src="https://m.media-amazon.com/images/I/41YSvL8jS6L._SL500_.jpg" alt="Product Image"></a><p>OGX Nourishing + Coconut Milk Anti-Breakage Serum, 4 Fl Oz</p><p> -11% 0FF </p><p>$7.97 ($1.99 / Fl Oz)</p><a href="https://www.amazon.com/dp/B000N758A2?tag=eloabder-20&linkCode=osi&th=1&psc=1">View Product</a></div><div class="product"><a href="https://www.amazon.com/dp/B005LPN8R6?tag=eloabder-20&linkCode=osi&th=1&psc=1"><img src="https://m.media-amazon.com/images/I/41AX5ZL0F9L._SL500_.jpg" alt="Product Image"></a><p>Wet Brush Original Detangling Hair Brush, Classic Black - Ultra-Soft IntelliFlex Bristles - Detangler Brush Glide Through Tangles With Ease For All Hair Types - For Women, Men, Wet & Dry Hair</p><p> -30% 0FF </p><p>$7.00</p><a href="https://www.amazon.com/dp/B005LPN8R6?tag=eloabder-20&linkCode=osi&th=1&psc=1">View Product</a></div><div class="product"><a href="https://www.amazon.com/dp/B001126XOI?tag=eloabder-20&linkCode=osi&th=1&psc=1"><img src="https://m.media-amazon.com/images/I/31MeKMlDGLL._SL500_.jpg" alt="Product Image"></a><p>Conair Velvet Touch hair brush - Detangling hair brush - Ideal for all hair types - Paddle Cushion - Soft Touch Handle - Colors at random - 1 Count</p><p> -28% 0FF </p><p>$4.99</p><a href="https://www.amazon.com/dp/B001126XOI?tag=eloabder-20&linkCode=osi&th=1&psc=1">View Product</a></div><div class="product"><a href="https://www.amazon.com/dp/B00AINMFAC?tag=eloabder-20&linkCode=osi&th=1&psc=1"><img src="https://m.media-amazon.com/images/I/41D7x04cFtL._SL500_.jpg" alt="Product Image"></a><p>Nizoral Anti-Dandruff Shampoo with 1% Ketoconazole, Fresh Scent, 7 Fl Oz</p><p> -47% 0FF </p><p>$15.88 ($2.27 / Fl Oz)</p><a href="https://www.amazon.com/dp/B00AINMFAC?tag=eloabder-20&linkCode=osi&th=1&psc=1">View Product</a></div><div class="product"><a href="https://www.amazon.com/dp/B01LTIAUAG?tag=eloabder-20&linkCode=osi&th=1&psc=1"><img src="https://m.media-amazon.com/images/I/414cIBskUjL._SL500_.jpg" alt="Product Image"></a><p>Cantu Leave-In Conditioning Repair Cream with Argan Oil, 16 oz (Packaging May Vary)</p><p> -13% 0FF </p><p>$6.48 ($0.40 / Ounce)</p><a href="https://www.amazon.com/dp/B01LTIAUAG?tag=eloabder-20&linkCode=osi&th=1&psc=1">View Product</a></div><div class="product"><a href="https://www.amazon.com/dp/B0011DP24Y?tag=eloabder-20&linkCode=osi&th=1&psc=1"><img src="https://m.media-amazon.com/images/I/318wWjq3aeL._SL500_.jpg" alt="Product Image"></a><p>Avalon Organics Revitalizing Lavender Shampoo, For Smooth, Shiny, Touchably Soft Hair For Normal To Dry Hair, 32 Fluid Ounces</p><p> -9% 0FF </p><p>$17.69 ($0.55 / Fl Oz)</p><a href="https://www.amazon.com/dp/B0011DP24Y?tag=eloabder-20&linkCode=osi&th=1&psc=1">View Product</a></div><div class="product"><a href="https://www.amazon.com/dp/B015HTJDDS?tag=eloabder-20&linkCode=osi&th=1&psc=1"><img src="https://m.media-amazon.com/images/I/31TKfcsgYvL._SL500_.jpg" alt="Product Image"></a><p>The Honest Company Conditioning Hair Detangler | Leave-in Conditioner + Fortifying Spray | Tear-free, Cruelty-Free, Hypoallergenic | Citrus Vanilla Refresh, 4 fl oz</p><p> -7% 0FF </p><p>$6.99 ($1.75 / Fl Oz)</p><a href="https://www.amazon.com/dp/B015HTJDDS?tag=eloabder-20&linkCode=osi&th=1&psc=1">View Product</a></div><div class="product"><a href="https://www.amazon.com/dp/B019ZZB3O2?tag=eloabder-20&linkCode=osi&th=1&psc=1"><img src="https://m.media-amazon.com/images/I/41LErxWdadL._SL500_.jpg" alt="Product Image"></a><p>SugarbearPRO Hair Vitamin Extra Strength 6000mcg Biotin, Longer-Looking Hair Gummy for Women & Men,B12, MSM, Inositol, Omega 3, Elderberry, Growth, USA Patent Design, Kosher Halal Vegan 2 Month Supply</p><p> -23% 0FF </p><p>$29.99 ($0.50 / Count)</p><a href="https://www.amazon.com/dp/B019ZZB3O2?tag=eloabder-20&linkCode=osi&th=1&psc=1">View Product</a></div>
<div class="product"><a href="https://www.amazon.com/dp/B00ADRH2OM?tag=eloabder-20&linkCode=osi&th=1&psc=1"><img src="https://m.media-amazon.com/images/I/413WPcPNDbL._SL500_.jpg" alt="Product Image"></a><p>OGX Thick & Full + Biotin & Collagen Volumizing Shampoo, Nutrient-Infused Hair Shampoo with Vitamin B7 Biotin Gives Hair Volume & Body for 72+ Hours, Sulfate-Free Surfactants, 13 fl. oz</p><p> -25% 0FF </p><p>$6.97 ($0.54 / Fl Oz)</p><a href="https://www.amazon.com/dp/B00ADRH2OM?tag=eloabder-20&linkCode=osi&th=1&psc=1">View Product</a></div><div class="product"><a href="https://www.amazon.com/dp/B008J2GP9G?tag=eloabder-20&linkCode=osi&th=1&psc=1"><img src="https://m.media-amazon.com/images/I/31BkIKu3HgL._SL500_.jpg" alt="Product Image"></a><p>OGX Renewing Argan Oil of Morocco Shampoo - Strengthens and Repairs Dry, Damaged Hair - Paraben-Free, Sulfate-Free - 25.4 fl. oz</p><p> -27% 0FF </p><p>$11.99 ($0.47 / Fl Oz)</p><a href="https://www.amazon.com/dp/B008J2GP9G?tag=eloabder-20&linkCode=osi&th=1&psc=1">View Product</a></div><div class="product"><a href="https://www.amazon.com/dp/B008OL3UYK?tag=eloabder-20&linkCode=osi&th=1&psc=1"><img src="https://m.media-amazon.com/images/I/41h78nCTqqL._SL500_.jpg" alt="Product Image"></a><p>Avalon Organics Therapy Biotin B-Complex Thickening Shampoo, For an Energized Scalp and Thicker, Fuller-Looking Hair, 32 Fluid Ounces</p><p> -9% 0FF </p><p>$17.69 ($0.55 / Fl Oz)</p><a href="https://www.amazon.com/dp/B008OL3UYK?tag=eloabder-20&linkCode=osi&th=1&psc=1">View Product</a></div><div class="product"><a href="https://www.amazon.com/dp/B001UGL84U?tag=eloabder-20&linkCode=osi&th=1&psc=1"><img src="https://m.media-amazon.com/images/I/41TIFLFVNyL._SL500_.jpg" alt="Product Image"></a><p>Selsun Blue Medicated Anti-dandruff Shampoo with Menthol, 11 fl. oz., Maximum Strength, Selenium Sulfide 1%</p><p> -13% 0FF </p><p>$7.89 ($0.72 / Fl Oz)</p><a href="https://www.amazon.com/dp/B001UGL84U?tag=eloabder-20&linkCode=osi&th=1&psc=1">View Product</a></div>
<div class="product"><a href="https://www.amazon.com/dp/B0128QFSPK?tag=eloabder-20&linkCode=osi&th=1&psc=1"><img src="https://m.media-amazon.com/images/I/31lrVfnasLL._SL500_.jpg" alt="Product Image"></a><p>OGX Quenching + Coconut Curls Curl-Defining Conditioner, Nourishing Curly Hair Conditioner with Coconut /Citrus Oil & Honey, Paraben-Free with Sulfate-Free Surfactants, 13oz</p><p> -25% 0FF </p><p>$6.97 ($0.54 / Fl Oz)</p><a href="https://www.amazon.com/dp/B0128QFSPK?tag=eloabder-20&linkCode=osi&th=1&psc=1">View Product</a></div><div class="product"><a href="https://www.amazon.com/dp/B0048F38DY?tag=eloabder-20&linkCode=osi&th=1&psc=1"><img src="https://m.media-amazon.com/images/I/41GrHa75nWL._SL500_.jpg" alt="Product Image"></a><p>OGX Renewing + Argan Oil of Morocco Conditioner, 13 fl. oz - Repairs Dry, Damaged Hair, Paraben-Free, Sulfate-Free Surfactants, LipiPro Shield Technology, Citrus-Fresh Scent</p><p> -25% 0FF </p><p>$6.97 ($0.54 / Fl Oz)</p><a href="https://www.amazon.com/dp/B0048F38DY?tag=eloabder-20&linkCode=osi&th=1&psc=1">View Product</a></div><div class="product"><a href="https://www.amazon.com/dp/B01E9CSI44?tag=eloabder-20&linkCode=osi&th=1&psc=1"><img src="https://m.media-amazon.com/images/I/31eFC3P2y4L._SL500_.jpg" alt="Product Image"></a><p>OGX Thick & Full + Biotin & Collagen Volumizing Conditioner, Nutrient-Infused Conditioner + Vitamin B7 Biotin Gives Hair Volume & Body for 72+ Hours, Sulfate-Free Surfactants, 25.4 fl. oz</p><p> -27% 0FF </p><p>$11.99 ($0.47 / Fl Oz)</p><a href="https://www.amazon.com/dp/B01E9CSI44?tag=eloabder-20&linkCode=osi&th=1&psc=1">View Product</a></div><div class="product"><a href="https://www.amazon.com/dp/B000TG850M?tag=eloabder-20&linkCode=osi&th=1&psc=1"><img src="https://m.media-amazon.com/images/I/31TYCRS9xuL._SL500_.jpg" alt="Product Image"></a><p>OGX Nourishing + Coconut Milk Conditioner, Hydrating & Restoring Conditioner Moisturizes for Soft Hair After the First Use, Parabens-Free, Sulfate-Free Surfactants, 13 fl. Oz</p><p> -30% 0FF </p><p>$6.97 ($0.54 / Fl Oz)</p><a href="https://www.amazon.com/dp/B000TG850M?tag=eloabder-20&linkCode=osi&th=1&psc=1">View Product</a></div><div class="product"><a href="https://www.amazon.com/dp/B008OL3VW6?tag=eloabder-20&linkCode=osi&th=1&psc=1"><img src="https://m.media-amazon.com/images/I/31tIRt0xMJL._SL500_.jpg" alt="Product Image"></a><p>Avalon Organics Therapy Thickening Conditioner, Biotin B-Complex, 32 Oz</p><p> -9% 0FF </p><p>$17.69 ($0.55 / Fl Oz)</p><a href="https://www.amazon.com/dp/B008OL3VW6?tag=eloabder-20&linkCode=osi&th=1&psc=1">View Product</a></div>
<div class="product"><a href="https://www.amazon.com/dp/B000ZLVUYO?tag=eloabder-20&linkCode=osi&th=1&psc=1"><img src="https://m.media-amazon.com/images/I/41CNAwwnEqL._SL500_.jpg" alt="Product Image"></a><p>It's A 10 Haircare Miracle Hair Mask - 8 oz. - 1ct</p><p> -21% 0FF </p><p>$24.45 ($3.06 / Fl Oz)</p><a href="https://www.amazon.com/dp/B000ZLVUYO?tag=eloabder-20&linkCode=osi&th=1&psc=1">View Product</a></div><div class="product"><a href="https://www.amazon.com/dp/B002WTC37A?tag=eloabder-20&linkCode=osi&th=1&psc=1"><img src="https://m.media-amazon.com/images/I/41yD1U1SpnL._SL500_.jpg" alt="Product Image"></a><p>Macadamia Natural Deep Repair Hair Masque, 8 OZ</p><p> -7% 0FF </p><p>$16.80 ($2.10 / Fl Oz)</p><a href="https://www.amazon.com/dp/B002WTC37A?tag=eloabder-20&linkCode=osi&th=1&psc=1">View Product</a></div><div class="product"><a href="https://www.amazon.com/dp/B0CQDWM26G?tag=eloabder-20&linkCode=osi&th=1&psc=1"><img src="https://m.media-amazon.com/images/I/41Cg2H-fyrL._SL500_.jpg" alt="Product Image"></a><p>Fino Premium Touch Hair Mask, 180g / 8.11 Ounce by ode</p><p> -9% 0FF </p><p>$13.69 ($1.69 / Ounce)</p><a href="https://www.amazon.com/dp/B0CQDWM26G?tag=eloabder-20&linkCode=osi&th=1&psc=1">View Product</a></div>
<div class="product"><a href="https://www.amazon.com/dp/B0BBSDNX7W?tag=eloabder-20&linkCode=osi&th=1&psc=1"><img src="https://m.media-amazon.com/images/I/41Y91vJb1TL._SL500_.jpg" alt="Product Image"></a><p>Handcraft Blends Castor Oil with Rosemary Oil - 8 Fl Oz - 100% Pure and Natural - Premium Grade Oil for Hair Growth, Eyelashes and Eyebrows - Carrier Oil - Hair and Body Oil</p><p> -10% 0FF </p><p>$8.99 ($1.12 / Fl Oz)</p><a href="https://www.amazon.com/dp/B0BBSDNX7W?tag=eloabder-20&linkCode=osi&th=1&psc=1">View Product</a></div><div class="product"><a href="https://www.amazon.com/dp/B0019LTGOU?tag=eloabder-20&linkCode=osi&th=1&psc=1"><img src="https://m.media-amazon.com/images/I/31pK3I8DkWL._SL500_.jpg" alt="Product Image"></a><p>NOW Foods Solutions, Organic Jojoba Oil, Moisturizing Multi-Purpose Oil for Face, Hair and Body, 4-Ounce</p><p> -31% 0FF </p><p>$10.31 ($2.58 / Fl Oz)</p><a href="https://www.amazon.com/dp/B0019LTGOU?tag=eloabder-20&linkCode=osi&th=1&psc=1">View Product</a></div><div class="product"><a href="https://www.amazon.com/dp/B004Z209HS?tag=eloabder-20&linkCode=osi&th=1&psc=1"><img src="https://m.media-amazon.com/images/I/41iZC2aD-zL._SL500_.jpg" alt="Product Image"></a><p>PURA D'OR 4 Oz ORGANIC Moroccan Argan Oil - USDA Certified 100% Pure & Cold Pressed Virgin Premium Grade Natural Moisturizer Treatment For Dry, Damaged Skin, Hair, Face, Body & Scalp - Men & Women</p><p> -13% 0FF </p><p>$12.99 ($3.25 / Fl Oz)</p><a href="https://www.amazon.com/dp/B004Z209HS?tag=eloabder-20&linkCode=osi&th=1&psc=1">View Product</a></div><div class="product"><a href="https://www.amazon.com/dp/B08ZLLB1QP?tag=eloabder-20&linkCode=osi&th=1&psc=1"><img src="https://m.media-amazon.com/images/I/41Er838d1WL._SL500_.jpg" alt="Product Image"></a><p>HIQILI Rosemary Oil for Hair Growth, Skin, Scalp, 100% Pure Natural, Add to Shampoo & Conditioner - 3.38 Fl Oz</p><p> -38% 0FF </p><p>$7.99 ($2.36 / Fl Oz)</p><a href="https://www.amazon.com/dp/B08ZLLB1QP?tag=eloabder-20&linkCode=osi&th=1&psc=1">View Product</a></div>
<div class="product"><a href="https://www.amazon.com/dp/B00AIL783I?tag=eloabder-20&linkCode=osi&th=1&psc=1"><img src="https://m.media-amazon.com/images/I/31H0Iw6tmZL._SL500_.jpg" alt="Product Image"></a><p>CHI Straight Guard Smoothing Styling Cream, Eliminates Frizz For Sleek & Shiny Hair, Maximum Control, 8.5 Oz</p><p> -58% 0FF </p><p>$8.50 ($1.00 / Fl Oz)</p><a href="https://www.amazon.com/dp/B00AIL783I?tag=eloabder-20&linkCode=osi&th=1&psc=1">View Product</a></div><div class="product"><a href="https://www.amazon.com/dp/B0167HOOEC?tag=eloabder-20&linkCode=osi&th=1&psc=1"><img src="https://m.media-amazon.com/images/I/51z28ow-ggL._SL500_.jpg" alt="Product Image"></a><p>Smooth Viking Hair Clay for Men - Strong Hold, Clay Pomade, Hair Paste, Styling Clay with Matte Finish, Made in USA, 2oz</p><p> -23% 0FF </p><p>$12.99 ($6.50 / Ounce)</p><a href="https://www.amazon.com/dp/B0167HOOEC?tag=eloabder-20&linkCode=osi&th=1&psc=1">View Product</a></div>
<div class="product"><a href="https://www.amazon.com/dp/B004INIW1Y?tag=eloabder-20&linkCode=osi&th=1&psc=1"><img src="https://m.media-amazon.com/images/I/51QXVxOgEkL._SL500_.jpg" alt="Product Image"></a><p>L'Oreal Paris Excellence Creme Permanent Hair Color, 4 Dark Brown, 100 percent Gray Coverage Hair Dye, Pack of 1</p><p> -9% 0FF </p><p>$10.97</p><a href="https://www.amazon.com/dp/B004INIW1Y?tag=eloabder-20&linkCode=osi&th=1&psc=1">View Product</a></div><div class="product"><a href="https://www.amazon.com/dp/B004C0K018?tag=eloabder-20&linkCode=osi&th=1&psc=1"><img src="https://m.media-amazon.com/images/I/517WiYZFqBL._SL500_.jpg" alt="Product Image"></a><p>L'Oreal Paris Superior Preference Fade-Defying + Shine Permanent Hair Color, 5A Medium Ash Brown, Pack of 1, Hair Dye</p><p> -8% 0FF </p><p>$11.97</p><a href="https://www.amazon.com/dp/B004C0K018?tag=eloabder-20&linkCode=osi&th=1&psc=1">View Product</a></div><div class="product"><a href="https://www.amazon.com/dp/B004INCW9W?tag=eloabder-20&linkCode=osi&th=1&psc=1"><img src="https://m.media-amazon.com/images/I/41zrK6E6A7L._SL500_.jpg" alt="Product Image"></a><p>L'Oreal Paris Feria Multi-Faceted Shimmering Permanent Hair Color, 45 French Roast (Deep Bronzed Brown), Pack of 1, Hair Dye</p><p> -8% 0FF </p><p>$11.97</p><a href="https://www.amazon.com/dp/B004INCW9W?tag=eloabder-20&linkCode=osi&th=1&psc=1">View Product</a></div><div class="product"><a href="https://www.amazon.com/dp/B00TUMG2N8?tag=eloabder-20&linkCode=osi&th=1&psc=1"><img src="https://m.media-amazon.com/images/I/51AQGB6nt+L._SL500_.jpg" alt="Product Image"></a><p>Schwarzkopf Keratin Color Anti-Age Hair Color Cream, 8.0 Medium Blonde (Packaging May Vary)</p><p> -7% 0FF </p><p>$11.09</p><a href="https://www.amazon.com/dp/B00TUMG2N8?tag=eloabder-20&linkCode=osi&th=1&psc=1">View Product</a></div><div class="product"><a href="https://www.amazon.com/dp/B004DK8TUQ?tag=eloabder-20&linkCode=osi&th=1&psc=1"><img src="https://m.media-amazon.com/images/I/410IY7twavL._SL500_.jpg" alt="Product Image"></a><p>John Frieda Deep Cherry Brown 3VR Permanent Foam Hair Color, 1 Application</p><p> -8% 0FF </p><p>$11.92</p><a href="https://www.amazon.com/dp/B004DK8TUQ?tag=eloabder-20&linkCode=osi&th=1&psc=1">View Product</a></div><div class="product"><a href="https://www.amazon.com/dp/B000NSX3NU?tag=eloabder-20&linkCode=osi&th=1&psc=1"><img src="https://m.media-amazon.com/images/I/51ioG6p30AS._SL500_.jpg" alt="Product Image"></a><p>Just For Men Shampoo-In Color (Formerly Original Formula), Mens Hair Color with Keratin and Vitamin E for Stronger Hair - Real Black, H-55, Pack of 3</p><p> -10% 0FF </p><p>$26.88 ($8.96 / Count)</p><a href="https://www.amazon.com/dp/B000NSX3NU?tag=eloabder-20&linkCode=osi&th=1&psc=1">View Product</a></div>
<div class="product"><a href="https://www.amazon.com/dp/B07FP3686J?tag=eloabder-20&linkCode=osi&th=1&psc=1"><img src="https://m.media-amazon.com/images/I/51KOSA5dFEL._SL500_.jpg" alt="Product Image"></a><p>Kitsch Spiral Hair Ties for Women, Coil Hair Ties for Thick Hair, No Crease Hair Tie, Spiral Hair Ties No Damage, Hair Coils & Phone Cord Hair Ties for Thin Hair, Hair Ties Spiral, 8pcs (Brunette)</p><p> -9% 0FF </p><p>$7.99 ($1.00 / Count)</p><a href="https://www.amazon.com/dp/B07FP3686J?tag=eloabder-20&linkCode=osi&th=1&psc=1">View Product</a></div><div class="product"><a href="https://www.amazon.com/dp/B08H6V3Q5Y?tag=eloabder-20&linkCode=osi&th=1&psc=1"><img src="https://m.media-amazon.com/images/I/41NgYqBP9PL._SL500_.jpg" alt="Product Image"></a><p>Kitsch Nylon Hair Elastics, No Tangle & No Breakage Hair Ties for Ponytails, Updos & Braids, For All Hair Types, Seamless, Damage Free Hair Accessories for Girls & Women, Blush, 20pcs</p><p> -10% 0FF </p><p>$7.93 ($0.40 / Count)</p><a href="https://www.amazon.com/dp/B08H6V3Q5Y?tag=eloabder-20&linkCode=osi&th=1&psc=1">View Product</a></div><div class="product"><a href="https://www.amazon.com/dp/B009MGKQ0W?tag=eloabder-20&linkCode=osi&th=1&psc=1"><img src="https://m.media-amazon.com/images/I/41pGPMVGZ4L._SL500_.jpg" alt="Product Image"></a><p>GOODY Ouchless Elastic Hair Tie - 50 Count, Neutral Colors - 2MM for Fine to Medium Hair - Pain-Free Hair Accessories for Men, Women, Boys, and Girls - for Long Lasting Braids, Ponytails</p><p> -39% 0FF </p><p>$3.79 ($0.08 / Count)</p><a href="https://www.amazon.com/dp/B009MGKQ0W?tag=eloabder-20&linkCode=osi&th=1&psc=1">View Product</a></div><div class="product"><a href="https://www.amazon.com/dp/B005CSYTCU?tag=eloabder-20&linkCode=osi&th=1&psc=1"><img src="https://m.media-amazon.com/images/I/41og7wvl2GL._SL500_.jpg" alt="Product Image"></a><p>GOODY Ouchless Womens Polyband Elastic Hair Tie - 250 Count, Clear - Fine Hair Accessories to Style With Ease and Keep Your Hair Secured - Perfect for Fun and Unique Hairstyles - Pain-Free</p><p> -39% 0FF </p><p>$4.54 ($0.02 / Count)</p><a href="https://www.amazon.com/dp/B005CSYTCU?tag=eloabder-20&linkCode=osi&th=1&psc=1">View Product</a></div><div class="product"><a href="https://www.amazon.com/dp/B00DFSHD5O?tag=eloabder-20&linkCode=osi&th=1&psc=1"><img src="https://m.media-amazon.com/images/I/41U4OswVDQL._SL500_.jpg" alt="Product Image"></a><p>Goody Ouchless Women's Elastic Hair Ties - 27 Count, Black - 4MM for Medium Hair - Long-Lasting Braids, Ponytails, and More - Pain-Free Hair Accessories (Packaging May Vary)</p><p> -42% 0FF </p><p>$4.27 ($0.16 / Count)</p><a href="https://www.amazon.com/dp/B00DFSHD5O?tag=eloabder-20&linkCode=osi&th=1&psc=1">View Product</a></div><div class="product"><a href="https://www.amazon.com/dp/B001SXPSD2?tag=eloabder-20&linkCode=osi&th=1&psc=1"><img src="https://m.media-amazon.com/images/I/4197dro0RyL._SL500_.jpg" alt="Product Image"></a><p>Scunci by Conair jaw claw clips - hair accessories for women - claw clips for thick hair - claw clip - Black & Tortoise- 2 Count</p><p> -36% 0FF </p><p>$4.99 ($2.50 / Count)</p><a href="https://www.amazon.com/dp/B001SXPSD2?tag=eloabder-20&linkCode=osi&th=1&psc=1">View Product</a></div><div class="product"><a href="https://www.amazon.com/dp/B00DIWQDWQ?tag=eloabder-20&linkCode=osi&th=1&psc=1"><img src="https://m.media-amazon.com/images/I/41YEJFomuGL._SL500_.jpg" alt="Product Image"></a><p>Goody Ouchless Comfort Headwraps - 3 Count(Pack of 1), Assorted Made from Fabric that is Soft and Strong for a Comfortable Fit All Hair Types Pain-Free Accessories Women Girls</p><p> -73% 0FF </p><p>$2.98 ($0.99 / Count)</p><a href="https://www.amazon.com/dp/B00DIWQDWQ?tag=eloabder-20&linkCode=osi&th=1&psc=1">View Product</a></div>
<div class="product"><a href="https://www.amazon.com/dp/B000QXH4PK?tag=eloabder-20&linkCode=osi&th=1&psc=1"><img src="https://m.media-amazon.com/images/I/41SXL+-YzcL._SL500_.jpg" alt="Product Image"></a><p>Listerine Cool Mint Pocketpaks Breath Strips Kills Bad Breath Germs, 24-Strip Pack, 3 Pack</p><p> -18% 0FF </p><p>$5.72 ($0.08 / Count)</p><a href="https://www.amazon.com/dp/B000QXH4PK?tag=eloabder-20&linkCode=osi&th=1&psc=1">View Product</a></div><div class="product"><a href="https://www.amazon.com/dp/B00UB7BO16?tag=eloabder-20&linkCode=osi&th=1&psc=1"><img src="https://m.media-amazon.com/images/I/51JexKE3EDL._SL500_.jpg" alt="Product Image"></a><p>Oral-B Glide Complete with Scope Outlast Mint Flavor Floss Picks 75 Count</p><p> -20% 0FF </p><p>$3.96 ($0.05 / Count)</p><a href="https://www.amazon.com/dp/B00UB7BO16?tag=eloabder-20&linkCode=osi&th=1&psc=1">View Product</a></div><div class="product"><a href="https://www.amazon.com/dp/B0758F8KDC?tag=eloabder-20&linkCode=osi&th=1&psc=1"><img src="https://m.media-amazon.com/images/I/51JvxvVlcIL._SL500_.jpg" alt="Product Image"></a><p>TheraBreath Healthy Gums Mouthwash Clean Mint, Antigingivitis, Dentist Formulated, 16 Fl Oz (2-Pack)</p><p> -37% 0FF </p><p>$17.58 ($0.55 / Fl Oz)</p><a href="https://www.amazon.com/dp/B0758F8KDC?tag=eloabder-20&linkCode=osi&th=1&psc=1">View Product</a></div><div class="product"><a href="https://www.amazon.com/dp/B0BG52SJ5N?tag=eloabder-20&linkCode=osi&th=1&psc=1"><img src="https://m.media-amazon.com/images/I/51PpZUt1LYL._SL500_.jpg" alt="Product Image"></a><p>COSLUS Water Dental Flosser Teeth Pick: Portable Cordless Oral Irrigator 300ML Rechargeable Travel Irrigation Cleaner IPX7 Waterproof Electric Waterflosser Flossing Machine for Teeth Cleaning F5020E</p><p> -25% 0FF </p><p>$29.98</p><a href="https://www.amazon.com/dp/B0BG52SJ5N?tag=eloabder-20&linkCode=osi&th=1&psc=1">View Product</a></div>
<div class="product"><a href="https://www.amazon.com/dp/B005PLQIQ4?tag=eloabder-20&linkCode=osi&th=1&psc=1"><img src="https://m.media-amazon.com/images/I/51DOyE1fx2L._SL500_.jpg" alt="Product Image"></a><p>Crest + Scope Complete Whitening Toothpaste - Pack of 3, 5.4 Oz Tubes - Anticavity Fluoride Toothpaste - Fresh Breath, Kills Germs - Tartar Protection, Enamel Protection - Minty Fresh Flavor</p><p> -10% 0FF </p><p>$9.00 ($0.56 / Ounce)</p><a href="https://www.amazon.com/dp/B005PLQIQ4?tag=eloabder-20&linkCode=osi&th=1&psc=1">View Product</a></div><div class="product"><a href="https://www.amazon.com/dp/B0BLX8VSCH?tag=eloabder-20&linkCode=osi&th=1&psc=1"><img src="https://m.media-amazon.com/images/I/61dvpbGDJjL._SL500_.jpg" alt="Product Image"></a><p>Colgate Max Fresh Whitening Toothpaste with Mini Strips, Clean Mint Toothpaste for Bad Breath, Helps Fight Cavities, Whitens Teeth, and Freshens Breath, 6.3 Ounce (Pack of 4)</p><p> -24% 0FF </p><p>$10.65 ($0.42 / Ounce)</p><a href="https://www.amazon.com/dp/B0BLX8VSCH?tag=eloabder-20&linkCode=osi&th=1&psc=1">View Product</a></div><div class="product"><a href="https://www.amazon.com/dp/B0BLJ68F9R?tag=eloabder-20&linkCode=osi&th=1&psc=1"><img src="https://m.media-amazon.com/images/I/51ccJX66fBL._SL500_.jpg" alt="Product Image"></a><p>Crest Pro-Health Clean Mint Toothpaste (4.3oz) Triple Pack</p><p> -10% 0FF </p><p>$8.97 ($0.70 / Ounce)</p><a href="https://www.amazon.com/dp/B0BLJ68F9R?tag=eloabder-20&linkCode=osi&th=1&psc=1">View Product</a></div><div class="product"><a href="https://www.amazon.com/dp/B0CMW3X9ZK?tag=eloabder-20&linkCode=osi&th=1&psc=1"><img src="https://m.media-amazon.com/images/I/41Y4jxmQuBL._SL500_.jpg" alt="Product Image"></a><p>Crest 3D White Advanced Teeth Whitening Toothpaste, Radiant Mint, 3.3 oz, Pack of 2</p><p> -10% 0FF </p><p>$8.97 ($1.36 / Ounce)</p><a href="https://www.amazon.com/dp/B0CMW3X9ZK?tag=eloabder-20&linkCode=osi&th=1&psc=1">View Product</a></div><div class="product"><a href="https://www.amazon.com/dp/B01BNEWDFQ?tag=eloabder-20&linkCode=osi&th=1&psc=1"><img src="https://m.media-amazon.com/images/I/51ViNDjKZIL._SL500_.jpg" alt="Product Image"></a><p>Colgate Cavity Protection Toothpaste with Fluoride, Great Regular Flavor, 6 Ounce (Pack of 6)</p><p> -16% 0FF </p><p>$11.82 ($0.33 / Ounce)</p><a href="https://www.amazon.com/dp/B01BNEWDFQ?tag=eloabder-20&linkCode=osi&th=1&psc=1">View Product</a></div>
<div class="product"><a href="https://www.amazon.com/dp/B06XK2M3H3?tag=eloabder-20&linkCode=osi&th=1&psc=1"><img src="https://m.media-amazon.com/images/I/41tntn0c7BL._SL500_.jpg" alt="Product Image"></a><p>Oral-B Vivid Dual Action Whitening Toothbrushes, Soft, 4 Count (Packaging and Product Color May Vary)</p><p> -17% 0FF </p><p>$7.49 ($1.87 / Count)</p><a href="https://www.amazon.com/dp/B06XK2M3H3?tag=eloabder-20&linkCode=osi&th=1&psc=1">View Product</a></div><div class="product"><a href="https://www.amazon.com/dp/B00I7HPNHS?tag=eloabder-20&linkCode=osi&th=1&psc=1"><img src="https://m.media-amazon.com/images/I/51Bm+7CrZ2L._SL500_.jpg" alt="Product Image"></a><p>Colgate Toothbrushes Premier Extra Clean ( 12 Toothbrushes)</p><p> -20% 0FF </p><p>$7.99 ($0.67 / Count)</p><a href="https://www.amazon.com/dp/B00I7HPNHS?tag=eloabder-20&linkCode=osi&th=1&psc=1">View Product</a></div><div class="product"><a href="https://www.amazon.com/dp/B08JQCZ71B?tag=eloabder-20&linkCode=osi&th=1&psc=1"><img src="https://m.media-amazon.com/images/I/41Zvcj-EvDL._SL500_.jpg" alt="Product Image"></a><p>Reach Essentials Toothbrush with Toothbrush Caps, Multi-Zoned Angled Soft Bristles, Contoured Handle, Tongue Scraper, 6 Count</p><p> -20% 0FF </p><p>$3.98 ($0.66 / Count)</p><a href="https://www.amazon.com/dp/B08JQCZ71B?tag=eloabder-20&linkCode=osi&th=1&psc=1">View Product</a></div><div class="product"><a href="https://www.amazon.com/dp/B07S9GV83R?tag=eloabder-20&linkCode=osi&th=1&psc=1"><img src="https://m.media-amazon.com/images/I/41ziiRLsaEL._SL500_.jpg" alt="Product Image"></a><p>Colgate 360 Optic White Advanced Whitening Toothbrush, Adult Medium Toothbrush with Whitening Cups, Helps Whiten Teeth and Removes Odor Causing Bacteria, 2 Pack</p><p> -19% 0FF </p><p>$6.96 ($3.48 / Count)</p><a href="https://www.amazon.com/dp/B07S9GV83R?tag=eloabder-20&linkCode=osi&th=1&psc=1">View Product</a></div><div class="product"><a href="https://www.amazon.com/dp/B0BQ1CT7V7?tag=eloabder-20&linkCode=osi&th=1&psc=1"><img src="https://m.media-amazon.com/images/I/41afWttiPjL._SL500_.jpg" alt="Product Image"></a><p>Colgate 360 Whole Mouth Clean Toothbrush, Adult Medium Toothbrushes, 5 Count (Pack of 1)</p><p> -11% 0FF </p><p>$9.99 ($2.00 / Count)</p><a href="https://www.amazon.com/dp/B0BQ1CT7V7?tag=eloabder-20&linkCode=osi&th=1&psc=1">View Product</a></div><div class="product"><a href="https://www.amazon.com/dp/B08172V3Y5?tag=eloabder-20&linkCode=osi&th=1&psc=1"><img src="https://m.media-amazon.com/images/I/41kw3icbwXL._SL500_.jpg" alt="Product Image"></a><p>VIVAGO Biodegradable Bamboo Toothbrushes 10 Pack - BPA Free Soft Bristles Toothbrushes, Eco-Friendly, Compostable Natural Wooden Toothbrush</p><p> -10% 0FF </p><p>$8.98 ($0.90 / Count)</p><a href="https://www.amazon.com/dp/B08172V3Y5?tag=eloabder-20&linkCode=osi&th=1&psc=1">View Product</a></div>
<div class="product"><a href="https://www.amazon.com/dp/B00IRKRK9O?tag=eloabder-20&linkCode=osi&th=1&psc=1"><img src="https://m.media-amazon.com/images/I/51oNh1DLVjL._SL500_.jpg" alt="Product Image"></a><p>TheraBreath Fresh Breath Mouthwash, Icy Mint Flavor, Alcohol-Free, 16 Fl Oz (Pack of 2)</p><p> -15% 0FF </p><p>$15.34 ($0.48 / Fl Oz)</p><a href="https://www.amazon.com/dp/B00IRKRK9O?tag=eloabder-20&linkCode=osi&th=1&psc=1">View Product</a></div><div class="product"><a href="https://www.amazon.com/dp/B0126XBQK6?tag=eloabder-20&linkCode=osi&th=1&psc=1"><img src="https://m.media-amazon.com/images/I/51dT1Mhf3zL._SL500_.jpg" alt="Product Image"></a><p>Crest Pro-Health Advanced Mouthwash, Alcohol Free, Extra Whitening, Energizing Mint Flavor, 946 mL (32 fl oz)</p><p> -19% 0FF </p><p>$7.32 ($0.23 / Fl Oz)</p><a href="https://www.amazon.com/dp/B0126XBQK6?tag=eloabder-20&linkCode=osi&th=1&psc=1">View Product</a></div><div class="product"><a href="https://www.amazon.com/dp/B0B5Y7KCS8?tag=eloabder-20&linkCode=osi&th=1&psc=1"><img src="https://m.media-amazon.com/images/I/51Dmtgp-2ZL._SL500_.jpg" alt="Product Image"></a><p>Listerine Total Care Anticavity Fluoride Mouthwash, Kills 99.9% of Germs That Cause Bad Breath and Prevents Cavities, Fresh Mint Flavor, 1L (Pack of 2)</p><p> -30% 0FF </p><p>$15.96 ($0.24 / Fl Oz)</p><a href="https://www.amazon.com/dp/B0B5Y7KCS8?tag=eloabder-20&linkCode=osi&th=1&psc=1">View Product</a></div><div class="product"><a href="https://www.amazon.com/dp/B0C881GLNM?tag=eloabder-20&linkCode=osi&th=1&psc=1"><img src="https://m.media-amazon.com/images/I/51C2ohy2RWL._SL500_.jpg" alt="Product Image"></a><p>Crest Pro-Health Advanced Mouthwash, Alcohol Free, Multi-Protection, Fresh Mint, 1 L (33.8 fl oz), Pack of 2</p><p> -9% 0FF </p><p>$10.97 ($0.16 / Fl Oz)</p><a href="https://www.amazon.com/dp/B0C881GLNM?tag=eloabder-20&linkCode=osi&th=1&psc=1">View Product</a></div><div class="product"><a href="https://www.amazon.com/dp/B0B5Y2G4HH?tag=eloabder-20&linkCode=osi&th=1&psc=1"><img src="https://m.media-amazon.com/images/I/41KhoumiQGL._SL500_.jpg" alt="Product Image"></a><p>Listerine Freshburst Antiseptic Mouthwash for Bad Breath, Kills 99% of Germs That Cause Bad Breath & Fight Plaque & Gingivitis, ADA Accepted Mouthwash, Spearmint, 1 L, Pack of 2</p><p> -25% 0FF </p><p>$13.96 ($0.21 / Fl Oz)</p><a href="https://www.amazon.com/dp/B0B5Y2G4HH?tag=eloabder-20&linkCode=osi&th=1&psc=1">View Product</a></div><div class="product"><a href="https://www.amazon.com/dp/B005IHSPLQ?tag=eloabder-20&linkCode=osi&th=1&psc=1"><img src="https://m.media-amazon.com/images/I/41iKIAcP6+L._SL500_.jpg" alt="Product Image"></a><p>Listerine Zero Alcohol Mouthwash, Alcohol-Free Oral Rinse to Kill 99% of Germs That Cause Bad Breath for Fresh Breath & Clean Mouth, Less Intense Taste, Cool Mint Flavor, 1 L</p><p> -26% 0FF </p><p>$6.98 ($0.21 / Fl Oz)</p><a href="https://www.amazon.com/dp/B005IHSPLQ?tag=eloabder-20&linkCode=osi&th=1&psc=1">View Product</a></div>
<div class="product"><a href="https://www.amazon.com/dp/B013OKRGWW?tag=eloabder-20&linkCode=osi&th=1&psc=1"><img src="https://m.media-amazon.com/images/I/31JQij0qrGL._SL500_.jpg" alt="Product Image"></a><p>REACH Waxed Dental Floss, Mint, Plaque Remover, Shred Resistant, Extra Wide Cleaning, Gentle on Gums & Teeth, PFAS-Free, Oral Care, for Adults & Kids, 55yd, 1 Pack</p><p> -13% 0FF </p><p>$1.29 ($0.01 / Foot)</p><a href="https://www.amazon.com/dp/B013OKRGWW?tag=eloabder-20&linkCode=osi&th=1&psc=1">View Product</a></div><div class="product"><a href="https://www.amazon.com/dp/B00FZNMHZS?tag=eloabder-20&linkCode=osi&th=1&psc=1"><img src="https://m.media-amazon.com/images/I/31whYdSykoL._SL500_.jpg" alt="Product Image"></a><p>Johnson & Johnson Reach Mint Waxed Dental Floss, 5 Count</p><p> -32% 0FF </p><p>$9.50 ($0.01 / Foot)</p><a href="https://www.amazon.com/dp/B00FZNMHZS?tag=eloabder-20&linkCode=osi&th=1&psc=1">View Product</a></div><div class="product"><a href="https://www.amazon.com/dp/B07WFX1WD2?tag=eloabder-20&linkCode=osi&th=1&psc=1"><img src="https://m.media-amazon.com/images/I/51lqCql47sL._SL500_.jpg" alt="Product Image"></a><p>Oral-B Glide Dental Floss, Scope Flavor, 40m (Pack of 6)</p><p> -5% 0FF </p><p>$18.99 ($0.02 / Foot)</p><a href="https://www.amazon.com/dp/B07WFX1WD2?tag=eloabder-20&linkCode=osi&th=1&psc=1">View Product</a></div><div class="product"><a href="https://www.amazon.com/dp/B013EK49VI?tag=eloabder-20&linkCode=osi&th=1&psc=1"><img src="https://m.media-amazon.com/images/I/31nlcs4SdpL._SL500_.jpg" alt="Product Image"></a><p>REACH Waxed Dental Floss, 200 yds, Mint, Plaque Remover, Shred Resistant, Extra Wide Cleaning, Gentle on Gums & Teeth, PFAS-Free, Oral Care, for Adults & Kids, 1 Pack</p><p> -7% 0FF </p><p>$7.45 ($0.01 / Foot)</p><a href="https://www.amazon.com/dp/B013EK49VI?tag=eloabder-20&linkCode=osi&th=1&psc=1">View Product</a></div>
<div class="product"><a href="https://www.amazon.com/dp/B0BVT76MFH?tag=eloabder-20&linkCode=osi&th=1&psc=1"><img src="https://m.media-amazon.com/images/I/41-2mpIWfYL._SL500_.jpg" alt="Product Image"></a><p>Crest 3D Whitestrips Sensitive At-home Teeth Whitening Kit, 18 Treatments, Gently Removes 15 Years of Stains</p><p> -24% 0FF </p><p>$37.88 ($2.10 / Count)</p><a href="https://www.amazon.com/dp/B0BVT76MFH?tag=eloabder-20&linkCode=osi&th=1&psc=1">View Product</a></div><div class="product"><a href="https://www.amazon.com/dp/B00YPBHU5S?tag=eloabder-20&linkCode=osi&th=1&psc=1"><img src="https://m.media-amazon.com/images/I/51f2CfyycTL._SL500_.jpg" alt="Product Image"></a><p>Crest 3D Whitestrips, Professional Effects, Teeth Whitening Strip Kit, 44 Strips (22 Count Pack)</p><p> -23% 0FF </p><p>$39.94</p><a href="https://www.amazon.com/dp/B00YPBHU5S?tag=eloabder-20&linkCode=osi&th=1&psc=1">View Product</a></div><div class="product"><a href="https://www.amazon.com/dp/B0D7BM9PZB?tag=eloabder-20&linkCode=osi&th=1&psc=1"><img src="https://m.media-amazon.com/images/I/41Nc3jZFaqL._SL500_.jpg" alt="Product Image"></a><p>Teeth Whitening Strips for Sensitive Teeth - Annecal 28 White Strips Enamel Safe for Whiter Teeth, Non-Sensitive Formula, Deep Stains Removal Tooth Whitening, 14 Treatment Enhanced Brightness, Mint</p><p> -33% 0FF </p><p>$19.99 ($0.71 / Count)</p><a href="https://www.amazon.com/dp/B0D7BM9PZB?tag=eloabder-20&linkCode=osi&th=1&psc=1">View Product</a></div><div class="product"><a href="https://www.amazon.com/dp/B082TPDTM2?tag=eloabder-20&linkCode=osi&th=1&psc=1"><img src="https://m.media-amazon.com/images/I/41yMwYlzBGL._SL500_.jpg" alt="Product Image"></a><p>Lumineux Teeth Whitening Strips 21 Treatments – Peroxide Free - Enamel Safe for Whiter Teeth - Whitening Without The Sensitivity - Dentist Formulated and Certified Non-Toxic - Sensitivity Free</p><p> -10% 0FF </p><p>$44.99 ($1.07 / count)</p><a href="https://www.amazon.com/dp/B082TPDTM2?tag=eloabder-20&linkCode=osi&th=1&psc=1">View Product</a></div><div class="product"><a href="https://www.amazon.com/dp/B0B5HN65QQ?tag=eloabder-20&linkCode=osi&th=1&psc=1"><img src="https://m.media-amazon.com/images/I/517JKm6wCpL._SL500_.jpg" alt="Product Image"></a><p>InoPro Teeth Whitening Strips 14 Treatments Kit - Sensitive Teeth Whitener, Peroxide Free, Enamel Safe Green White Strips, Deep Stains Removal - Instant Teeth Whitening Without The Harm (28 Strips)</p><p> -23% 0FF </p><p>$29.99 ($1.07 / Count)</p><a href="https://www.amazon.com/dp/B0B5HN65QQ?tag=eloabder-20&linkCode=osi&th=1&psc=1">View Product</a></div>
<div class="product"><a href="https://www.amazon.com/dp/B0072K2BMG?tag=eloabder-20&linkCode=osi&th=1&psc=1"><img src="https://m.media-amazon.com/images/I/41jVFfZ76tL._SL500_.jpg" alt="Product Image"></a><p>vH essentials, Ph Balanced Daily Feminine Wash, Tea Tree Oil & Prebiotic, 6, Fl Oz, (Pack Of 1) 54306 Clear</p><p> -18% 0FF </p><p>$6.99 ($1.16 / Fl Oz)</p><a href="https://www.amazon.com/dp/B0072K2BMG?tag=eloabder-20&linkCode=osi&th=1&psc=1">View Product</a></div><div class="product"><a href="https://www.amazon.com/dp/B0D5FZGY8W?tag=eloabder-20&linkCode=osi&th=1&psc=1"><img src="https://m.media-amazon.com/images/I/51gWW6a+5uL._SL500_.jpg" alt="Product Image"></a><p>URO Vaginal Probiotics for Women pH Balance with Prebiotics & Lactobacillus Probiotic Blend - Women's Vaginal Health Supplement - Promote Healthy Vaginal Odor & Vaginal Flora, 60 Count (Pack of 1)</p><p> -10% 0FF </p><p>$28.79 ($0.48 / Count)</p><a href="https://www.amazon.com/dp/B0D5FZGY8W?tag=eloabder-20&linkCode=osi&th=1&psc=1">View Product</a></div><div class="product"><a href="https://www.amazon.com/dp/B01IULAUJG?tag=eloabder-20&linkCode=osi&th=1&psc=1"><img src="https://m.media-amazon.com/images/I/51gWC1MsOnL._SL500_.jpg" alt="Product Image"></a><p>Always Infinity Feminine Pads for Women, Size 2, 96 Count, Heavy Flow Absorbency, with Wings, Unscented 32 Count (Pack of 3)</p><p> -35% 0FF </p><p>$17.38 ($0.18 / Count)</p><a href="https://www.amazon.com/dp/B01IULAUJG?tag=eloabder-20&linkCode=osi&th=1&psc=1">View Product</a></div><div class="product"><a href="https://www.amazon.com/dp/B0BYPLPV5P?tag=eloabder-20&linkCode=osi&th=1&psc=1"><img src="https://m.media-amazon.com/images/I/31vw19c9DUL._SL500_.jpg" alt="Product Image"></a><p>The Honey Pot Company - Anti-Itch Soothing Wipes - At Home or On the Go Medicated Feminine Wipes. Temporary Relief of Itching and Discomfort. Maximum Strength - 30 ct.</p><p> -26% 0FF </p><p>$10.39 ($0.35 / Count)</p><a href="https://www.amazon.com/dp/B0BYPLPV5P?tag=eloabder-20&linkCode=osi&th=1&psc=1">View Product</a></div><div class="product"><a href="https://www.amazon.com/dp/B08L4Q75QP?tag=eloabder-20&linkCode=osi&th=1&psc=1"><img src="https://m.media-amazon.com/images/I/41Mo8N3g62L._SL500_.jpg" alt="Product Image"></a><p>Playtex Sport Tampons, Multipack (24ct Regular/24ct Super Absorbency), Fragrance-Free - 48ct</p><p> -29% 0FF </p><p>$9.97 ($0.21 / Count)</p><a href="https://www.amazon.com/dp/B08L4Q75QP?tag=eloabder-20&linkCode=osi&th=1&psc=1">View Product</a></div>
<div class="product"><a href="https://www.amazon.com/dp/B01NCUIII2?tag=eloabder-20&linkCode=osi&th=1&psc=1"><img src="https://m.media-amazon.com/images/I/516gNXGwbTL._SL500_.jpg" alt="Product Image"></a><p>Tampax Pearl Tampons Regular Absorbency, With Leakguard Braid, Unscented, 50 Count</p><p> -10% 0FF </p><p>$9.42 ($0.19 / Count)</p><a href="https://www.amazon.com/dp/B01NCUIII2?tag=eloabder-20&linkCode=osi&th=1&psc=1">View Product</a></div><div class="product"><a href="https://www.amazon.com/dp/B077NHF4FS?tag=eloabder-20&linkCode=osi&th=1&psc=1"><img src="https://m.media-amazon.com/images/I/51oCPmCaG2L._SL500_.jpg" alt="Product Image"></a><p>Tampax Radiant Tampons Multipack, Regular/Super/Super Plus Absorbency, With Leakguard Braid, Unscented, 28 Count X 4 Packs (112 Count Total)</p><p> -7% 0FF </p><p>$29.64 ($0.26 / Count)</p><a href="https://www.amazon.com/dp/B077NHF4FS?tag=eloabder-20&linkCode=osi&th=1&psc=1">View Product</a></div><div class="product"><a href="https://www.amazon.com/dp/B083M2GP97?tag=eloabder-20&linkCode=osi&th=1&psc=1"><img src="https://m.media-amazon.com/images/I/41RnK1xUDqL._SL500_.jpg" alt="Product Image"></a><p>U by Kotex Click Compact Tampons, Super Absorbency, Unscented, 45 Count</p><p> -17% 0FF </p><p>$9.97 ($0.22 / Count)</p><a href="https://www.amazon.com/dp/B083M2GP97?tag=eloabder-20&linkCode=osi&th=1&psc=1">View Product</a></div>
<div class="product"><a href="https://www.amazon.com/dp/B01M1BLRC1?tag=eloabder-20&linkCode=osi&th=1&psc=1"><img src="https://m.media-amazon.com/images/I/51-XQGHg6iL._SL500_.jpg" alt="Product Image"></a><p>Always Maxi Overnight Pads with Wings, Size 5, Extra Heavy Overnight, Unscented, 36 Count</p><p> -5% 0FF </p><p>$10.47 ($0.29 / Count)</p><a href="https://www.amazon.com/dp/B01M1BLRC1?tag=eloabder-20&linkCode=osi&th=1&psc=1">View Product</a></div><div class="product"><a href="https://www.amazon.com/dp/B01IZ5FDNA?tag=eloabder-20&linkCode=osi&th=1&psc=1"><img src="https://m.media-amazon.com/images/I/51EuvaPNa7L._SL500_.jpg" alt="Product Image"></a><p>Always Ultra Thin Feminine Pads with Wings for Women, Super Absorbency, Unscented, Size 2, 126 Count</p><p> -33% 0FF </p><p>$16.00 ($0.13 / Count)</p><a href="https://www.amazon.com/dp/B01IZ5FDNA?tag=eloabder-20&linkCode=osi&th=1&psc=1">View Product</a></div><div class="product"><a href="https://www.amazon.com/dp/B0BG45ZMLB?tag=eloabder-20&linkCode=osi&th=1&psc=1"><img src="https://m.media-amazon.com/images/I/511-kp7efTL._SL500_.jpg" alt="Product Image"></a><p>Always Ultra Thin Daytime Pads with Wings, Size 1, Regular, Unscented, 42 Counts x 3 Packs (126 Count Total)</p><p> -28% 0FF </p><p>$15.33 ($0.12 / Count)</p><a href="https://www.amazon.com/dp/B0BG45ZMLB?tag=eloabder-20&linkCode=osi&th=1&psc=1">View Product</a></div>
<div class="product"><a href="https://www.amazon.com/dp/B086JBZW48?tag=eloabder-20&linkCode=osi&th=1&psc=1"><img src="https://m.media-amazon.com/images/I/419mX5-k8XL._SL500_.jpg" alt="Product Image"></a><p>EcoBlossom Reusable Menstrual Cup Set - The Most Reliable Medical Grade Silicone Period Cups - Comfortably use for 12 Hours (Small & Large)</p><p> -25% 0FF </p><p>$14.99 ($7.50 / Count)</p><a href="https://www.amazon.com/dp/B086JBZW48?tag=eloabder-20&linkCode=osi&th=1&psc=1">View Product</a></div><div class="product"><a href="https://www.amazon.com/dp/B0CY2QM3Q3?tag=eloabder-20&linkCode=osi&th=1&psc=1"><img src="https://m.media-amazon.com/images/I/41GsZ8ifixL._SL500_.jpg" alt="Product Image"></a><p>Reusable Menstrual Cup with Sterilizing Cup | Tampon, Pad, and Disc Alternative</p><p> -23% 0FF </p><p>$9.99</p><a href="https://www.amazon.com/dp/B0CY2QM3Q3?tag=eloabder-20&linkCode=osi&th=1&psc=1">View Product</a></div><div class="product"><a href="https://www.amazon.com/dp/B019632Z0E?tag=eloabder-20&linkCode=osi&th=1&psc=1"><img src="https://m.media-amazon.com/images/I/41q2-srqXeL._SL500_.jpg" alt="Product Image"></a><p>Pixie Menstrual Cup - No Metals or Toxins - 100% Medical-Grade Silicone - Ranked 1 for The Most Soft Reusable Period Cup - Wear 12 Hours - Tampon Alternative - Buy One We Give One (Small)</p><p> -29% 0FF </p><p>$19.95 ($19.95 / Count)</p><a href="https://www.amazon.com/dp/B019632Z0E?tag=eloabder-20&linkCode=osi&th=1&psc=1">View Product</a></div><div class="product"><a href="https://www.amazon.com/dp/B000X29GY6?tag=eloabder-20&linkCode=osi&th=1&psc=1"><img src="https://m.media-amazon.com/images/I/31-khSMUfFL._SL500_.jpg" alt="Product Image"></a><p>Softdisc Menstrual Discs | Disposable Period Discs | Tampon, Pad, and Cup Alternative | Capacity of 3 Super Tampons | HSA or FSA Eligible | 14 Count</p><p> -10% 0FF </p><p>$14.79 ($1.06 / Count)</p><a href="https://www.amazon.com/dp/B000X29GY6?tag=eloabder-20&linkCode=osi&th=1&psc=1">View Product</a></div>
<div class="product"><a href="https://www.amazon.com/dp/B01ARVVTYW?tag=eloabder-20&linkCode=osi&th=1&psc=1"><img src="https://m.media-amazon.com/images/I/41x8sgpA-CL._SL500_.jpg" alt="Product Image"></a><p>Carefree Panty Liners for Women, Regular, Wrapped, Unscented, 54ct | Pantiliners, Carefree Liners, Daily Liners for Women, Light Periods and Leaks, 8-Hour Odor Control | 54ct (Packaging May Vary)</p><p> -33% 0FF </p><p>$3.35 ($0.06 / Count)</p><a href="https://www.amazon.com/dp/B01ARVVTYW?tag=eloabder-20&linkCode=osi&th=1&psc=1">View Product</a></div><div class="product"><a href="https://www.amazon.com/dp/B00NJNJ6O6?tag=eloabder-20&linkCode=osi&th=1&psc=1"><img src="https://m.media-amazon.com/images/I/41J8A9AcBLL._SL500_.jpg" alt="Product Image"></a><p>Carefree Panty Liners for Women, Regular, Unwrapped, Unscented, 120ct | Pantiliners, Carefree Liners, Daily Liners for Women, Light Periods and Leaks, 8-Hour Odor Control | 120ct (Packaging May Vary)</p><p> -35% 0FF </p><p>$6.14 ($0.05 / Count)</p><a href="https://www.amazon.com/dp/B00NJNJ6O6?tag=eloabder-20&linkCode=osi&th=1&psc=1">View Product</a></div><div class="product"><a href="https://www.amazon.com/dp/B00UASJJX6?tag=eloabder-20&linkCode=osi&th=1&psc=1"><img src="https://m.media-amazon.com/images/I/41NJQqZQrOL._SL500_.jpg" alt="Product Image"></a><p>U by Kotex Balance Wrapped Panty Liners, Regular Length, 80 Count (Packaging May Vary)</p><p> -38% 0FF </p><p>$4.99 ($0.06 / Count)</p><a href="https://www.amazon.com/dp/B00UASJJX6?tag=eloabder-20&linkCode=osi&th=1&psc=1">View Product</a></div><div class="product"><a href="https://www.amazon.com/dp/B00UASJM1K?tag=eloabder-20&linkCode=osi&th=1&psc=1"><img src="https://m.media-amazon.com/images/I/41m0POFpI4L._SL500_.jpg" alt="Product Image"></a><p>U by Kotex Balance Daily Wrapped Panty Liners, Light Absorbency, Regular Length, 100 Count (Packaging May Vary)</p><p> -22% 0FF </p><p>$6.24 ($0.06 / Count)</p><a href="https://www.amazon.com/dp/B00UASJM1K?tag=eloabder-20&linkCode=osi&th=1&psc=1">View Product</a></div>
<div class="product"><a href="https://www.amazon.com/dp/B076HFFX3J?tag=eloabder-20&linkCode=osi&th=1&psc=1"><img src="https://m.media-amazon.com/images/I/410TtiZGkvL._SL500_.jpg" alt="Product Image"></a><p>Summer's Eve Simply Sensitive Daily Gentle Feminine Wipes, Removes Odor, pH balanced, 32 count, 4 Pack</p><p> -11% 0FF </p><p>$15.12 ($0.12 / Count)</p><a href="https://www.amazon.com/dp/B076HFFX3J?tag=eloabder-20&linkCode=osi&th=1&psc=1">View Product</a></div><div class="product"><a href="https://www.amazon.com/dp/B01FV02YZ2?tag=eloabder-20&linkCode=osi&th=1&psc=1"><img src="https://m.media-amazon.com/images/I/41mq0T4rupL._SL500_.jpg" alt="Product Image"></a><p>Always Feminine Wipes, Fresh & Clean, Soft Pack, 32 Count</p><p> -42% 0FF </p><p>$3.79 ($0.12 / Count)</p><a href="https://www.amazon.com/dp/B01FV02YZ2?tag=eloabder-20&linkCode=osi&th=1&psc=1">View Product</a></div><div class="product"><a href="https://www.amazon.com/dp/B0D1KXV9ZS?tag=eloabder-20&linkCode=osi&th=1&psc=1"><img src="https://m.media-amazon.com/images/I/311Liu9BWoL._SL500_.jpg" alt="Product Image"></a><p>Vagisil pH Balance Daily Freshening Wipes for Feminine Hygiene in Resealable Pouch, Gynecologist Tested & Hypoallergenic, 20 Wipes (Pack of 1)</p><p> -40% 0FF </p><p>$2.97 ($0.15 / Count)</p><a href="https://www.amazon.com/dp/B0D1KXV9ZS?tag=eloabder-20&linkCode=osi&th=1&psc=1">View Product</a></div><div class="product"><a href="https://www.amazon.com/dp/B078JG7HWT?tag=eloabder-20&linkCode=osi&th=1&psc=1"><img src="https://m.media-amazon.com/images/I/31xeOLgbUdL._SL500_.jpg" alt="Product Image"></a><p>The Honey Pot Company - Feminine Wipes - Daily PH Balancing, Fragrance & Sulfate Free Wipes for Intimate Parts, Body, or Face - Feminine Products - Sensitive 30 ct.</p><p> -28% 0FF </p><p>$7.91 ($0.26 / Count)</p><a href="https://www.amazon.com/dp/B078JG7HWT?tag=eloabder-20&linkCode=osi&th=1&psc=1">View Product</a></div>
<div class="product"><a href="https://www.amazon.com/dp/B0735Q681B?tag=eloabder-20&linkCode=osi&th=1&psc=1"><img src="https://m.media-amazon.com/images/I/41GSnrtq3-L._SL500_.jpg" alt="Product Image"></a><p>SKYN Elite – 36 Count – Ultra-Thin, Lubricated Latex-Free Condoms</p><p> -16% 0FF </p><p>$15.99 ($0.44 / Count)</p><a href="https://www.amazon.com/dp/B0735Q681B?tag=eloabder-20&linkCode=osi&th=1&psc=1">View Product</a></div><div class="product"><a href="https://www.amazon.com/dp/B0073RKL2U?tag=eloabder-20&linkCode=osi&th=1&psc=1"><img src="https://m.media-amazon.com/images/I/51sxGCFULDL._SL500_.jpg" alt="Product Image"></a><p>TROJAN Pleasure Pack Assorted Condoms, Lubricated Condoms Value Pack, 36 Count</p><p> -32% 0FF </p><p>$11.97 ($0.33 / Count)</p><a href="https://www.amazon.com/dp/B0073RKL2U?tag=eloabder-20&linkCode=osi&th=1&psc=1">View Product</a></div><div class="product"><a href="https://www.amazon.com/dp/B0073RBUZ2?tag=eloabder-20&linkCode=osi&th=1&psc=1"><img src="https://m.media-amazon.com/images/I/41xsciTqR7L._SL500_.jpg" alt="Product Image"></a><p>TROJAN Ultra Thin Condoms For Ultra Sensitivity, Lubricated Condoms for Men, America’s Number One Condom, 36 Count Value Pack</p><p> -30% 0FF </p><p>$11.24 ($0.31 / Count)</p><a href="https://www.amazon.com/dp/B0073RBUZ2?tag=eloabder-20&linkCode=osi&th=1&psc=1">View Product</a></div><div class="product"><a href="https://www.amazon.com/dp/B0946VTR1Y?tag=eloabder-20&linkCode=osi&th=1&psc=1"><img src="https://m.media-amazon.com/images/I/41VsQAsg3DL._SL500_.jpg" alt="Product Image"></a><p>TROJAN BareSkin Raw Thin Condoms, Lubricated Condoms For Men, America’s Number One Condom Brand, 24 Count Pack</p><p> -25% 0FF </p><p>$13.07 ($0.54 / Count)</p><a href="https://www.amazon.com/dp/B0946VTR1Y?tag=eloabder-20&linkCode=osi&th=1&psc=1">View Product</a></div><div class="product"><a href="https://www.amazon.com/dp/B0073R7TWU?tag=eloabder-20&linkCode=osi&th=1&psc=1"><img src="https://m.media-amazon.com/images/I/414DiUf9FbL._SL500_.jpg" alt="Product Image"></a><p>TROJAN ENZ Lubricated Condoms, Latex Condoms For Contraception and STI Protection, America’s Number One Condom, 36 Count Value Pack</p><p> -54% 0FF </p><p>$9.26 ($0.26 / Count)</p><a href="https://www.amazon.com/dp/B0073R7TWU?tag=eloabder-20&linkCode=osi&th=1&psc=1">View Product</a></div><div class="product"><a href="https://www.amazon.com/dp/B097F5B2CW?tag=eloabder-20&linkCode=osi&th=1&psc=1"><img src="https://m.media-amazon.com/images/I/51bEsCRMIxL._SL500_.jpg" alt="Product Image"></a><p>Trojan Bareskin Variety Pack Every Thin Premium Lubricated Condoms - 24 Count</p><p> -28% 0FF </p><p>$11.49 ($0.48 / Count)</p><a href="https://www.amazon.com/dp/B097F5B2CW?tag=eloabder-20&linkCode=osi&th=1&psc=1">View Product</a></div><div class="product"><a href="https://www.amazon.com/dp/B004WDRCTI?tag=eloabder-20&linkCode=osi&th=1&psc=1"><img src="https://m.media-amazon.com/images/I/51arxJlXsUL._SL500_.jpg" alt="Product Image"></a><p>TROJAN EXTENDED PLEASURE Climax Control Extended Pleasure Condoms, 12 Count</p><p> -27% 0FF </p><p>$7.98 ($0.66 / Count)</p><a href="https://www.amazon.com/dp/B004WDRCTI?tag=eloabder-20&linkCode=osi&th=1&psc=1">View Product</a></div><div class="product"><a href="https://www.amazon.com/dp/B0083HLPLA?tag=eloabder-20&linkCode=osi&th=1&psc=1"><img src="https://m.media-amazon.com/images/I/51EQMHCwVYL._SL500_.jpg" alt="Product Image"></a><p>TROJAN Magnum Lubricated Large Condoms, Comfortable and Smooth Lubricated Condoms for Men, America’s Number One Condom, 36 Count Pack</p><p> -36% 0FF </p><p>$15.47 ($0.43 / Count)</p><a href="https://www.amazon.com/dp/B0083HLPLA?tag=eloabder-20&linkCode=osi&th=1&psc=1">View Product</a></div><div class="product"><a href="https://www.amazon.com/dp/B004N731ZM?tag=eloabder-20&linkCode=osi&th=1&psc=1"><img src="https://m.media-amazon.com/images/I/41woyNNX1QL._SL500_.jpg" alt="Product Image"></a><p>Lifestyles Skyn Polyisoprene Condoms, 12 Count (Pack of 1)</p><p> -13% 0FF </p><p>$6.99 ($0.58 / Count)</p><a href="https://www.amazon.com/dp/B004N731ZM?tag=eloabder-20&linkCode=osi&th=1&psc=1">View Product</a></div><div class="product"><a href="https://www.amazon.com/dp/B0CD85PD5K?tag=eloabder-20&linkCode=osi&th=1&psc=1"><img src="https://m.media-amazon.com/images/I/51YMzd0CMKL._SL500_.jpg" alt="Product Image"></a><p>Durex Condoms Adventure Pack | Mix of Smooth & Ribbed Condoms Bulk | Condom Variety Pack | Regular Fit Latex Condoms (Includes Durex Extra Sensitive Smooth, Stimulating, & Performax Intense), 144 ct</p><p> -20% 0FF </p><p>$28.00 ($0.19 / Count)</p><a href="https://www.amazon.com/dp/B0CD85PD5K?tag=eloabder-20&linkCode=osi&th=1&psc=1">View Product</a></div>
<div class="product"><a href="https://www.amazon.com/dp/B000CLTYCW?tag=eloabder-20&linkCode=osi&th=1&psc=1"><img src="https://m.media-amazon.com/images/I/41OOYdcG-QL._SL500_.jpg" alt="Product Image"></a><p>Astroglide Water Based Lube (5oz), Liquid Personal Lubricant, Sex Lube, Long-Lasting for Men, Women and Couples, Safe for Toys</p><p> -38% 0FF </p><p>$7.48 ($1.50 / Fl Oz)</p><a href="https://www.amazon.com/dp/B000CLTYCW?tag=eloabder-20&linkCode=osi&th=1&psc=1">View Product</a></div><div class="product"><a href="https://www.amazon.com/dp/B00008NFL0?tag=eloabder-20&linkCode=osi&th=1&psc=1"><img src="https://m.media-amazon.com/images/I/41ZksVV7iHL._SL500_.jpg" alt="Product Image"></a><p>Astroglide Water Based Lube (4oz), Ultra Gentle Gel Personal Lubricant for Vaginal and Anal Sex, Stays Put with No Drip, Sex Lube, Long-Lasting for Men, Women and Couples, Safe for Toys</p><p> -11% 0FF </p><p>$3.98 ($1.00 / Ounce)</p><a href="https://www.amazon.com/dp/B00008NFL0?tag=eloabder-20&linkCode=osi&th=1&psc=1">View Product</a></div><div class="product"><a href="https://www.amazon.com/dp/B00B29WMIQ?tag=eloabder-20&linkCode=osi&th=1&psc=1"><img src="https://m.media-amazon.com/images/I/41N3u7LtJBL._SL500_.jpg" alt="Product Image"></a><p>Lubricant, Durex Massage Gel & Personal Lubricant, Durex Massage & Play 2 in 1 Lubricant, 6.76 oz., Soothing Touch with Aloe Vera</p><p> -11% 0FF </p><p>$9.68 ($1.43 / Fl Oz)</p><a href="https://www.amazon.com/dp/B00B29WMIQ?tag=eloabder-20&linkCode=osi&th=1&psc=1">View Product</a></div><div class="product"><a href="https://www.amazon.com/dp/B004GW9GXU?tag=eloabder-20&linkCode=osi&th=1&psc=1"><img src="https://m.media-amazon.com/images/I/41ubL2N3JBL._SL500_.jpg" alt="Product Image"></a><p>K-Y Ultragel Water Based Personal Lubricant, pH Balanced Lube, Paraben Free, Non-Sticky, Non-Staining, 4.5 fl oz</p><p> -28% 0FF </p><p>$9.99 ($2.22 / Fl Oz)</p><a href="https://www.amazon.com/dp/B004GW9GXU?tag=eloabder-20&linkCode=osi&th=1&psc=1">View Product</a></div>
<div class="product"><a href="https://www.amazon.com/dp/B07BGLT25K?tag=eloabder-20&linkCode=osi&th=1&psc=1"><img src="https://m.media-amazon.com/images/I/51E4cTD1y1L._SL500_.jpg" alt="Product Image"></a><p>Scott ComfortPlus Toilet Paper, 12 Double Rolls, 231 Sheets per Roll, Septic-Safe, 1-Ply Toilet Tissue</p><p> -12% 0FF </p><p>$5.68 ($0.20 / 100 Sheets)</p><a href="https://www.amazon.com/dp/B07BGLT25K?tag=eloabder-20&linkCode=osi&th=1&psc=1">View Product</a></div><div class="product"><a href="https://www.amazon.com/dp/B08L7KWMBQ?tag=eloabder-20&linkCode=osi&th=1&psc=1"><img src="https://m.media-amazon.com/images/I/41Fk482WEaL._SL500_.jpg" alt="Product Image"></a><p>kingheroes Electric Toothbrush Set, Comes with 8 Brush Heads & Travel Case,4 Modes with 2 Minutes Built in Smart Timer, One Charge for 60 Days, 42000 VPM Motor (Pink)</p><p> -75% 0FF </p><p>$9.99</p><a href="https://www.amazon.com/dp/B08L7KWMBQ?tag=eloabder-20&linkCode=osi&th=1&psc=1">View Product</a></div><div class="product"><a href="https://www.amazon.com/dp/B0CFHDV2S8?tag=eloabder-20&linkCode=osi&th=1&psc=1"><img src="https://m.media-amazon.com/images/I/41xOOYd+igL._SL500_.jpg" alt="Product Image"></a><p>Breiboz Pimple Patches for Face, Hydrocolloid Acne Patches, Zit Patches for Day and Night Invisible with Tea Tree, Salicylic Acid & Cica Oil</p><p> -82% 0FF </p><p>$9.09 ($0.03 / Count)</p><a href="https://www.amazon.com/dp/B0CFHDV2S8?tag=eloabder-20&linkCode=osi&th=1&psc=1">View Product</a></div><div class="product"><a href="https://www.amazon.com/dp/B0CDZJ9JJC?tag=eloabder-20&linkCode=osi&th=1&psc=1"><img src="https://m.media-amazon.com/images/I/51eaQ4M7l3L._SL500_.jpg" alt="Product Image"></a><p>Charmin Ultra Soft Toilet Paper 6 Mega Rolls = 24 Regular Rolls</p><p> -27% 0FF </p><p>$7.97 ($0.59 / 100 Sheets)</p><a href="https://www.amazon.com/dp/B0CDZJ9JJC?tag=eloabder-20&linkCode=osi&th=1&psc=1">View Product</a></div><div class="product"><a href="https://www.amazon.com/dp/B09NW92T8Q?tag=eloabder-20&linkCode=osi&th=1&psc=1"><img src="https://m.media-amazon.com/images/I/5125ACWy+CL._SL500_.jpg" alt="Product Image"></a><p>Sparkle Pick-A-Size Paper Towels, 6 Double Rolls = 12 Regular Rolls, Everyday Value Paper Towel With Full And Half Sheets</p><p> -13% 0FF </p><p>$7.28 ($1.10 / 100 Sheets)</p><a href="https://www.amazon.com/dp/B09NW92T8Q?tag=eloabder-20&linkCode=osi&th=1&psc=1">View Product</a></div><div class="product"><a href="https://www.amazon.com/dp/B0CKK43XXS?tag=eloabder-20&linkCode=osi&th=1&psc=1"><img src="https://m.media-amazon.com/images/I/51H5mXFgbsL._SL500_.jpg" alt="Product Image"></a><p>Scott Paper Towels, Choose-A-Sheet, 6 Double Rolls = 12 Regular Rolls (100 Sheets Per Roll)</p><p> -20% 0FF </p><p>$6.84 ($1.14 / 100 Sheets)</p><a href="https://www.amazon.com/dp/B0CKK43XXS?tag=eloabder-20&linkCode=osi&th=1&psc=1">View Product</a></div><div class="product"><a href="https://www.amazon.com/dp/B09NW83XJ2?tag=eloabder-20&linkCode=osi&th=1&psc=1"><img src="https://m.media-amazon.com/images/I/51vCc1LlPYL._SL500_.jpg" alt="Product Image"></a><p>Sparkle Pick-A-Size Paper Towels, Spirited Prints, 6 Double Rolls = 12 Regular Rolls, Everyday Value Paper Towel With Full And Half Sheets</p><p> -13% 0FF </p><p>$7.28 ($1.10 / 100 Sheets)</p><a href="https://www.amazon.com/dp/B09NW83XJ2?tag=eloabder-20&linkCode=osi&th=1&psc=1">View Product</a></div>



<div class="product"><a href="https://www.amazon.com/dp/B07KRMQ8W6?tag=eloabder-20&linkCode=osi&th=1&psc=1"><img src="https://m.media-amazon.com/images/I/31-2HjYAfiL._SL500_.jpg" alt="Product Image"></a><p>Bactine MAX First Aid Spray - Pain Relief Cleansing Spray with 4% Lidocaine - Numbing Lidocaine Spray Kills 99.9% of Germs - Pain + Itch Relief for Minor Cuts & Scrapes, Burns & Bug Bites - 5oz</p><p> -28% 0FF </p><p>$5.74 ($1.15 / Fl Oz)</p><a href="https://www.amazon.com/dp/B07KRMQ8W6?tag=eloabder-20&linkCode=osi&th=1&psc=1">View Product</a></div><div class="product"><a href="https://www.amazon.com/dp/B010VE7BS8?tag=eloabder-20&linkCode=osi&th=1&psc=1"><img src="https://m.media-amazon.com/images/I/41qfuMfsQoL._SL500_.jpg" alt="Product Image"></a><p>Band-Aid Brand Cushion Care Non-Stick Gauze Pads, Individually-Wrapped, Medium, 3 in x 3 in, 10 ct</p><p> -33% 0FF </p><p>$2.28 ($0.23 / Count)</p><a href="https://www.amazon.com/dp/B010VE7BS8?tag=eloabder-20&linkCode=osi&th=1&psc=1">View Product</a></div><div class="product"><a href="https://www.amazon.com/dp/B09RD87NGV?tag=eloabder-20&linkCode=osi&th=1&psc=1"><img src="https://m.media-amazon.com/images/I/418Vl5rxFQL._SL500_.jpg" alt="Product Image"></a><p>Nexcare Gentle Paper Tape, Medical Paper Tape, Secures Dressings and Lifts Away Gently - 1 In x 10 Yds, 2 Rolls of Tape</p><p> -37% 0FF </p><p>$3.99 ($2.00 / Count)</p><a href="https://www.amazon.com/dp/B09RD87NGV?tag=eloabder-20&linkCode=osi&th=1&psc=1">View Product</a></div><div class="product"><a href="https://www.amazon.com/dp/B0BQWYRXPT?tag=eloabder-20&linkCode=osi&th=1&psc=1"><img src="https://m.media-amazon.com/images/I/411xH4LwE1L._SL500_.jpg" alt="Product Image"></a><p>Dermoplast Wound Wipes Medicated First Aid Cloths, Analgesic & Antiseptic Wipes for Treating Minor Cuts, Scrapes and Burns on The Go, Sting Free Formula, 10 Individual Cloths (Packaging May Vary)</p><p> -38% 0FF </p><p>$8.00 ($0.80 / Count)</p><a href="https://www.amazon.com/dp/B0BQWYRXPT?tag=eloabder-20&linkCode=osi&th=1&psc=1">View Product</a></div><div class="product"><a href="https://www.amazon.com/dp/B09N1R2WSS?tag=eloabder-20&linkCode=osi&th=1&psc=1"><img src="https://m.media-amazon.com/images/I/31Y2u8YVFiL._SL500_.jpg" alt="Product Image"></a><p>Band-Aid Brand Pain Relieving Antiseptic Cleansing Spray, Pramoxine HCl, 8 fl. Oz</p><p> -5% 0FF </p><p>$8.02 ($1.00 / Fl Oz)</p><a href="https://www.amazon.com/dp/B09N1R2WSS?tag=eloabder-20&linkCode=osi&th=1&psc=1">View Product</a></div><div class="product"><a href="https://www.amazon.com/dp/B076FS9RYL?tag=eloabder-20&linkCode=osi&th=1&psc=1"><img src="https://m.media-amazon.com/images/I/51A3wOry1oL._SL500_.jpg" alt="Product Image"></a><p>General Medi 160 Piece First Aid Kit Bag Refill Kit - Includes Eyewash, Instant Cold Pack, Bandages,Emergency Blanket, Moleskin Pad, Gauze - Extra Replacement Medical Supplies for First Aid</p><p> -25% 0FF </p><p>$14.95</p><a href="https://www.amazon.com/dp/B076FS9RYL?tag=eloabder-20&linkCode=osi&th=1&psc=1">View Product</a></div>
<div class="product"><a href="https://www.amazon.com/dp/B07W7BHM2R?tag=eloabder-20&linkCode=osi&th=1&psc=1"><img src="https://m.media-amazon.com/images/I/41tq1TfsR6L._SL500_.jpg" alt="Product Image"></a><p>Fanwer Toilet Aids for Wiping - 15.7" Long Reach Comfort Butt Wiper Tools - Bathroom Bottom Buddy Wiping Self Assist for Disabled,Elderly,Pregnant,Overweight People and Back Surgery Recovery (2 Pack)</p><p> -12% 0FF </p><p>$14.99 ($7.50 / Count)</p><a href="https://www.amazon.com/dp/B07W7BHM2R?tag=eloabder-20&linkCode=osi&th=1&psc=1">View Product</a></div><div class="product"><a href="https://www.amazon.com/dp/B0151FP9AY?tag=eloabder-20&linkCode=osi&th=1&psc=1"><img src="https://m.media-amazon.com/images/I/31aU3GgS78S._SL500_.jpg" alt="Product Image"></a><p>Juvo Toilet Aid - 18” Long Reach Personal Wiping Aid with Hygienic Cover - Easy Use Comfort Self Wiper for Toileting (SATA01)</p><p> -11% 0FF </p><p>$24.99</p><a href="https://www.amazon.com/dp/B0151FP9AY?tag=eloabder-20&linkCode=osi&th=1&psc=1">View Product</a></div><div class="product"><a href="https://www.amazon.com/dp/B0BFB93583?tag=eloabder-20&linkCode=osi&th=1&psc=1"><img src="https://m.media-amazon.com/images/I/310TRP10uvL._SL500_.jpg" alt="Product Image"></a><p>Toilet Aids Set for Wiping - Long Handle Butt Wiper for People Overweight, Elderly and Disabled, Bottom Buddy Wiping Aid for Bathroom ( 4PCS Personal Hygiene Kit )</p><p> -43% 0FF </p><p>$19.95 ($19.95 / Count)</p><a href="https://www.amazon.com/dp/B0BFB93583?tag=eloabder-20&linkCode=osi&th=1&psc=1">View Product</a></div>



<div class="product"><a href="https://www.amazon.com/dp/B000Q6WAFG?tag=eloabder-20&linkCode=osi&th=1&psc=1"><img src="https://m.media-amazon.com/images/I/31LASXSqc+L._SL500_.jpg" alt="Product Image"></a><p>Gillette Shaving Cream</p><p> -5% 0FF </p><p>$2.47 ($0.22 / Ounce)</p><a href="https://www.amazon.com/dp/B000Q6WAFG?tag=eloabder-20&linkCode=osi&th=1&psc=1">View Product</a></div><div class="product"><a href="https://www.amazon.com/dp/B01CKC8O9Y?tag=eloabder-20&linkCode=osi&th=1&psc=1"><img src="https://m.media-amazon.com/images/I/31e7qUv0w3L._SL500_.jpg" alt="Product Image"></a><p>Cremo Barber Grade Cooling Shave Cream, Astonishingly Superior Ultra-Slick Shaving Cream for Men, Fights Nicks, Cuts and Razor Burn, 6 Fl Oz</p><p> -20% 0FF </p><p>$7.97 ($1.33 / Ounce)</p><a href="https://www.amazon.com/dp/B01CKC8O9Y?tag=eloabder-20&linkCode=osi&th=1&psc=1">View Product</a></div><div class="product"><a href="https://www.amazon.com/dp/B08QB3V7HK?tag=eloabder-20&linkCode=osi&th=1&psc=1"><img src="https://m.media-amazon.com/images/I/51C8qpNYbWL._SL500_.jpg" alt="Product Image"></a><p>Skintimate Coconut Delight Shave Gel for Women, 3 Pack | Skintimate Shaving Cream for Women, Womens Shaving Cream, Shave Cream, Shaving Foam, Womens Shave Gel, Pack of 3, 7oz each</p><p> -19% 0FF </p><p>$9.71 ($0.46 / Ounce)</p><a href="https://www.amazon.com/dp/B08QB3V7HK?tag=eloabder-20&linkCode=osi&th=1&psc=1">View Product</a></div><div class="product"><a href="https://www.amazon.com/dp/B07C8XGF63?tag=eloabder-20&linkCode=osi&th=1&psc=1"><img src="https://m.media-amazon.com/images/I/41EST2aAOmL._SL500_.jpg" alt="Product Image"></a><p>Cremo Barber Grade Original Shave Cream Classic Citrus Moisturizing Formula, Astonishingly Superior Ultra-Slick Shaving Cream Fights Nicks, Cuts and Razor Burn, 6 Fl Oz (2 Pack)</p><p> -20% 0FF </p><p>$15.94 ($1.33 / Fl Oz)</p><a href="https://www.amazon.com/dp/B07C8XGF63?tag=eloabder-20&linkCode=osi&th=1&psc=1">View Product</a></div><div class="product"><a href="https://www.amazon.com/dp/B00Q1L9Q0W?tag=eloabder-20&linkCode=osi&th=1&psc=1"><img src="https://m.media-amazon.com/images/I/41m5NDPkYuL._SL500_.jpg" alt="Product Image"></a><p>Barbasol Thick & Rich Shaving Cream, Original 10 oz (Value Pack of 3)</p><p> -40% 0FF </p><p>$11.44 ($3.81 / Count)</p><a href="https://www.amazon.com/dp/B00Q1L9Q0W?tag=eloabder-20&linkCode=osi&th=1&psc=1">View Product</a></div>
<div class="product"><a href="https://www.amazon.com/dp/B0001LQGPG?tag=eloabder-20&linkCode=osi&th=1&psc=1"><img src="https://m.media-amazon.com/images/I/51V5N3IVEwL._SL500_.jpg" alt="Product Image"></a><p>Gillette Sensor3 Sensitive Men's Disposable Razor, 4 Razors</p><p> -22% 0FF </p><p>$6.97 ($1.74 / Count)</p><a href="https://www.amazon.com/dp/B0001LQGPG?tag=eloabder-20&linkCode=osi&th=1&psc=1">View Product</a></div><div class="product"><a href="https://www.amazon.com/dp/B002L5WFT6?tag=eloabder-20&linkCode=osi&th=1&psc=1"><img src="https://m.media-amazon.com/images/I/413g3af4kiL._SL500_.jpg" alt="Product Image"></a><p>BIC Soleil Smooth Scented Women’s Disposable Razor, 3 Blades with a Moisture Strip For a Silky Shave, Assorted, 4 Piece Razor Set</p><p> -51% 0FF </p><p>$4.92 ($1.23 / Count)</p><a href="https://www.amazon.com/dp/B002L5WFT6?tag=eloabder-20&linkCode=osi&th=1&psc=1">View Product</a></div><div class="product"><a href="https://www.amazon.com/dp/B0787JNN97?tag=eloabder-20&linkCode=osi&th=1&psc=1"><img src="https://m.media-amazon.com/images/I/41H+SqazA0L._SL500_.jpg" alt="Product Image"></a><p>BIC Soleil Smooth Colors Women's Disposable Razors With Aloe Vera and vitamin E Lubricating Strip for Enhanced Glide, With 3 Blades, 14 Count</p><p> -39% 0FF </p><p>$13.95 ($1.00 / Count)</p><a href="https://www.amazon.com/dp/B0787JNN97?tag=eloabder-20&linkCode=osi&th=1&psc=1">View Product</a></div><div class="product"><a href="https://www.amazon.com/dp/B08J94S65H?tag=eloabder-20&linkCode=osi&th=1&psc=1"><img src="https://m.media-amazon.com/images/I/51K2Cnt2eRL._SL500_.jpg" alt="Product Image"></a><p>Schick Xtreme 3 Original Razor — Disposable Head Razor for Sensitive Skin, 12 Count</p><p> -12% 0FF </p><p>$14.97 ($1.25 / Count)</p><a href="https://www.amazon.com/dp/B08J94S65H?tag=eloabder-20&linkCode=osi&th=1&psc=1">View Product</a></div>
<div class="product"><a href="https://www.amazon.com/dp/B01HTJTPZA?tag=eloabder-20&linkCode=osi&th=1&psc=1"><img src="https://m.media-amazon.com/images/I/618IrjjMkUL._SL500_.jpg" alt="Product Image"></a><p>Dove Advanced Care Antiperspirant Deodorant Stick Cool Essentials 4 ct for helping your skin barrier repair after shaving 72 hour odor control and sweat protection with Pro Ceramide Technology 2.6 oz</p><p> -43% 0FF </p><p>$13.98 ($1.34 / Ounce)</p><a href="https://www.amazon.com/dp/B01HTJTPZA?tag=eloabder-20&linkCode=osi&th=1&psc=1">View Product</a></div><div class="product"><a href="https://www.amazon.com/dp/B01HTJTMF8?tag=eloabder-20&linkCode=osi&th=1&psc=1"><img src="https://m.media-amazon.com/images/I/61k+x5yZyML._SL500_.jpg" alt="Product Image"></a><p>Dove Men + Care Antiperspirant Deodorant, 72hr Sweat & Odor Protection, Vitamin E, Triple Moisturizer, 4 Pack</p><p> -21% 0FF </p><p>$15.48 ($1.43 / Ounce)</p><a href="https://www.amazon.com/dp/B01HTJTMF8?tag=eloabder-20&linkCode=osi&th=1&psc=1">View Product</a></div><div class="product"><a href="https://www.amazon.com/dp/B072J2ZBPY?tag=eloabder-20&linkCode=osi&th=1&psc=1"><img src="https://m.media-amazon.com/images/I/41Th2KQyzlL._SL500_.jpg" alt="Product Image"></a><p>Degree Men UltraClear Antiperspirant Deodorant Black + White 72-Hour Sweat & Odor Protection Antiperspirant For Men With MotionSense Technology 2.7 Ounce (Pack of 4)</p><p> -19% 0FF </p><p>$15.96 ($1.48 / Ounce)</p><a href="https://www.amazon.com/dp/B072J2ZBPY?tag=eloabder-20&linkCode=osi&th=1&psc=1">View Product</a></div><div class="product"><a href="https://www.amazon.com/dp/B0080PEM3S?tag=eloabder-20&linkCode=osi&th=1&psc=1"><img src="https://m.media-amazon.com/images/I/61a+r3V48HL._SL500_.jpg" alt="Product Image"></a><p>Degree Advanced Protection Antiperspirant Deodorant White Flowers & Lychee for 72-Hour Sweat & Odor Control for Women, with Body Heat Activated Technology, 2.6 oz</p><p> -6% 0FF </p><p>$4.99 ($1.92 / Ounce)</p><a href="https://www.amazon.com/dp/B0080PEM3S?tag=eloabder-20&linkCode=osi&th=1&psc=1">View Product</a></div><div class="product"><a href="https://www.amazon.com/dp/B08ZH6P1NY?tag=eloabder-20&linkCode=osi&th=1&psc=1"><img src="https://m.media-amazon.com/images/I/51D2Klixa3L._SL500_.jpg" alt="Product Image"></a><p>Speed Stick Men's Deodorant, Regular, 3 Ounce, 4 Pack</p><p> -10% 0FF </p><p>$8.97 ($0.75 / Ounce)</p><a href="https://www.amazon.com/dp/B08ZH6P1NY?tag=eloabder-20&linkCode=osi&th=1&psc=1">View Product</a></div><div class="product"><a href="https://www.amazon.com/dp/B002VUAM46?tag=eloabder-20&linkCode=osi&th=1&psc=1"><img src="https://m.media-amazon.com/images/I/51+tUdTWg0L._SL500_.jpg" alt="Product Image"></a><p>Degree Men Antiperspirant Deodorant Adventure Freshness and Odor Protection Deodorant for Men 2.7 Oz, (Pack of 4) Woodsy, Stick</p><p> -39% 0FF </p><p>$11.98 ($1.11 / Ounce)</p><a href="https://www.amazon.com/dp/B002VUAM46?tag=eloabder-20&linkCode=osi&th=1&psc=1">View Product</a></div>
<div class="product"><a href="https://www.amazon.com/dp/B0BV4SCSBH?tag=eloabder-20&linkCode=osi&th=1&psc=1"><img src="https://m.media-amazon.com/images/I/61TxQVLN5DL._SL500_.jpg" alt="Product Image"></a><p>Dove Body Wash Deep Moisture 4 Count For Dry Skin Moisturizing Skin Cleanser with 24hr Renewing MicroMoisture Nourishes The Driest Skin 20 oz</p><p> -24% 0FF </p><p>$19.70 ($0.25 / Fl Oz)</p><a href="https://www.amazon.com/dp/B0BV4SCSBH?tag=eloabder-20&linkCode=osi&th=1&psc=1">View Product</a></div><div class="product"><a href="https://www.amazon.com/dp/B082QB23YG?tag=eloabder-20&linkCode=osi&th=1&psc=1"><img src="https://m.media-amazon.com/images/I/31QPAuuaLwL._SL500_.jpg" alt="Product Image"></a><p>NIVEA Refreshing White Peach and Jasmine Body Wash, Scented Body Wash with Nourishing Serum, Plant-Derived Oils, Essential Skin Lipids and Vitamins, 20 Fl Oz Bottle</p><p> -25% 0FF </p><p>$6.00 ($0.30 / Fl Oz)</p><a href="https://www.amazon.com/dp/B082QB23YG?tag=eloabder-20&linkCode=osi&th=1&psc=1">View Product</a></div><div class="product"><a href="https://www.amazon.com/dp/B0BT1VXDGD?tag=eloabder-20&linkCode=osi&th=1&psc=1"><img src="https://m.media-amazon.com/images/I/217eAv7yKyL._SL500_.jpg" alt="Product Image"></a><p>Method Body Wash, Pure Peace, Paraben and Phthalate Free, Biodegradable Formula, 28 oz (Pack of 1)</p><p> -13% 0FF </p><p>$9.99 ($0.36 / Fl Oz)</p><a href="https://www.amazon.com/dp/B0BT1VXDGD?tag=eloabder-20&linkCode=osi&th=1&psc=1">View Product</a></div><div class="product"><a href="https://www.amazon.com/dp/B0CK51LYDN?tag=eloabder-20&linkCode=osi&th=1&psc=1"><img src="https://m.media-amazon.com/images/I/51oaEavRWNL._SL500_.jpg" alt="Product Image"></a><p>Dr Teal's Body Wash with Pure Epsom Salt, Glow & Radiance with Vitamin C & Citrus Essential Oils, 24oz (Pack of 2) (Packaging May Vary)</p><p> -23% 0FF </p><p>$10.00 ($0.21 / Fl Oz)</p><a href="https://www.amazon.com/dp/B0CK51LYDN?tag=eloabder-20&linkCode=osi&th=1&psc=1">View Product</a></div><div class="product"><a href="https://www.amazon.com/dp/B0BT1WN3ZD?tag=eloabder-20&linkCode=osi&th=1&psc=1"><img src="https://m.media-amazon.com/images/I/21GMn0pFzCL._SL500_.jpg" alt="Product Image"></a><p>Method Body Wash, Sea + Surf, Paraben and Phthalate Free, Biodegradable Formula, 28 oz, (Pack of 1)</p><p> -13% 0FF </p><p>$9.99 ($0.36 / Fl Oz)</p><a href="https://www.amazon.com/dp/B0BT1WN3ZD?tag=eloabder-20&linkCode=osi&th=1&psc=1">View Product</a></div><div class="product"><a href="https://www.amazon.com/dp/B0BT1WL6KY?tag=eloabder-20&linkCode=osi&th=1&psc=1"><img src="https://m.media-amazon.com/images/I/21jeYtt0GbL._SL500_.jpg" alt="Product Image"></a><p>Method Body Wash, Simply Nourish, Paraben and Phthalate Free, Biodegradable Formula, 28 oz (Pack of 1)</p><p> -20% 0FF </p><p>$11.00 ($0.39 / Fl Oz)</p><a href="https://www.amazon.com/dp/B0BT1WL6KY?tag=eloabder-20&linkCode=osi&th=1&psc=1">View Product</a></div><div class="product"><a href="https://www.amazon.com/dp/B082QBPDJC?tag=eloabder-20&linkCode=osi&th=1&psc=1"><img src="https://m.media-amazon.com/images/I/31tC4JDwHQL._SL500_.jpg" alt="Product Image"></a><p>NIVEA Coconut and Almond Milk Body Wash with Nourishing Serum, 20 Fl Oz Bottle</p><p> -34% 0FF </p><p>$5.29 ($0.26 / Fl Oz)</p><a href="https://www.amazon.com/dp/B082QBPDJC?tag=eloabder-20&linkCode=osi&th=1&psc=1">View Product</a></div><div class="product"><a href="https://www.amazon.com/dp/B09GN14Y2S?tag=eloabder-20&linkCode=osi&th=1&psc=1"><img src="https://m.media-amazon.com/images/I/41UAqKPL6XL._SL500_.jpg" alt="Product Image"></a><p>Irish Spring Mens Body Wash, Moisture Blast Body Wash for Men, Feel Fresh All Day, 30 Oz Pump Bottle</p><p> -13% 0FF </p><p>$6.94 ($0.23 / Fl Oz)</p><a href="https://www.amazon.com/dp/B09GN14Y2S?tag=eloabder-20&linkCode=osi&th=1&psc=1">View Product</a></div><div class="product"><a href="https://www.amazon.com/dp/B09M7SPFSJ?tag=eloabder-20&linkCode=osi&th=1&psc=1"><img src="https://m.media-amazon.com/images/I/31EHpflVh5L._SL500_.jpg" alt="Product Image"></a><p>Ivory Gentle Body Wash, Designed for the Whole Family, Free of Dyes Heavy Perfumes Parabens Phthalates & Silicones, Original Scent, 35 oz</p><p> -15% 0FF </p><p>$5.97 ($0.17 / Fl Oz)</p><a href="https://www.amazon.com/dp/B09M7SPFSJ?tag=eloabder-20&linkCode=osi&th=1&psc=1">View Product</a></div>


<div class="product"><a href="https://www.amazon.com/dp/B086V843R8?tag=eloabder-20&linkCode=osi&th=1&psc=1"><img src="https://m.media-amazon.com/images/I/410evC+SQHL._SL500_.jpg" alt="Product Image"></a><p>ANAI RUI Turmeric Clay Mask - Green Tea Clay Mask - Dead Sea Minerals Mud Mask, Spa Facial Mask Set, Face Mask Gift Set 2.5 oz each</p><p> -23% 0FF </p><p>$22.99</p><a href="https://www.amazon.com/dp/B086V843R8?tag=eloabder-20&linkCode=osi&th=1&psc=1">View Product</a></div><div class="product"><a href="https://www.amazon.com/dp/B0BSZ23FTF?tag=eloabder-20&linkCode=osi&th=1&psc=1"><img src="https://m.media-amazon.com/images/I/31GRN7P2p8L._SL500_.jpg" alt="Product Image"></a><p>Bubble Skincare Slam Dunk Face Moisturizer - Hydrating Face Cream for Dry Skin Made with Vitamin E + Aloe Vera Juice for a Glowing Complexion - Skin Care with Blue Light Protection (50ml)</p><p> -12% 0FF </p><p>$14.98 ($8.81 / Ounce)</p><a href="https://www.amazon.com/dp/B0BSZ23FTF?tag=eloabder-20&linkCode=osi&th=1&psc=1">View Product</a></div><div class="product"><a href="https://www.amazon.com/dp/B000VPPUEA?tag=eloabder-20&linkCode=osi&th=1&psc=1"><img src="https://m.media-amazon.com/images/I/31e4JzjWhkL._SL500_.jpg" alt="Product Image"></a><p>Bio-Oil Skincare Body Oil, Vitamin E, Serum for Scars & Stretchmarks, Face & Body Moisturizer, 2 oz, All Skin Types</p><p> -18% 0FF </p><p>$11.12 ($5.56 / Fl Oz)</p><a href="https://www.amazon.com/dp/B000VPPUEA?tag=eloabder-20&linkCode=osi&th=1&psc=1">View Product</a></div>

<div class="product"><a href="https://www.amazon.com/dp/B0719GRD5R?tag=eloabder-20&linkCode=osi&th=1&psc=1"><img src="https://m.media-amazon.com/images/I/31d9NvTUowL._SL500_.jpg" alt="Product Image"></a><p>Clean & Clear Deep Action Exfoliating Cleanser with Pro-Vitamin B5, Gentle Exfoliating Daily Face Scrub Cleans Deep Down to the Pore for Soft, Smooth, Hydrated Skin, Oil Free Face Wash, 7 FL OZ</p><p> -39% 0FF </p><p>$5.97 ($0.85 / Fl Oz)</p><a href="https://www.amazon.com/dp/B0719GRD5R?tag=eloabder-20&linkCode=osi&th=1&psc=1">View Product</a></div>

<div class="product"><a href="https://www.amazon.com/dp/B00U2KYUAY?tag=eloabder-20&linkCode=osi&th=1&psc=1"><img src="https://m.media-amazon.com/images/I/516ldzLw1iL._SL500_.jpg" alt="Product Image"></a><p>PURELL Advanced Hand Sanitizer Soothing Gel, Fresh Scent, 8 fl oz Pump Bottle (Pack of 4), 9674-06-ECDECO</p><p> -25% 0FF </p><p>$14.99 ($0.47 / Fl Oz)</p><a href="https://www.amazon.com/dp/B00U2KYUAY?tag=eloabder-20&linkCode=osi&th=1&psc=1">View Product</a></div><div class="product"><a href="https://www.amazon.com/dp/B087781VTJ?tag=eloabder-20&linkCode=osi&th=1&psc=1"><img src="https://m.media-amazon.com/images/I/31OkRWcr12L._SL500_.jpg" alt="Product Image"></a><p>PURELL Advanced Hand Sanitizer Refreshing Gel, Clean Scent, 1 Liter Pump Bottle (Pack of 1) - 9632-04-CMR</p><p> -27% 0FF </p><p>$10.99 ($0.33 / Fl Oz)</p><a href="https://www.amazon.com/dp/B087781VTJ?tag=eloabder-20&linkCode=osi&th=1&psc=1">View Product</a></div><div class="product"><a href="https://www.amazon.com/dp/B08D6V7BLY?tag=eloabder-20&linkCode=osi&th=1&psc=1"><img src="https://m.media-amazon.com/images/I/31jNnpJBhbL._SL500_.jpg" alt="Product Image"></a><p>Purell 64 Oz. Advanced Instant Hand Sanitizer Gel Refill</p><p> -17% 0FF </p><p>$9.95 ($0.16 / Fl Oz)</p><a href="https://www.amazon.com/dp/B08D6V7BLY?tag=eloabder-20&linkCode=osi&th=1&psc=1">View Product</a></div><div class="product"><a href="https://www.amazon.com/dp/B0889WWM49?tag=eloabder-20&linkCode=osi&th=1&psc=1"><img src="https://m.media-amazon.com/images/I/51KTBSE1ZwL._SL500_.jpg" alt="Product Image"></a><p>Germ-X Original Hand Sanitizer, Moisturizing Gel with Vitamin E, Instant and No Rinse Formula, Back to School Supplies College, 8 Fl Oz Pump Bottle (Pack of 12)</p><p> -35% 0FF </p><p>$23.64 ($0.25 / Fl Oz)</p><a href="https://www.amazon.com/dp/B0889WWM49?tag=eloabder-20&linkCode=osi&th=1&psc=1">View Product</a></div>
<div class="product"><a href="https://www.amazon.com/dp/B00A8S6HM4?tag=eloabder-20&linkCode=osi&th=1&psc=1"><img src="https://m.media-amazon.com/images/I/31tIssP5CQL._SL500_.jpg" alt="Product Image"></a><p>Gold Bond Healing Hand Cream, 3 oz., With Aloe, Moisture That Lasts Through Handwashing</p><p> -12% 0FF </p><p>$3.97 ($1.32 / Ounce)</p><a href="https://www.amazon.com/dp/B00A8S6HM4?tag=eloabder-20&linkCode=osi&th=1&psc=1">View Product</a></div><div class="product"><a href="https://www.amazon.com/dp/B0034F9K36?tag=eloabder-20&linkCode=osi&th=1&psc=1"><img src="https://m.media-amazon.com/images/I/319i3EFVPvL._SL500_.jpg" alt="Product Image"></a><p>Jergens Ultra Healing Dry Skin Moisturizer, Body and Hand Lotion for Dry Skin, for Quick Absorption into Extra Dry Skin, with HYDRALUCENCE blend, Vitamins C, E, and B5, 32 Ounce</p><p> -33% 0FF </p><p>$8.17 ($0.26 / Fl Oz)</p><a href="https://www.amazon.com/dp/B0034F9K36?tag=eloabder-20&linkCode=osi&th=1&psc=1">View Product</a></div><div class="product"><a href="https://www.amazon.com/dp/B00008J2XQ?tag=eloabder-20&linkCode=osi&th=1&psc=1"><img src="https://m.media-amazon.com/images/I/419MsgGjzvL._SL500_.jpg" alt="Product Image"></a><p>Aveeno Skin Relief Intense Moisture Hand Cream with Soothing Prebiotic Oat for Dry Skin, Sensitive Skin Cream Softens & Smooths Hands & Lasts Through Hand Washing, Fragrance-Free, 3.5 oz</p><p> -31% 0FF </p><p>$8.79 ($2.51 / Fl Oz)</p><a href="https://www.amazon.com/dp/B00008J2XQ?tag=eloabder-20&linkCode=osi&th=1&psc=1">View Product</a></div><div class="product"><a href="https://www.amazon.com/dp/B0CWVSNVG6?tag=eloabder-20&linkCode=osi&th=1&psc=1"><img src="https://m.media-amazon.com/images/I/31hjLpzc8DL._SL500_.jpg" alt="Product Image"></a><p>Gold Bond Healing Hydrating Lotion with Aloe Moisturizes, Heals & Smooths Dry Skin, Delivers Immediate 24-Hour Hydration, Value Size, 24 oz.</p><p> -26% 0FF </p><p>$9.99 ($0.42 / Fl Oz)</p><a href="https://www.amazon.com/dp/B0CWVSNVG6?tag=eloabder-20&linkCode=osi&th=1&psc=1">View Product</a></div><div class="product"><a href="https://www.amazon.com/dp/B07QBN245V?tag=eloabder-20&linkCode=osi&th=1&psc=1"><img src="https://m.media-amazon.com/images/I/31N7vGLuV0L._SL500_.jpg" alt="Product Image"></a><p>Jergens Lavender Body Butter Body and Hand Lotion, Moisturizer for Women, 7 Fl Oz (Pack of 1), with Essential Oils for Indulgent Moisturization White</p><p> -15% 0FF </p><p>$7.97 ($1.14 / Fl Oz)</p><a href="https://www.amazon.com/dp/B07QBN245V?tag=eloabder-20&linkCode=osi&th=1&psc=1">View Product</a></div><div class="product"><a href="https://www.amazon.com/dp/B00J2L5TOK?tag=eloabder-20&linkCode=osi&th=1&psc=1"><img src="https://m.media-amazon.com/images/I/31ur4kqsEOL._SL500_.jpg" alt="Product Image"></a><p>Gold Bond Healing Skin Therapy Lotion with aloe 5.5 oz., Non-Greasy & Hypoallergenic</p><p> -25% 0FF </p><p>$5.98 ($1.09 / Ounce)</p><a href="https://www.amazon.com/dp/B00J2L5TOK?tag=eloabder-20&linkCode=osi&th=1&psc=1">View Product</a></div><div class="product"><a href="https://www.amazon.com/dp/B003JT8PKQ?tag=eloabder-20&linkCode=osi&th=1&psc=1"><img src="https://m.media-amazon.com/images/I/31TFisQDpKL._SL500_.jpg" alt="Product Image"></a><p>Lubriderm Daily Moisture Lotion + Pro-Ceramide with Shea Butter and Glycerin Helps Moisturize Dry Skin, Hydrating Face, Hand and Body Lotion, Lightly Scented, Non-Greasy, 24 FL OZ</p><p> -13% 0FF </p><p>$12.72 ($0.53 / Fl Oz)</p><a href="https://www.amazon.com/dp/B003JT8PKQ?tag=eloabder-20&linkCode=osi&th=1&psc=1">View Product</a></div><div class="product"><a href="https://www.amazon.com/dp/B00B3R2YVM?tag=eloabder-20&linkCode=osi&th=1&psc=1"><img src="https://m.media-amazon.com/images/I/31F7qr3VMQL._SL500_.jpg" alt="Product Image"></a><p>J.R. Watkins Natural Moisturizing Hand Cream, Hydrating Hand Moisturizer with Shea Butter, Cocoa Butter, and Avocado Oil, USA Made and Cruelty Free, 3.3oz, Aloe & Green Tea, Single</p><p> -7% 0FF </p><p>$5.03 ($1.52 / Fl Oz)</p><a href="https://www.amazon.com/dp/B00B3R2YVM?tag=eloabder-20&linkCode=osi&th=1&psc=1">View Product</a></div>
<div class="product"><a href="https://www.amazon.com/dp/B000BI1Z9Q?tag=eloabder-20&linkCode=osi&th=1&psc=1"><img src="https://m.media-amazon.com/images/I/413HU0cbbrL._SL500_.jpg" alt="Product Image"></a><p>Dynarex BZK Antiseptic Towelettes - 5"x7" - Benzalkonium Chloride, Hand Sanitizing Wipes or First Aid Wound Wipes, 1 Case of 1000 (Packaging May Vary)</p><p> -17% 0FF </p><p>$32.99 ($0.03 / Count)</p><a href="https://www.amazon.com/dp/B000BI1Z9Q?tag=eloabder-20&linkCode=osi&th=1&psc=1">View Product</a></div><div class="product"><a href="https://www.amazon.com/dp/B06XS38XH6?tag=eloabder-20&linkCode=osi&th=1&psc=1"><img src="https://m.media-amazon.com/images/I/41+1GOsXdPL._SL500_.jpg" alt="Product Image"></a><p>Care Touch Alcohol Wipes Individually Wrapped - Prep Pads with 70% Isopropyl Alcohol, Great for Home, Medical & First Aid Kits Sterilized, Antiseptic 2-Ply Swabs 400 Count</p><p> -13% 0FF </p><p>$10.99 ($0.03 / Count)</p><a href="https://www.amazon.com/dp/B06XS38XH6?tag=eloabder-20&linkCode=osi&th=1&psc=1">View Product</a></div>
<div class="product"><a href="https://www.amazon.com/dp/B00006IDL6?tag=eloabder-20&linkCode=osi&th=1&psc=1"><img src="https://m.media-amazon.com/images/I/51SFTNQg7-L._SL500_.jpg" alt="Product Image"></a><p>Band-Aid Brand Flexible Fabric Adhesive Bandages for Wound Care and First Aid, All One Size, 100 Count</p><p> -35% 0FF </p><p>$7.70 ($0.08 / Count)</p><a href="https://www.amazon.com/dp/B00006IDL6?tag=eloabder-20&linkCode=osi&th=1&psc=1">View Product</a></div><div class="product"><a href="https://www.amazon.com/dp/B000GCPW8C?tag=eloabder-20&linkCode=osi&th=1&psc=1"><img src="https://m.media-amazon.com/images/I/51vXh4MmDrL._SL500_.jpg" alt="Product Image"></a><p>Band-Aid Brand Tru-Stay Adhesive Pads, Large Sterile Bandages for Wound Care, Large Size, 10 ct</p><p> -28% 0FF </p><p>$3.77 ($0.38 / Count)</p><a href="https://www.amazon.com/dp/B000GCPW8C?tag=eloabder-20&linkCode=osi&th=1&psc=1">View Product</a></div><div class="product"><a href="https://www.amazon.com/dp/B01M18DYAH?tag=eloabder-20&linkCode=osi&th=1&psc=1"><img src="https://m.media-amazon.com/images/I/411HWhlyuxL._SL500_.jpg" alt="Product Image"></a><p>Band-Aid Brand Skin-Flex Adhesive Bandages for First Aid and Wound Care of Minor Cuts and Scrapes & Burns, Flexible Sterile Bandages for Fingers & Knees, Extra Large, All One Size, 7 ct</p><p> -34% 0FF </p><p>$3.77 ($0.54 / Count)</p><a href="https://www.amazon.com/dp/B01M18DYAH?tag=eloabder-20&linkCode=osi&th=1&psc=1">View Product</a></div><div class="product"><a href="https://www.amazon.com/dp/B09N1PJFH4?tag=eloabder-20&linkCode=osi&th=1&psc=1"><img src="https://m.media-amazon.com/images/I/414tb0lZk2L._SL500_.jpg" alt="Product Image"></a><p>Band-Aid Brand Adhesive Bandages for Sensitive Skin, Hypoallergenic First Aid Bandages with Painless Removal, Stays on When Wet & Suitable for Eczema Prone Skin, Extra Large Size, 7 ct</p><p> -34% 0FF </p><p>$3.77 ($0.54 / Count)</p><a href="https://www.amazon.com/dp/B09N1PJFH4?tag=eloabder-20&linkCode=osi&th=1&psc=1">View Product</a></div><div class="product"><a href="https://www.amazon.com/dp/B09B32CSJ5?tag=eloabder-20&linkCode=osi&th=1&psc=1"><img src="https://m.media-amazon.com/images/I/510JDYafj9L._SL500_.jpg" alt="Product Image"></a><p>Band-Aid Brand Flexible Fabric Adhesive Bandages for Comfortable Flexible Protection, Twin Pack, 2 x 100 ct</p><p> -19% 0FF </p><p>$16.96 ($8.48 / Count)</p><a href="https://www.amazon.com/dp/B09B32CSJ5?tag=eloabder-20&linkCode=osi&th=1&psc=1">View Product</a></div><div class="product"><a href="https://www.amazon.com/dp/B0014CQ7C8?tag=eloabder-20&linkCode=osi&th=1&psc=1"><img src="https://m.media-amazon.com/images/I/511SbCVd5iL._SL500_.jpg" alt="Product Image"></a><p>Band-Aid Brand Flexible Fabric Adhesive Bandages, Comfortable Sterile Protection & Wound Care for Minor Cuts & Burns, Quilt-Aid Technology to Cushion Painful Wounds, Assorted Sizes, 30 ct</p><p> -26% 0FF </p><p>$3.77</p><a href="https://www.amazon.com/dp/B0014CQ7C8?tag=eloabder-20&linkCode=osi&th=1&psc=1">View Product</a></div>
<div class="product"><a href="https://www.amazon.com/dp/B08B8BDG42?tag=eloabder-20&linkCode=osi&th=1&psc=1"><img src="https://m.media-amazon.com/images/I/41irwh1BfnL._SL500_.jpg" alt="Product Image"></a><p>Boncare Thermometer for Adults with 10 Seconds Fast Reading, Digital Oral Thermometer for Fever (Light Blue)</p><p> -30% 0FF </p><p>$6.99</p><a href="https://www.amazon.com/dp/B08B8BDG42?tag=eloabder-20&linkCode=osi&th=1&psc=1">View Product</a></div><div class="product"><a href="https://www.amazon.com/dp/B0824XNJSW?tag=eloabder-20&linkCode=osi&th=1&psc=1"><img src="https://m.media-amazon.com/images/I/31JdU9LcpxL._SL500_.jpg" alt="Product Image"></a><p>No-Touch Thermometer for Adults and Kids, Accurate Digital Baby Thermometer, FSA HSA Eligible, Fever Alarm & Silent Mode, 2 in 1 Forehead & Object Thermometer</p><p> -33% 0FF </p><p>$19.99</p><a href="https://www.amazon.com/dp/B0824XNJSW?tag=eloabder-20&linkCode=osi&th=1&psc=1">View Product</a></div><div class="product"><a href="https://www.amazon.com/dp/B08B7V2RG3?tag=eloabder-20&linkCode=osi&th=1&psc=1"><img src="https://m.media-amazon.com/images/I/41vXfFSaN4L._SL500_.jpg" alt="Product Image"></a><p>Boncare 10 Second Thermometer for Adults - Fast Reading, Accurate Fever Thermometer, Basal Digital Thermometer</p><p> -25% 0FF </p><p>$7.49</p><a href="https://www.amazon.com/dp/B08B7V2RG3?tag=eloabder-20&linkCode=osi&th=1&psc=1">View Product</a></div><div class="product"><a href="https://www.amazon.com/dp/B0C82Z3479?tag=eloabder-20&linkCode=osi&th=1&psc=1"><img src="https://m.media-amazon.com/images/I/21m2oNvDqiL._SL500_.jpg" alt="Product Image"></a><p>Vicks ComfortFlex Digital Thermometer – Accurate, Color Coded Reading in 8 Seconds – Digital Thermometer for Oral, Rectal or Under Arm Use</p><p> -38% 0FF </p><p>$10.48</p><a href="https://www.amazon.com/dp/B0C82Z3479?tag=eloabder-20&linkCode=osi&th=1&psc=1">View Product</a></div><div class="product"><a href="https://www.amazon.com/dp/B0C3B2VZLJ?tag=eloabder-20&linkCode=osi&th=1&psc=1"><img src="https://m.media-amazon.com/images/I/31JdU9LcpxL._SL500_.jpg" alt="Product Image"></a><p>No-Touch Thermometer for Adults and Kids, Fast Accurate Digital Thermometer with Fever Alarm & Silent Mode, FSA HSA Eligible, Easy-to-use, Forehead Thermometer for Babies, Kids & Elderly</p><p> -47% 0FF </p><p>$15.95</p><a href="https://www.amazon.com/dp/B0C3B2VZLJ?tag=eloabder-20&linkCode=osi&th=1&psc=1">View Product</a></div><div class="product"><a href="https://www.amazon.com/dp/B075QQ8VZW?tag=eloabder-20&linkCode=osi&th=1&psc=1"><img src="https://m.media-amazon.com/images/I/31XPaGGJcyL._SL500_.jpg" alt="Product Image"></a><p>iHealth No-Touch Forehead Thermometer, Infrared Digital Thermometer for Adults and Kids, Touchless Baby Thermometer, 3 Ultra-Sensitive Sensors, Large LED Digits, Quiet Vibration Feedback, Non Contact</p><p> -44% 0FF </p><p>$19.99</p><a href="https://www.amazon.com/dp/B075QQ8VZW?tag=eloabder-20&linkCode=osi&th=1&psc=1">View Product</a></div><div class="product"><a href="https://www.amazon.com/dp/B00MUK6M82?tag=eloabder-20&linkCode=osi&th=1&psc=1"><img src="https://m.media-amazon.com/images/I/31fl3MSNmuL._SL500_.jpg" alt="Product Image"></a><p>Vicks Braun Digital Ear Thermometer, ThermoScan 5 IRT6500, Ear Thermometer for Babies, Kids, Toddlers and Adults, Display is Digital and Accurate, Thermometer for Precise Fever Tracking at Home</p><p> -15% 0FF </p><p>$42.44</p><a href="https://www.amazon.com/dp/B00MUK6M82?tag=eloabder-20&linkCode=osi&th=1&psc=1">View Product</a></div><div class="product"><a href="https://www.amazon.com/dp/B0B513SHYR?tag=eloabder-20&linkCode=osi&th=1&psc=1"><img src="https://m.media-amazon.com/images/I/41erMNtrL8L._SL500_.jpg" alt="Product Image"></a><p>Forehead Thermometer for Adults and Kids, Digital Infrared Thermometer for Home with Fever Alarm, FSA HSA Eligible,1s Reading and 3-Color Indicator, No-Touch, Accurate</p><p> -45% 0FF </p><p>$13.59</p><a href="https://www.amazon.com/dp/B0B513SHYR?tag=eloabder-20&linkCode=osi&th=1&psc=1">View Product</a></div>
<div class="product"><a href="https://www.amazon.com/dp/B01C5QS1T8?tag=eloabder-20&linkCode=osi&th=1&psc=1"><img src="https://m.media-amazon.com/images/I/41DgEaoOjaL._SL500_.jpg" alt="Product Image"></a><p>iHealth Track Smart Upper Arm Blood Pressure Monitor with Wide Range Cuff That fits Standard to Large Adult Arms, Bluetooth Compatible for iOS & Android Devices</p><p> -20% 0FF </p><p>$39.99</p><a href="https://www.amazon.com/dp/B01C5QS1T8?tag=eloabder-20&linkCode=osi&th=1&psc=1">View Product</a></div><div class="product"><a href="https://www.amazon.com/dp/B0BF9YHRFM?tag=eloabder-20&linkCode=osi&th=1&psc=1"><img src="https://m.media-amazon.com/images/I/41Hd1YfS0VL._SL500_.jpg" alt="Product Image"></a><p>Blood Pressure Monitor,AILE blood pressure machine Upper Arm Large Cuff(8.7"-16.5"Adjustable),automatic high blood pressure cuff for home use,(BP)blood pressure monitor,2*99 memory,Easy to use/travel</p><p> -17% 0FF </p><p>$24.99</p><a href="https://www.amazon.com/dp/B0BF9YHRFM?tag=eloabder-20&linkCode=osi&th=1&psc=1">View Product</a></div><div class="product"><a href="https://www.amazon.com/dp/B0BFQWYSWR?tag=eloabder-20&linkCode=osi&th=1&psc=1"><img src="https://m.media-amazon.com/images/I/51lb5nRMBnL._SL500_.jpg" alt="Product Image"></a><p>Blood Pressure Monitors for Home Use Upper Arm, Accurate cuff 8.7”-15.7” Monitor with Large Backlight Display 2 Users 240 Sets Memory & HR Detection, Digital BP Machine with Carrying Case</p><p> -40% 0FF </p><p>$29.99</p><a href="https://www.amazon.com/dp/B0BFQWYSWR?tag=eloabder-20&linkCode=osi&th=1&psc=1">View Product</a></div><div class="product"><a href="https://www.amazon.com/dp/B07RYBKNC2?tag=eloabder-20&linkCode=osi&th=1&psc=1"><img src="https://m.media-amazon.com/images/I/41EBBbpDipL._SL500_.jpg" alt="Product Image"></a><p>OMRON Silver Blood Pressure Monitor, Upper Arm Cuff, Digital Bluetooth Blood Pressure Machine, Stores Up to 80 Readings</p><p> -6% 0FF </p><p>$52.88</p><a href="https://www.amazon.com/dp/B07RYBKNC2?tag=eloabder-20&linkCode=osi&th=1&psc=1">View Product</a></div>
<div class="product"><a href="https://www.amazon.com/dp/B084CQ41M2?tag=eloabder-20&linkCode=osi&th=1&psc=1"><img src="https://m.media-amazon.com/images/I/311ThQv0JoL._SL500_.jpg" alt="Product Image"></a><p>Fitbit Charge 4 Fitness and Activity Tracker with Built-in GPS, Heart Rate, Sleep & Swim Tracking, Black/Black, One Size (S &L Bands Included)</p><p> -17% 0FF </p><p>$124.00</p><a href="https://www.amazon.com/dp/B084CQ41M2?tag=eloabder-20&linkCode=osi&th=1&psc=1">View Product</a></div><div class="product"><a href="https://www.amazon.com/dp/B07GM59D12?tag=eloabder-20&linkCode=osi&th=1&psc=1"><img src="https://m.media-amazon.com/images/I/417I7hV3oaL._SL500_.jpg" alt="Product Image"></a><p>Garmin vivosmart 4, Activity and Fitness Tracker w/ Pulse Ox and Heart Rate Monitor, Black, Large Band</p><p> -33% 0FF </p><p>$64.99</p><a href="https://www.amazon.com/dp/B07GM59D12?tag=eloabder-20&linkCode=osi&th=1&psc=1">View Product</a></div><div class="product"><a href="https://www.amazon.com/dp/B00MWHUOSM?tag=eloabder-20&linkCode=osi&th=1&psc=1"><img src="https://m.media-amazon.com/images/I/514A9FIZMeL._SL500_.jpg" alt="Product Image"></a><p>3DTriSport Walking 3D Pedometer with Clip and Strap, Free eBook | 30 Days Memory, Accurate Step Counter, Walking Distance Miles/Km, Calorie Counter (Holdable, Grey)</p><p> -38% 0FF </p><p>$24.99</p><a href="https://www.amazon.com/dp/B00MWHUOSM?tag=eloabder-20&linkCode=osi&th=1&psc=1">View Product</a></div><div class="product"><a href="https://www.amazon.com/dp/B08JX22N4G?tag=eloabder-20&linkCode=osi&th=1&psc=1"><img src="https://m.media-amazon.com/images/I/413rXPXOmzL._SL500_.jpg" alt="Product Image"></a><p>Garmin vivofit jr. 3, Fitness Tracker for Kids, Includes Interactive App Experience, Swim-Friendly, Up To 1-year Battery Life, Lilac Floral</p><p> -22% 0FF </p><p>$69.99</p><a href="https://www.amazon.com/dp/B08JX22N4G?tag=eloabder-20&linkCode=osi&th=1&psc=1">View Product</a></div>
<div class="product"><a href="https://www.amazon.com/dp/B01HI1W1V4?tag=eloabder-20&linkCode=osi&th=1&psc=1"><img src="https://m.media-amazon.com/images/I/41xSV5KCm+L._SL500_.jpg" alt="Product Image"></a><p>Etekcity Bathroom Scale for Body Weight, Digital Weighing Machine for People, Accurate & Large LCD Backlight Display, 6mm Tempered Glass, 400 lbs</p><p> -20% 0FF </p><p>$15.89</p><a href="https://www.amazon.com/dp/B01HI1W1V4?tag=eloabder-20&linkCode=osi&th=1&psc=1">View Product</a></div><div class="product"><a href="https://www.amazon.com/dp/B01N1UX8RW?tag=eloabder-20&linkCode=osi&th=1&psc=1"><img src="https://m.media-amazon.com/images/I/41jK19A68DL._SL500_.jpg" alt="Product Image"></a><p>RENPHO Smart Scale for Body Weight, FSA HSA Eligible, Digital Bathroom Scale BMI Weighing Bluetooth Body Fat Scale, Body Composition Monitor Health Analyzer with Smartphone App, 400 lbs - Elis 1</p><p> -31% 0FF </p><p>$23.99</p><a href="https://www.amazon.com/dp/B01N1UX8RW?tag=eloabder-20&linkCode=osi&th=1&psc=1">View Product</a></div><div class="product"><a href="https://www.amazon.com/dp/B095YJW56C?tag=eloabder-20&linkCode=osi&th=1&psc=1"><img src="https://m.media-amazon.com/images/I/41vhjbr6FRL._SL500_.jpg" alt="Product Image"></a><p>Etekcity Smart Scale for Body Weight FSA HSA Store Eligible, Bathroom Digital Weighing Scale with BMI, Body Fat, Muscle Mass, Accurate Bluetooth Home User Health Equipment Sync Apps</p><p> -17% 0FF </p><p>$19.99</p><a href="https://www.amazon.com/dp/B095YJW56C?tag=eloabder-20&linkCode=osi&th=1&psc=1">View Product</a></div><div class="product"><a href="https://www.amazon.com/dp/B07S9PTLNZ?tag=eloabder-20&linkCode=osi&th=1&psc=1"><img src="https://m.media-amazon.com/images/I/21wW7Xf7Q+L._SL500_.jpg" alt="Product Image"></a><p>RENPHO Scale for Body Weight, Digital Bathroom Scale with Backlit LED Display, Highly Accurate & Measures Weight up to 400 lb/180kg, Batteries Included, Black-Core 1S</p><p> -42% 0FF </p><p>$13.99</p><a href="https://www.amazon.com/dp/B07S9PTLNZ?tag=eloabder-20&linkCode=osi&th=1&psc=1">View Product</a></div><div class="product"><a href="https://www.amazon.com/dp/B0CHRSYP3D?tag=eloabder-20&linkCode=osi&th=1&psc=1"><img src="https://m.media-amazon.com/images/I/41f-WUPPMQL._SL500_.jpg" alt="Product Image"></a><p>Ovutek Bathroom Scale for Body Weight, Highly Accurate Digital Weighing Machine for People, Upgraded Batteries Included, Compact Size, LED Display, Physician Scale with Sturdy Tempered Glass, 400lb</p><p> -26% 0FF </p><p>$13.99</p><a href="https://www.amazon.com/dp/B0CHRSYP3D?tag=eloabder-20&linkCode=osi&th=1&psc=1">View Product</a></div><div class="product"><a href="https://www.amazon.com/dp/B0C5DCTH9M?tag=eloabder-20&linkCode=osi&th=1&psc=1"><img src="https://m.media-amazon.com/images/I/31eXDYPTnbL._SL500_.jpg" alt="Product Image"></a><p>RunSTAR 550lb Bathroom Digital Scale for Body Weight with Ultra-Wide Platform and Large LCD Display, Accurate High Precision Scale with Extra-High Capacity</p><p> -40% 0FF </p><p>$33.99</p><a href="https://www.amazon.com/dp/B0C5DCTH9M?tag=eloabder-20&linkCode=osi&th=1&psc=1">View Product</a></div><div class="product"><a href="https://www.amazon.com/dp/B08839L43J?tag=eloabder-20&linkCode=osi&th=1&psc=1"><img src="https://m.media-amazon.com/images/I/41ijx4JiG5L._SL500_.jpg" alt="Product Image"></a><p>Posture Scale for Body Weight, Digital Bathroom Smart Scale LED Display, 13 Body Composition Analyzer Sync Weight Scale BMl Health Monitor Sync Apps 400lbs - Black</p><p> -60% 0FF </p><p>$25.24</p><a href="https://www.amazon.com/dp/B08839L43J?tag=eloabder-20&linkCode=osi&th=1&psc=1">View Product</a></div><div class="product"><a href="https://www.amazon.com/dp/B0BX1GVDBS?tag=eloabder-20&linkCode=osi&th=1&psc=1"><img src="https://m.media-amazon.com/images/I/31sSNdlJQOL._SL500_.jpg" alt="Product Image"></a><p>iHome Digital Scale Step-On Bathroom Scale - iHome High Precision Body Weight Scale - 400 lbs, Battery Powered with LED Display - Batteries Included -Great for Home Gym (Black)</p><p> -22% 0FF </p><p>$18.99</p><a href="https://www.amazon.com/dp/B0BX1GVDBS?tag=eloabder-20&linkCode=osi&th=1&psc=1">View Product</a></div>
<div class="product"><a href="https://www.amazon.com/dp/B079HXLZGY?tag=eloabder-20&linkCode=osi&th=1&psc=1"><img src="https://m.media-amazon.com/images/I/51O0z0rymgL._SL500_.jpg" alt="Product Image"></a><p>Amazon Basic Care Nighttime Sleep Aid Tablets for Adults, Doxylamine Succinate 25 mg, 96 Count</p><p> -13% 0FF </p><p>$10.93 ($0.11 / Count)</p><a href="https://www.amazon.com/dp/B079HXLZGY?tag=eloabder-20&linkCode=osi&th=1&psc=1">View Product</a></div><div class="product"><a href="https://www.amazon.com/dp/B0848WCZFM?tag=eloabder-20&linkCode=osi&th=1&psc=1"><img src="https://m.media-amazon.com/images/I/41Rzyzjg2UL._SL500_.jpg" alt="Product Image"></a><p>HealthA2Z Sleep Aid, Diphenhydramine Softgels, 50mg, Supports Deeper, Restful Sleeping, Non Habit-Forming (250 Counts)</p><p> -29% 0FF </p><p>$9.85 ($0.04 / Count)</p><a href="https://www.amazon.com/dp/B0848WCZFM?tag=eloabder-20&linkCode=osi&th=1&psc=1">View Product</a></div><div class="product"><a href="https://www.amazon.com/dp/B00NJ1BQZA?tag=eloabder-20&linkCode=osi&th=1&psc=1"><img src="https://m.media-amazon.com/images/I/41q8bT3bu0L._SL500_.jpg" alt="Product Image"></a><p>Relaxium Sleep Aid for Adults, Melatonin 5mg with Magnesium Glycinate, Sleep-Promoting Valerest & Ashwagandha, Non-Habit Forming Sleep Supplement, 60 Capsules, 30-Day Supply</p><p> -14% 0FF </p><p>$29.99 ($0.50 / count)</p><a href="https://www.amazon.com/dp/B00NJ1BQZA?tag=eloabder-20&linkCode=osi&th=1&psc=1">View Product</a></div><div class="product"><a href="https://www.amazon.com/dp/B07BZW88NY?tag=eloabder-20&linkCode=osi&th=1&psc=1"><img src="https://m.media-amazon.com/images/I/51HD9BxwlWL._SL500_.jpg" alt="Product Image"></a><p>Kirkland Signature Sleep Aid, 192 Tablets</p><p> -8% 0FF </p><p>$13.72 ($6.86 / Count)</p><a href="https://www.amazon.com/dp/B07BZW88NY?tag=eloabder-20&linkCode=osi&th=1&psc=1">View Product</a></div><div class="product"><a href="https://www.amazon.com/dp/B07PXT5LYR?tag=eloabder-20&linkCode=osi&th=1&psc=1"><img src="https://m.media-amazon.com/images/I/41Pu3C1zvML._SL500_.jpg" alt="Product Image"></a><p>Nature's Bounty Sleep3 Melatonin 10mg, Maximum Strength 100% Drug Free Sleep Aid, Dietary Supplement, L-Theanine & Nighttime Herbal Blend Time Release Technology, 60 Tri-Layered Tablets</p><p> -38% 0FF </p><p>$13.68 ($0.23 / Count)</p><a href="https://www.amazon.com/dp/B07PXT5LYR?tag=eloabder-20&linkCode=osi&th=1&psc=1">View Product</a></div><div class="product"><a href="https://www.amazon.com/dp/B002L4M4M0?tag=eloabder-20&linkCode=osi&th=1&psc=1"><img src="https://m.media-amazon.com/images/I/41S9lyFQZzL._SL500_.jpg" alt="Product Image"></a><p>KIRKLAND SIGNATURE Sleep Aid Doxylamine Succinate 25 Mg X Tabs (53201812) No Flavor 96 Count, Packaging May Vary</p><p> -29% 0FF </p><p>$7.75 ($0.08 / Count)</p><a href="https://www.amazon.com/dp/B002L4M4M0?tag=eloabder-20&linkCode=osi&th=1&psc=1">View Product</a></div><div class="product"><a href="https://www.amazon.com/dp/B01683HFGY?tag=eloabder-20&linkCode=osi&th=1&psc=1"><img src="https://m.media-amazon.com/images/I/51hFnh0pfXL._SL500_.jpg" alt="Product Image"></a><p>Unisom SleepTabs, Nighttime Sleep-aid, Doxylamine Succinate, 80 Tablets</p><p> -30% 0FF </p><p>$13.98 ($0.17 / Count)</p><a href="https://www.amazon.com/dp/B01683HFGY?tag=eloabder-20&linkCode=osi&th=1&psc=1">View Product</a></div><div class="product"><a href="https://www.amazon.com/dp/B08Y74HSSH?tag=eloabder-20&linkCode=osi&th=1&psc=1"><img src="https://m.media-amazon.com/images/I/41WtHEKTuML._SL500_.jpg" alt="Product Image"></a><p>ZzzQuil ULTRA, Sleep Aid, Nighttime Sleep Aid, 25 mg Doxylamine Succinate, From Makers of Nyquil, Non- Habit Forming, Fall Asleep Fast, Stay Asleep Longer, 48 Count</p><p> -11% 0FF </p><p>$19.63 ($0.41 / Count)</p><a href="https://www.amazon.com/dp/B08Y74HSSH?tag=eloabder-20&linkCode=osi&th=1&psc=1">View Product</a></div><div class="product"><a href="https://www.amazon.com/dp/B07613ZLWT?tag=eloabder-20&linkCode=osi&th=1&psc=1"><img src="https://m.media-amazon.com/images/I/41TljMCBnsL._SL500_.jpg" alt="Product Image"></a><p>Unisom Nighttime Sleep-Aid Gels, Diphenhydramine HCI 50mg, 100 Count</p><p> -6% 0FF </p><p>$16.38 ($0.16 / Count)</p><a href="https://www.amazon.com/dp/B07613ZLWT?tag=eloabder-20&linkCode=osi&th=1&psc=1">View Product</a></div>

<div class="product"><a href="https://www.amazon.com/dp/B009ITR4EY?tag=eloabder-20&linkCode=osi&th=1&psc=1"><img src="https://m.media-amazon.com/images/I/5108J1lmIxL._SL500_.jpg" alt="Product Image"></a><p>Tylenol Cold + Flu Severe Medicine Caplets for Fever, Pain, Cough & Congestion, 24 ct.</p><p> -28% 0FF </p><p>$7.67 ($0.32 / Count)</p><a href="https://www.amazon.com/dp/B009ITR4EY?tag=eloabder-20&linkCode=osi&th=1&psc=1">View Product</a></div><div class="product"><a href="https://www.amazon.com/dp/B019DL5KCO?tag=eloabder-20&linkCode=osi&th=1&psc=1"><img src="https://m.media-amazon.com/images/I/51i-U6pGMjL._SL500_.jpg" alt="Product Image"></a><p>Coricidin HBP Decongestant-Free Cough and Cold Medicine - Specially Designed Relief for High Blood Pressure, Cough, Runny Nose, Sneezing and Cold Symptoms (16 Count)</p><p> -6% 0FF </p><p>$8.49 ($0.53 / Count)</p><a href="https://www.amazon.com/dp/B019DL5KCO?tag=eloabder-20&linkCode=osi&th=1&psc=1">View Product</a></div><div class="product"><a href="https://www.amazon.com/dp/B0B63WW9H4?tag=eloabder-20&linkCode=osi&th=1&psc=1"><img src="https://m.media-amazon.com/images/I/51zjSOAQyTL._SL500_.jpg" alt="Product Image"></a><p>Coricidin HBP, Decongestant-Free Cold Symptom Relief for People with High Blood Pressure, Maximum Strength, Flu & Chest Congestion Liquid Gels, 24 Count</p><p> -21% 0FF </p><p>$8.29 ($0.35 / Count)</p><a href="https://www.amazon.com/dp/B0B63WW9H4?tag=eloabder-20&linkCode=osi&th=1&psc=1">View Product</a></div><div class="product"><a href="https://www.amazon.com/dp/B000WAWN8K?tag=eloabder-20&linkCode=osi&th=1&psc=1"><img src="https://m.media-amazon.com/images/I/41MhHkkpCQL._SL500_.jpg" alt="Product Image"></a><p>Zicam Cold Remedy Zinc Rapidmelts, Citrus Flavor, 25 Count (Pack of 1)</p><p> -21% 0FF </p><p>$10.30 ($0.41 / Count)</p><a href="https://www.amazon.com/dp/B000WAWN8K?tag=eloabder-20&linkCode=osi&th=1&psc=1">View Product</a></div><div class="product"><a href="https://www.amazon.com/dp/B08836KTVQ?tag=eloabder-20&linkCode=osi&th=1&psc=1"><img src="https://m.media-amazon.com/images/I/51kNMcIeJPL._SL500_.jpg" alt="Product Image"></a><p>Mucinex Fast-Max Cold and Flu & Nightshift Severe Cold and Flu Medicine for Adults, Over-the-Counter Medication Combo Pack for Sore Throat Relief, Decongestant, Cough & Cold Medicines, 2 x 6 Fl Oz</p><p> -17% 0FF </p><p>$18.65 ($1.55 / Fl Oz)</p><a href="https://www.amazon.com/dp/B08836KTVQ?tag=eloabder-20&linkCode=osi&th=1&psc=1">View Product</a></div><div class="product"><a href="https://www.amazon.com/dp/B01DZ0CN6A?tag=eloabder-20&linkCode=osi&th=1&psc=1"><img src="https://m.media-amazon.com/images/I/41DVIB8+QVL._SL500_.jpg" alt="Product Image"></a><p>Hyland's Baby Mucus and Cold Relief, Daytime Baby Cold Medicine, Infant Cold and Cough Remedy, Decongestant, 4 Fluid Ounce</p><p> -46% 0FF </p><p>$7.00 ($1.75 / Fl Oz)</p><a href="https://www.amazon.com/dp/B01DZ0CN6A?tag=eloabder-20&linkCode=osi&th=1&psc=1">View Product</a></div><div class="product"><a href="https://www.amazon.com/dp/B00L3LAK7S?tag=eloabder-20&linkCode=osi&th=1&psc=1"><img src="https://m.media-amazon.com/images/I/41acNMiAH7L._SL500_.jpg" alt="Product Image"></a><p>Hyland's Kids Cold & Cough, Day and Night Combo Pack, Cold Medicine for Ages 2+, Syrup Cough Medicine for Kids, Nasal Decongestant, Allergy Relief, 4 Fl Oz (Pack of 2)</p><p> -37% 0FF </p><p>$12.59 ($3.15 / Fl Oz)</p><a href="https://www.amazon.com/dp/B00L3LAK7S?tag=eloabder-20&linkCode=osi&th=1&psc=1">View Product</a></div><div class="product"><a href="https://www.amazon.com/dp/B08938GBKJ?tag=eloabder-20&linkCode=osi&th=1&psc=1"><img src="https://m.media-amazon.com/images/I/41T41ChZ9KL._SL500_.jpg" alt="Product Image"></a><p>Cold-EEZE Natural Cherry Zinc Lozenges, Homeopathic Cold Remedy, Reduces Duration of the Common Cold, Sore Throat, Cough, Congestion and Post Nasal Drip, 25 Count</p><p> -25% 0FF </p><p>$9.33 ($0.37 / Count)</p><a href="https://www.amazon.com/dp/B08938GBKJ?tag=eloabder-20&linkCode=osi&th=1&psc=1">View Product</a></div>

<div class="product"><a href="https://www.amazon.com/dp/B0012BNVE8?tag=eloabder-20&linkCode=osi&th=1&psc=1"><img src="https://m.media-amazon.com/images/I/51AbEqW79jL._SL500_.jpg" alt="Product Image"></a><p>Men's Rogaine 5% Minoxidil Topical Aerosol Hair Regrowth Treatment Foam, 3 Month Supply (Each Can 2.11 Ounce - 60 Gram)</p><p> -25% 0FF </p><p>$58.83 ($9.29 / Ounce)</p><a href="https://www.amazon.com/dp/B0012BNVE8?tag=eloabder-20&linkCode=osi&th=1&psc=1">View Product</a></div><div class="product"><a href="https://www.amazon.com/dp/B0000Y8H3S?tag=eloabder-20&linkCode=osi&th=1&psc=1"><img src="https://m.media-amazon.com/images/I/41HVx2izbyL._SL500_.jpg" alt="Product Image"></a><p>Men's Rogaine Extra Strength 5% Minoxidil Topical Solution for Thin Hair, Hair Loss Treatment to Regrow Fuller, Thicker Hair, 3-Month Supply, 3 x 2 fl. oz</p><p> -39% 0FF </p><p>$47.82 ($7.97 / Fl Oz)</p><a href="https://www.amazon.com/dp/B0000Y8H3S?tag=eloabder-20&linkCode=osi&th=1&psc=1">View Product</a></div><div class="product"><a href="https://www.amazon.com/dp/B00M6I5SMY?tag=eloabder-20&linkCode=osi&th=1&psc=1"><img src="https://m.media-amazon.com/images/I/415RcmGI84L._SL500_.jpg" alt="Product Image"></a><p>Rogaine 5% Minoxidil Foam, Topical Once-A-Day Hair Loss Treatment for Women to Regrow Fuller, Thicker Hair, Unscented, 2-Month Supply, 2.11 oz</p><p> -28% 0FF </p><p>$31.37 ($14.87 / Ounce)</p><a href="https://www.amazon.com/dp/B00M6I5SMY?tag=eloabder-20&linkCode=osi&th=1&psc=1">View Product</a></div><div class="product"><a href="https://www.amazon.com/dp/B0BVTD8JYP?tag=eloabder-20&linkCode=osi&th=1&psc=1"><img src="https://m.media-amazon.com/images/I/51j7YLVoqqL._SL500_.jpg" alt="Product Image"></a><p>5% Minoxidil Hair Growth for Men and Women - 60mL Hair Growth Serum - Minoxidil Spray for Hair and Beard Regrowth - Hair Loss treatment - 1 Month Supply</p><p> -24% 0FF </p><p>$12.99 ($6.50 / Fl Oz)</p><a href="https://www.amazon.com/dp/B0BVTD8JYP?tag=eloabder-20&linkCode=osi&th=1&psc=1">View Product</a></div><div class="product"><a href="https://www.amazon.com/dp/B0BWZTV1V7?tag=eloabder-20&linkCode=osi&th=1&psc=1"><img src="https://m.media-amazon.com/images/I/412B7e7oK+L._SL500_.jpg" alt="Product Image"></a><p>Nature's Bounty Hair Growth Supplement, 1 Per Day, Clinically Shown to Support Thicker, Fuller Hair, with Biotin, Silicon & Arginine, 30 Capsules</p><p> -6% 0FF </p><p>$16.98 ($0.57 / Count)</p><a href="https://www.amazon.com/dp/B0BWZTV1V7?tag=eloabder-20&linkCode=osi&th=1&psc=1">View Product</a></div>
<div class="product"><a href="https://www.amazon.com/dp/B00NNZRJ2G?tag=eloabder-20&linkCode=osi&th=1&psc=1"><img src="https://m.media-amazon.com/images/I/41YWG-0RKpL._SL500_.jpg" alt="Product Image"></a><p>OCuSOFT Lid Scrub Original Eyelid Cleanser - Pre-Moistened Eyelid Wipes for Mild to Moderate Conditions - Eyelid Cleanser to Clean, Comfort & Soothe Irritated Eyelids - 30 Count</p><p> -10% 0FF </p><p>$11.97 ($0.40 / Count)</p><a href="https://www.amazon.com/dp/B00NNZRJ2G?tag=eloabder-20&linkCode=osi&th=1&psc=1">View Product</a></div><div class="product"><a href="https://www.amazon.com/dp/B00DJUK8HS?tag=eloabder-20&linkCode=osi&th=1&psc=1"><img src="https://m.media-amazon.com/images/I/51oBE3IVUkL._SL500_.jpg" alt="Product Image"></a><p>PreserVision AREDS 2 Eye Vitamin & Mineral Supplement, Contains Lutein, Vitamin C, Zeaxanthin, Zinc & Vitamin E, 120 Softgels (Packaging May Vary)</p><p> -12% 0FF </p><p>$35.99 ($0.30 / Count)</p><a href="https://www.amazon.com/dp/B00DJUK8HS?tag=eloabder-20&linkCode=osi&th=1&psc=1">View Product</a></div><div class="product"><a href="https://www.amazon.com/dp/B00DJUK8IM?tag=eloabder-20&linkCode=osi&th=1&psc=1"><img src="https://m.media-amazon.com/images/I/51LPoH2nRnL._SL500_.jpg" alt="Product Image"></a><p>Ocuvite Eye Vitamin & Mineral Supplement, Contains Zinc, Vitamins C, E, Omega 3, Lutein, & Zeaxanthin, 90 Softgels (Packaging May Vary)</p><p> -19% 0FF </p><p>$23.47 ($0.26 / Count)</p><a href="https://www.amazon.com/dp/B00DJUK8IM?tag=eloabder-20&linkCode=osi&th=1&psc=1">View Product</a></div><div class="product"><a href="https://www.amazon.com/dp/B00JJPMXDO?tag=eloabder-20&linkCode=osi&th=1&psc=1"><img src="https://m.media-amazon.com/images/I/41xUbY21ojL._SL500_.jpg" alt="Product Image"></a><p>CeraVe Eye Repair Cream | Under Eye Cream For Puffiness And Bags Under Eyes | Hyaluronic Acid + Niacinamide + Marine Botanical Complex | Hydrating Eye Cream | Oil Free & Opthalmologist Tested</p><p> -28% 0FF </p><p>$14.44 ($28.88 / Ounce)</p><a href="https://www.amazon.com/dp/B00JJPMXDO?tag=eloabder-20&linkCode=osi&th=1&psc=1">View Product</a></div><div class="product"><a href="https://www.amazon.com/dp/B00008BRR8?tag=eloabder-20&linkCode=osi&th=1&psc=1"><img src="https://m.media-amazon.com/images/I/41RscSZokiL._SL500_.jpg" alt="Product Image"></a><p>Refresh Tears, Lubricant Eye Drops, 2 Bottles .5 fl oz (15 ml)</p><p> -7% 0FF </p><p>$14.68</p><a href="https://www.amazon.com/dp/B00008BRR8?tag=eloabder-20&linkCode=osi&th=1&psc=1">View Product</a></div><div class="product"><a href="https://www.amazon.com/dp/B0B45LL4DD?tag=eloabder-20&linkCode=osi&th=1&psc=1"><img src="https://m.media-amazon.com/images/I/31ZNIWikbtL._SL500_.jpg" alt="Product Image"></a><p>Beauty of Joseon Revive Eye Serum with Retinal Niacinamide Correction for Puffy Eye Bags Fine Lines Dark Circles Wrinkles, Korean Skin Care 30ml, 1 fl.oz</p><p> -12% 0FF </p><p>$14.50 ($14.50 / Fl Oz)</p><a href="https://www.amazon.com/dp/B0B45LL4DD?tag=eloabder-20&linkCode=osi&th=1&psc=1">View Product</a></div><div class="product"><a href="https://www.amazon.com/dp/B07BVYZL88?tag=eloabder-20&linkCode=osi&th=1&psc=1"><img src="https://m.media-amazon.com/images/I/41Nyltw77SL._SL500_.jpg" alt="Product Image"></a><p>LUMIFY Redness Reliever Eye Drops 0.25 Ounce (7.5mL)</p><p> -9% 0FF </p><p>$19.99 ($79.01 / Fl Oz)</p><a href="https://www.amazon.com/dp/B07BVYZL88?tag=eloabder-20&linkCode=osi&th=1&psc=1">View Product</a></div>
<div class="product"><a href="https://www.amazon.com/dp/B072N7WNTK?tag=eloabder-20&linkCode=osi&th=1&psc=1"><img src="https://m.media-amazon.com/images/I/4109e6u0vfL._SL500_.jpg" alt="Product Image"></a><p>Renu Contact Lens Solution Multipurpose Disinfectant, Advanced Formula Lens Cleaner, Cleans & Moisturizes Soft & Silicon Hydrogel Lenses, 12 Fl Oz</p><p> -5% 0FF </p><p>$8.58 ($0.72 / Fl Oz)</p><a href="https://www.amazon.com/dp/B072N7WNTK?tag=eloabder-20&linkCode=osi&th=1&psc=1">View Product</a></div><div class="product"><a href="https://www.amazon.com/dp/B010GD3NUY?tag=eloabder-20&linkCode=osi&th=1&psc=1"><img src="https://m.media-amazon.com/images/I/51J4K0ac2IL._SL500_.jpg" alt="Product Image"></a><p>Clear Care Plus Cleaning Solution with Lens Case, Twin Pack, Multi, 12 Oz, Pack of 2</p><p> -18% 0FF </p><p>$17.98 ($0.75 / Fl Oz)</p><a href="https://www.amazon.com/dp/B010GD3NUY?tag=eloabder-20&linkCode=osi&th=1&psc=1">View Product</a></div>
<div class="product"><a href="https://www.amazon.com/dp/B09XW9LBLF?tag=eloabder-20&linkCode=osi&th=1&psc=1"><img src="https://m.media-amazon.com/images/I/51n47pJYTJL._SL500_.jpg" alt="Product Image"></a><p>Arm & Hammer Simply Saline Daily Care Nasal Mist 4.4oz, Saline Nasal Spray, Drug-Free, 3-Pack</p><p> -28% 0FF </p><p>$13.67 ($1.04 / Ounce)</p><a href="https://www.amazon.com/dp/B09XW9LBLF?tag=eloabder-20&linkCode=osi&th=1&psc=1">View Product</a></div><div class="product"><a href="https://www.amazon.com/dp/B073MY31H6?tag=eloabder-20&linkCode=osi&th=1&psc=1"><img src="https://m.media-amazon.com/images/I/51pzJS3WS1L._SL500_.jpg" alt="Product Image"></a><p>Vicks Sinex SEVERE Nasal Spray, Original Ultra Fine Mist, Decongestant Medicine, Relief from Stuffy Nose due to Cold or Allergy, & Nasal Congestion, Sinus Pressure Relief, 265 Sprays x 2</p><p> -14% 0FF </p><p>$14.97</p><a href="https://www.amazon.com/dp/B073MY31H6?tag=eloabder-20&linkCode=osi&th=1&psc=1">View Product</a></div><div class="product"><a href="https://www.amazon.com/dp/B08R2SRN88?tag=eloabder-20&linkCode=osi&th=1&psc=1"><img src="https://m.media-amazon.com/images/I/51psI6ed71L._SL500_.jpg" alt="Product Image"></a><p>KIRKLAND SIGNATURE Aller-Flo Fluticasone Propionate (Glucorticoid) 5 Bottles x 120 Metered Sprays 0.54 Fl OZ per Bottle (15.8 mL x 5) 2.70 OZ Total (79 mL Total) 600 Total Sprays Total, 1-Pack</p><p> -24% 0FF </p><p>$27.35 ($10.13 / Fl Oz)</p><a href="https://www.amazon.com/dp/B08R2SRN88?tag=eloabder-20&linkCode=osi&th=1&psc=1">View Product</a></div><div class="product"><a href="https://www.amazon.com/dp/B000M4W2E6?tag=eloabder-20&linkCode=osi&th=1&psc=1"><img src="https://m.media-amazon.com/images/I/41ThKOpdtsL._SL500_.jpg" alt="Product Image"></a><p>Xlear Nasal Spray with Xylitol, 1.5 fl oz (Pack of 1)</p><p> -6% 0FF </p><p>$11.79 ($7.86 / Fl Oz)</p><a href="https://www.amazon.com/dp/B000M4W2E6?tag=eloabder-20&linkCode=osi&th=1&psc=1">View Product</a></div><div class="product"><a href="https://www.amazon.com/dp/B07PDJ138X?tag=eloabder-20&linkCode=osi&th=1&psc=1"><img src="https://m.media-amazon.com/images/I/51ZjUYn3qjL._SL500_.jpg" alt="Product Image"></a><p>FamilyCare Nasal Relief Spray, Pump Mist, Anti-drip, Severe Congestion, (Oxymetazoline HCI) 12 Hours, 3 Pack</p><p> -39% 0FF </p><p>$7.34 ($4.89 / Fl Oz)</p><a href="https://www.amazon.com/dp/B07PDJ138X?tag=eloabder-20&linkCode=osi&th=1&psc=1">View Product</a></div>
<div class="product"><a href="https://www.amazon.com/dp/B013IJPTFK?tag=eloabder-20&linkCode=osi&th=1&psc=1"><img src="https://m.media-amazon.com/images/I/41xvjpmyhUL._SL500_.jpg" alt="Product Image"></a><p>Pure Enrichment MistAire Ultrasonic Cool Mist Humidifier - Quiet Air Humidifier for Bedroom, Nursery, Office, & Indoor Plants - Lasts Up To 25 Hours</p><p> -20% 0FF </p><p>$39.99</p><a href="https://www.amazon.com/dp/B013IJPTFK?tag=eloabder-20&linkCode=osi&th=1&psc=1">View Product</a></div><div class="product"><a href="https://www.amazon.com/dp/B00F8MJXMG?tag=eloabder-20&linkCode=osi&th=1&psc=1"><img src="https://m.media-amazon.com/images/I/31JYco8Dz4L._SL500_.jpg" alt="Product Image"></a><p>Vicks Filter-Free Ultrasonic Humidifier. #1 Brand Recommended by Pediatricians*. 1.2 Gal Ultrasonic cool mist humidifier for medium to large Bedrooms, Kids Rooms, and More. Use with Vicks VapoPads.</p><p> -13% 0FF </p><p>$56.45</p><a href="https://www.amazon.com/dp/B00F8MJXMG?tag=eloabder-20&linkCode=osi&th=1&psc=1">View Product</a></div><div class="product"><a href="https://www.amazon.com/dp/B01MR4Y0CZ?tag=eloabder-20&linkCode=osi&th=1&psc=1"><img src="https://m.media-amazon.com/images/I/31FL7raWviL._SL500_.jpg" alt="Product Image"></a><p>ASAKUKI 500ml Premium, Essential Oil Diffuser with Remote Control, 5 in 1 Ultrasonic Aromatherapy Fragrant Oil Humidifier Vaporizer, Timer and Auto-Off Safety Switch Brown</p><p> -41% 0FF </p><p>$21.23</p><a href="https://www.amazon.com/dp/B01MR4Y0CZ?tag=eloabder-20&linkCode=osi&th=1&psc=1">View Product</a></div><div class="product"><a href="https://www.amazon.com/dp/B001FWXKTA?tag=eloabder-20&linkCode=osi&th=1&psc=1"><img src="https://m.media-amazon.com/images/I/31Rb8V-nAVL._SL500_.jpg" alt="Product Image"></a><p>Vicks Warm Mist Humidifier Small to Large Room for Baby, Kids and Adults, 1 Gallon Tank</p><p> -5% 0FF </p><p>$40.99</p><a href="https://www.amazon.com/dp/B001FWXKTA?tag=eloabder-20&linkCode=osi&th=1&psc=1">View Product</a></div><div class="product"><a href="https://www.amazon.com/dp/B07C683MBH?tag=eloabder-20&linkCode=osi&th=1&psc=1"><img src="https://m.media-amazon.com/images/I/31PvUTEoMCL._SL500_.jpg" alt="Product Image"></a><p>HealthSmart Essential Oil Diffuser, Cool Mist Humidifier and Aromatherapy Diffuser, FSA HSA Eligible with 500ML Tank for Large Rooms, Adjustable Timer, Mist Mode and 7 LED Light Colors, White</p><p> -47% 0FF </p><p>$25.49</p><a href="https://www.amazon.com/dp/B07C683MBH?tag=eloabder-20&linkCode=osi&th=1&psc=1">View Product</a></div><div class="product"><a href="https://www.amazon.com/dp/B01NBHQDNI?tag=eloabder-20&linkCode=osi&th=1&psc=1"><img src="https://m.media-amazon.com/images/I/41NnU7iAezL._SL500_.jpg" alt="Product Image"></a><p>Crane EE-5202 Inhaler & Warm Mist Humidifier, 0.5 Gallon, Blue & White</p><p> -24% 0FF </p><p>$45.49</p><a href="https://www.amazon.com/dp/B01NBHQDNI?tag=eloabder-20&linkCode=osi&th=1&psc=1">View Product</a></div><div class="product"><a href="https://www.amazon.com/dp/B073WJ5M1B?tag=eloabder-20&linkCode=osi&th=1&psc=1"><img src="https://m.media-amazon.com/images/I/41mWTAIAAiL._SL500_.jpg" alt="Product Image"></a><p>Pure Enrichment MistAire Silver Ultrasonic Cool Mist Humidifier for Bedroom, Office, Nursery & Indoor Plants - Lasts Up to 25 Hours, Whisper-Quiet Operation, Optional Night Light, & Auto Shut-Off</p><p> -20% 0FF </p><p>$39.99</p><a href="https://www.amazon.com/dp/B073WJ5M1B?tag=eloabder-20&linkCode=osi&th=1&psc=1">View Product</a></div>
<div class="product"><a href="https://www.amazon.com/dp/B086W2L7LZ?tag=eloabder-20&linkCode=osi&th=1&psc=1"><img src="https://m.media-amazon.com/images/I/41wQEdZ+aNL._SL500_.jpg" alt="Product Image"></a><p>MERIDIAN Body Hair Trimmer for Men, Bikini Trimmer for Women, Ball Trimmer Men, Pubic Hair, No Nick, No Cut, No Razor Burn, Groin and Body Shaver - Waterproof & Rechargeable Body Groomer - Sage</p><p> -33% 0FF </p><p>$49.99 ($49.99 / Count)</p><a href="https://www.amazon.com/dp/B086W2L7LZ?tag=eloabder-20&linkCode=osi&th=1&psc=1">View Product</a></div><div class="product"><a href="https://www.amazon.com/dp/B09QDRJ8ZX?tag=eloabder-20&linkCode=osi&th=1&psc=1"><img src="https://m.media-amazon.com/images/I/41jcrP+03XL._SL500_.jpg" alt="Product Image"></a><p>Finishing Touch Flawless Bikini Shaver and Trimmer Hair Remover for Women, Dry Use Electric Razor, Personal Groomer for Intimate Ladies Shaving, No Bump, Smooth Shave</p><p> -16% 0FF </p><p>$16.82</p><a href="https://www.amazon.com/dp/B09QDRJ8ZX?tag=eloabder-20&linkCode=osi&th=1&psc=1">View Product</a></div><div class="product"><a href="https://www.amazon.com/dp/B07HXK5J58?tag=eloabder-20&linkCode=osi&th=1&psc=1"><img src="https://m.media-amazon.com/images/I/31S-GgYdFYL._SL500_.jpg" alt="Product Image"></a><p>Wahl Lithium Pen Detail Trimmer with Interchangeable Heads for Nose, Ear, Neckline, Eyebrow, & Other Detailing – Rinseable Blades for Hygienic Grooming & Easy Cleaning – Blue – Model 5643-400</p><p> -13% 0FF </p><p>$13.04</p><a href="https://www.amazon.com/dp/B07HXK5J58?tag=eloabder-20&linkCode=osi&th=1&psc=1">View Product</a></div>
<div class="product"><a href="https://www.amazon.com/dp/B00006IVEN?tag=eloabder-20&linkCode=osi&th=1&psc=1"><img src="https://m.media-amazon.com/images/I/51xyn7u5V1L._SL500_.jpg" alt="Product Image"></a><p>Wahl Clipper USA Color Pro Complete Haircutting Kit with Easy Color Coded Guide Combs - Corded Clipper for Hair clipping & Grooming Men, Women, & Children - Model 79300-1001M</p><p> -25% 0FF </p><p>$29.99</p><a href="https://www.amazon.com/dp/B00006IVEN?tag=eloabder-20&linkCode=osi&th=1&psc=1">View Product</a></div><div class="product"><a href="https://www.amazon.com/dp/B0CRSZ9F1Y?tag=eloabder-20&linkCode=osi&th=1&psc=1"><img src="https://m.media-amazon.com/images/I/412g4VU8wDL._SL500_.jpg" alt="Product Image"></a><p>Ufree Hair Clippers for Men, Professional Clippers and Trimmers Set, Cordless Clippers for Hair Cutting, Beard Trimmer, Barber Clippers, Rechargeable Electric Shaver, Gifts for Men</p><p> -17% 0FF </p><p>$29.99</p><a href="https://www.amazon.com/dp/B0CRSZ9F1Y?tag=eloabder-20&linkCode=osi&th=1&psc=1">View Product</a></div><div class="product"><a href="https://www.amazon.com/dp/B0D1C9D1RC?tag=eloabder-20&linkCode=osi&th=1&psc=1"><img src="https://m.media-amazon.com/images/I/51seCL0pKkL._SL500_.jpg" alt="Product Image"></a><p>Jack & Rose Cordless Hair Clippers, Mens Hair Clippers, Wireless Clippers for Men, Barber kit Professional Clippers for Men</p><p> -40% 0FF </p><p>$29.99</p><a href="https://www.amazon.com/dp/B0D1C9D1RC?tag=eloabder-20&linkCode=osi&th=1&psc=1">View Product</a></div><div class="product"><a href="https://www.amazon.com/dp/B0D45VM3V8?tag=eloabder-20&linkCode=osi&th=1&psc=1"><img src="https://m.media-amazon.com/images/I/51QKYshKrXL._SL500_.jpg" alt="Product Image"></a><p>VGRPRO Hair Clippers for Men, Professional Cordless Hair Clippers and Trimmer Set, 4 in 1 Mens Beard Trimmer and Nose Ear Trimmer with Package Box</p><p> -29% 0FF </p><p>$49.99</p><a href="https://www.amazon.com/dp/B0D45VM3V8?tag=eloabder-20&linkCode=osi&th=1&psc=1">View Product</a></div>
<div class="product"><a href="https://www.amazon.com/dp/B0CZ4D2BXK?tag=eloabder-20&linkCode=osi&th=1&psc=1"><img src="https://m.media-amazon.com/images/I/61K04euiQlL._SL500_.jpg" alt="Product Image"></a><p>Electric Razor for Men, SHPAVVER Electric Shaver for Men, Rechargeable Wet Dry Shaver with Pop Up Trimmer, Waterproof Cordless Portable Razor</p><p> -15% 0FF </p><p>$21.24 ($21.24 / Count)</p><a href="https://www.amazon.com/dp/B0CZ4D2BXK?tag=eloabder-20&linkCode=osi&th=1&psc=1">View Product</a></div><div class="product"><a href="https://www.amazon.com/dp/B0115I2DRI?tag=eloabder-20&linkCode=osi&th=1&psc=1"><img src="https://m.media-amazon.com/images/I/51teVsMVjiL._SL500_.jpg" alt="Product Image"></a><p>Braun Electric Series 3 Razor with Precision Trimmer, Rechargeable, Wet & Dry Foil Shaver for Men, Blue/Black, 4 Piece</p><p> -25% 0FF </p><p>$59.99</p><a href="https://www.amazon.com/dp/B0115I2DRI?tag=eloabder-20&linkCode=osi&th=1&psc=1">View Product</a></div><div class="product"><a href="https://www.amazon.com/dp/B01M31O317?tag=eloabder-20&linkCode=osi&th=1&psc=1"><img src="https://m.media-amazon.com/images/I/41OAg4SbATL._SL500_.jpg" alt="Product Image"></a><p>Braun Electric Razor for Men, Series 3 310s Electric Foil Shaver, Rechargeable, Wet & Dry</p><p> -27% 0FF </p><p>$39.94</p><a href="https://www.amazon.com/dp/B01M31O317?tag=eloabder-20&linkCode=osi&th=1&psc=1">View Product</a></div><div class="product"><a href="https://www.amazon.com/dp/B00BB5YHEI?tag=eloabder-20&linkCode=osi&th=1&psc=1"><img src="https://m.media-amazon.com/images/I/4119p-23FFL._SL500_.jpg" alt="Product Image"></a><p>Remington Foil Shaver, Electric Razor for Men, Cordless Rechargeable with Pop Up Trimmer, Pivot & FlexFoil Technology, Lightweight Handheld Design, Black</p><p> -25% 0FF </p><p>$44.97</p><a href="https://www.amazon.com/dp/B00BB5YHEI?tag=eloabder-20&linkCode=osi&th=1&psc=1">View Product</a></div><div class="product"><a href="https://www.amazon.com/dp/B0CRMR45S2?tag=eloabder-20&linkCode=osi&th=1&psc=1"><img src="https://m.media-amazon.com/images/I/41onMcdpgCL._SL500_.jpg" alt="Product Image"></a><p>Braun Electric Shaver for Men, Series 5 5150cs, Wet & Dry Shave, Turbo Shaving Mode, Foil Shaver, with Beard Trimmer, Body Groomer and Charging Stand, Blue</p><p> -10% 0FF </p><p>$89.94</p><a href="https://www.amazon.com/dp/B0CRMR45S2?tag=eloabder-20&linkCode=osi&th=1&psc=1">View Product</a></div>
<div class="product"><a href="https://www.amazon.com/dp/B00LE99PA2?tag=eloabder-20&linkCode=osi&th=1&psc=1"><img src="https://m.media-amazon.com/images/I/518ViTgYdGL._SL500_.jpg" alt="Product Image"></a><p>Amopé Pedi Perfect Electric Callus Remover Foot File w/ Diamond Crystals, Pedicure Tool for Feet, Removes Hard & Dead Skin, Feet Scrubber & Buffer, Splashproof, w/ Extra Coarse Roller Head, 1 Count</p><p> -32% 0FF </p><p>$20.49</p><a href="https://www.amazon.com/dp/B00LE99PA2?tag=eloabder-20&linkCode=osi&th=1&psc=1">View Product</a></div><div class="product"><a href="https://www.amazon.com/dp/B07HRYCWQZ?tag=eloabder-20&linkCode=osi&th=1&psc=1"><img src="https://m.media-amazon.com/images/I/41foQatg2ZL._SL500_.jpg" alt="Product Image"></a><p>Extra Strength Callus Remover for Feet - Callus Remover Gel Foot Scrubber for Dead Skin - Professional Pedicure Foot Spa Essential, 6oz</p><p> -40% 0FF </p><p>$8.95</p><a href="https://www.amazon.com/dp/B07HRYCWQZ?tag=eloabder-20&linkCode=osi&th=1&psc=1">View Product</a></div><div class="product"><a href="https://www.amazon.com/dp/B01NCMJPOQ?tag=eloabder-20&linkCode=osi&th=1&psc=1"><img src="https://m.media-amazon.com/images/I/31lxdO7tvoL._SL500_.jpg" alt="Product Image"></a><p>Lee Beauty Professional Callus Remover for Feet - Original, Powerful Formulation - Extra Strength Gel, Home Pedicure Foot Spa Results - Cracked & Dead Dry Skin Supplies - 8 Oz</p><p> -21% 0FF </p><p>$14.99 ($1.87 / Ounce)</p><a href="https://www.amazon.com/dp/B01NCMJPOQ?tag=eloabder-20&linkCode=osi&th=1&psc=1">View Product</a></div>
<div class="product"><a href="https://www.amazon.com/dp/B0B3GCCRVH?tag=eloabder-20&linkCode=osi&th=1&psc=1"><img src="https://m.media-amazon.com/images/I/41EdCdrw-AL._SL500_.jpg" alt="Product Image"></a><p>CeraVe Skin Renewing Eye Cream For Wrinkles | Under Eye Cream With Peptides + Caffeine + Niacinamide | Anti Aging Eye Cream For Wrinkles & Crows Feet | Paraben Free & Opthalmologist Tested</p><p> -16% 0FF </p><p>$18.49 ($36.98 / Ounce)</p><a href="https://www.amazon.com/dp/B0B3GCCRVH?tag=eloabder-20&linkCode=osi&th=1&psc=1">View Product</a></div><div class="product"><a href="https://www.amazon.com/dp/B0009RFB76?tag=eloabder-20&linkCode=osi&th=1&psc=1"><img src="https://m.media-amazon.com/images/I/31tA7bKP49L._SL500_.jpg" alt="Product Image"></a><p>RoC Retinol Correxion Under Eye Cream for Dark Circles & Puffiness, Daily Wrinkle Cream, Anti Aging Line Smoothing Skin Care Treatment for Women and Men, 0.5 oz (Packaging May Vary)</p><p> -37% 0FF </p><p>$18.76 ($37.52 / Fl Oz)</p><a href="https://www.amazon.com/dp/B0009RFB76?tag=eloabder-20&linkCode=osi&th=1&psc=1">View Product</a></div><div class="product"><a href="https://www.amazon.com/dp/B00005333I?tag=eloabder-20&linkCode=osi&th=1&psc=1"><img src="https://m.media-amazon.com/images/I/31webfO63dL._SL500_.jpg" alt="Product Image"></a><p>L'Oreal Paris Dermo-Expertise Eye Defense Eye Cream with Caffeine and Hyaluronic Acid 0.5 oz</p><p> -23% 0FF </p><p>$12.27 ($24.54 / Ounce)</p><a href="https://www.amazon.com/dp/B00005333I?tag=eloabder-20&linkCode=osi&th=1&psc=1">View Product</a></div><div class="product"><a href="https://www.amazon.com/dp/B000KOLXKM?tag=eloabder-20&linkCode=osi&th=1&psc=1"><img src="https://m.media-amazon.com/images/I/31AyRPc8dQL._SL500_.jpg" alt="Product Image"></a><p>L'Oreal Paris Skincare Revitalift Anti-Wrinkle and Firming Eye Cream with Pro Retinol, Treatment to Reduce Dark Circles, Fragrance Free, 0.5 oz.</p><p> -31% 0FF </p><p>$13.72 ($27.44 / Ounce)</p><a href="https://www.amazon.com/dp/B000KOLXKM?tag=eloabder-20&linkCode=osi&th=1&psc=1">View Product</a></div><div class="product"><a href="https://www.amazon.com/dp/B008CT12G2?tag=eloabder-20&linkCode=osi&th=1&psc=1"><img src="https://m.media-amazon.com/images/I/418TuUptrmL._SL500_.jpg" alt="Product Image"></a><p>L'Oreal Paris Revitalift Triple Power Anti-Aging Eye Cream Treatment, with Pro Retinol, Hyaluronic Acid & Vitamin C to Reduce Wrinkles, De-puff and Brighten Skin, 0.5 fl. oz.</p><p> -38% 0FF </p><p>$18.03 ($36.06 / Fl Oz)</p><a href="https://www.amazon.com/dp/B008CT12G2?tag=eloabder-20&linkCode=osi&th=1&psc=1">View Product</a></div>


<div class="product"><a href="https://www.amazon.com/dp/B06ZZ3PJQD?tag=eloabder-20&linkCode=osi&th=1&psc=1"><img src="https://m.media-amazon.com/images/I/41iB36grf+L._SL500_.jpg" alt="Product Image"></a><p>Premier Protein Powder, Vanilla Milkshake, 30g Protein, 1g Sugar, 100% Whey Protein, Keto Friendly, No Soy Ingredients, Gluten Free, 17 Servings, 23.3 Ounces</p><p> -5% 0FF </p><p>$22.69 ($0.97 / Ounce)</p><a href="https://www.amazon.com/dp/B06ZZ3PJQD?tag=eloabder-20&linkCode=osi&th=1&psc=1">View Product</a></div><div class="product"><a href="https://www.amazon.com/dp/B00K0FTJ1Q?tag=eloabder-20&linkCode=osi&th=1&psc=1"><img src="https://m.media-amazon.com/images/I/41lj-2jQP7L._SL500_.jpg" alt="Product Image"></a><p>Purely Inspired Plant-Based Protein Powder for Men & Women, Creamy French Vanilla (16 Servings) - Vegan & Organic - 20g of Pea Protein Powder for Smoothies & Shakes - Dairy-Free, & Gluten-Free</p><p> -10% 0FF </p><p>$17.97 ($0.90 / Ounce)</p><a href="https://www.amazon.com/dp/B00K0FTJ1Q?tag=eloabder-20&linkCode=osi&th=1&psc=1">View Product</a></div>

<div class="product"><a href="https://www.amazon.com/dp/B0CV9JW4DS?tag=eloabder-20&linkCode=osi&th=1&psc=1"><img src="https://m.media-amazon.com/images/I/51L8z3xzNsL._SL500_.jpg" alt="Product Image"></a><p>Zoyava Dynamic Vitality Bundle - Sea Moss 7000mg, Black Seed Oil 4000mg, Ashwagandha 2000mg, Ginger & Shilajit 9000mg, Rhodiola Rosea 1000mg, Panax Ginseng 1500mg, All in 1 Supplements (60 Count)</p><p> -26% 0FF </p><p>$41.49 ($0.35 / Count)</p><a href="https://www.amazon.com/dp/B0CV9JW4DS?tag=eloabder-20&linkCode=osi&th=1&psc=1">View Product</a></div><div class="product"><a href="https://www.amazon.com/dp/B0BHFCW4C5?tag=eloabder-20&linkCode=osi&th=1&psc=1"><img src="https://m.media-amazon.com/images/I/41fohn0IzqL._SL500_.jpg" alt="Product Image"></a><p>Clean Nutraceuticals Ceylon Cinnamon 3000mg Turmeric 3000mg Apple Cider Vinegar 3000mg Ginseng 2000mg Berberine 1200mg Plus Bitter Melon Gymnema Milk Thistle Fenugreek</p><p> -25% 0FF </p><p>$29.95 ($0.50 / Count)</p><a href="https://www.amazon.com/dp/B0BHFCW4C5?tag=eloabder-20&linkCode=osi&th=1&psc=1">View Product</a></div><div class="product"><a href="https://www.amazon.com/dp/B079JX3FMC?tag=eloabder-20&linkCode=osi&th=1&psc=1"><img src="https://m.media-amazon.com/images/I/41a2YMmAOdL._SL500_.jpg" alt="Product Image"></a><p>Bronson Milk Thistle Silymarin Marianum & Dandelion Root Liver Health Support, Antioxidant Support, Detox, 120 Capsules</p><p> -33% 0FF </p><p>$9.99 ($0.08 / Count)</p><a href="https://www.amazon.com/dp/B079JX3FMC?tag=eloabder-20&linkCode=osi&th=1&psc=1">View Product</a></div><div class="product"><a href="https://www.amazon.com/dp/B01NCUJPBF?tag=eloabder-20&linkCode=osi&th=1&psc=1"><img src="https://m.media-amazon.com/images/I/418t59tc2oL._SL500_.jpg" alt="Product Image"></a><p>Liver Cleanse Detox & Repair Formula - Herbal Liver Support Supplement with Milk Thistle Turmeric Dandelion Root & Artichoke Extract for Liver Health - Silymarin Milk Thistle Liver Detox Capsules</p><p> -9% 0FF </p><p>$22.77 ($0.33 / Count)</p><a href="https://www.amazon.com/dp/B01NCUJPBF?tag=eloabder-20&linkCode=osi&th=1&psc=1">View Product</a></div><div class="product"><a href="https://www.amazon.com/dp/B09ZBC7DNT?tag=eloabder-20&linkCode=osi&th=1&psc=1"><img src="https://m.media-amazon.com/images/I/51X7ID-lCkL._SL500_.jpg" alt="Product Image"></a><p>10 in 1 High Strength Mushroom Supplement 9,700MG - Lions Mane, Cordyceps, Reishi - Brain Supplements for Memory and Focus ** 5-Month Supply</p><p> -15% 0FF </p><p>$16.99 ($0.11 / Count)</p><a href="https://www.amazon.com/dp/B09ZBC7DNT?tag=eloabder-20&linkCode=osi&th=1&psc=1">View Product</a></div>




<div class="product"><a href="https://www.amazon.com/dp/B09RQBHRCT?tag=eloabder-20&linkCode=osi&th=1&psc=1"><img src="https://m.media-amazon.com/images/I/41Cf0KUSNaL._SL500_.jpg" alt="Product Image"></a><p>Vital Proteins Collagen Peptides Powder, Promotes Hair, Nail, Skin, Bone and Joint Health, Zero Sugar, Unflavored 9.33 OZ</p><p> -21% 0FF </p><p>$21.45 ($2.30 / Ounce)</p><a href="https://www.amazon.com/dp/B09RQBHRCT?tag=eloabder-20&linkCode=osi&th=1&psc=1">View Product</a></div><div class="product"><a href="https://www.amazon.com/dp/B006VAZYNG?tag=eloabder-20&linkCode=osi&th=1&psc=1"><img src="https://m.media-amazon.com/images/I/41Zc2u0aSPL._SL500_.jpg" alt="Product Image"></a><p>Youtheory Advanced Collagen - 6,000 mg Collagen - with Vitamin C - for Hair, Skin & Nails* - Collagen Supplements for Women and Men - 290 Tablets</p><p> -27% 0FF </p><p>$16.71 ($0.06 / Count)</p><a href="https://www.amazon.com/dp/B006VAZYNG?tag=eloabder-20&linkCode=osi&th=1&psc=1">View Product</a></div><div class="product"><a href="https://www.amazon.com/dp/B01LXADO9Z?tag=eloabder-20&linkCode=osi&th=1&psc=1"><img src="https://m.media-amazon.com/images/I/41hb9KFlioL._SL500_.jpg" alt="Product Image"></a><p>Ancient Nutrition Collagen Powder Protein with Probiotics, Unflavored Multi Collagen Protein with Vitamin C, 45 Servings, Hydrolyzed Collagen Peptides Supports Skin and Nails, Gut Health, 16oz</p><p> -32% 0FF </p><p>$36.00 ($2.25 / Ounce)</p><a href="https://www.amazon.com/dp/B01LXADO9Z?tag=eloabder-20&linkCode=osi&th=1&psc=1">View Product</a></div><div class="product"><a href="https://www.amazon.com/dp/B08FNKSPD2?tag=eloabder-20&linkCode=osi&th=1&psc=1"><img src="https://m.media-amazon.com/images/I/41IT1q7jWKL._SL500_.jpg" alt="Product Image"></a><p>Nature Made Collagen Gummies with Vitamin C, Zinc and Biotin, Hydrolyzed Collagen Peptides Supplement for Healthy Skin Support, 60 Gummies, 60 Day Supply</p><p> -31% 0FF </p><p>$10.99 ($0.18 / Count)</p><a href="https://www.amazon.com/dp/B08FNKSPD2?tag=eloabder-20&linkCode=osi&th=1&psc=1">View Product</a></div>
<div class="product"><a href="https://www.amazon.com/dp/B07JMHNP9F?tag=eloabder-20&linkCode=osi&th=1&psc=1"><img src="https://m.media-amazon.com/images/I/51LdUja0NTL._SL500_.jpg" alt="Product Image"></a><p>Prebiotics for Advanced Gut Health - Immune System Support & Dietary Fiber - Fuels Good Bacteria Growth to Promote Digestive Health - Gas & Digestion Support - Probiotics for Men & Women - 60 Capsules</p><p> -29% 0FF </p><p>$19.97 ($0.33 / Count)</p><a href="https://www.amazon.com/dp/B07JMHNP9F?tag=eloabder-20&linkCode=osi&th=1&psc=1">View Product</a></div><div class="product"><a href="https://www.amazon.com/dp/B0BRTJ7BJ1?tag=eloabder-20&linkCode=osi&th=1&psc=1"><img src="https://m.media-amazon.com/images/I/51JFiTJs6ZL._SL500_.jpg" alt="Product Image"></a><p>Physician's CHOICE Prebiotic-Probiotic - Multi-Strain Probiotics & Synergistic Prebiotics -Designed for Digestive Health, Supporting Gut Microbiome - Powerful PrePro for Gut Health - for Women & Men</p><p> -15% 0FF </p><p>$16.97 ($0.57 / Count)</p><a href="https://www.amazon.com/dp/B0BRTJ7BJ1?tag=eloabder-20&linkCode=osi&th=1&psc=1">View Product</a></div><div class="product"><a href="https://www.amazon.com/dp/B07VYMQF6M?tag=eloabder-20&linkCode=osi&th=1&psc=1"><img src="https://m.media-amazon.com/images/I/51Y0hMBp3NL._SL500_.jpg" alt="Product Image"></a><p>Prebiotics and Probiotic with Whole Food Enzymes for Adults Women & Men - Probiotics Lactobacillus Acidophilus - Digestive Health Capsules Shelf Stable Supplement - Non-GMO Gluten & Dairy Free -30ct</p><p> -20% 0FF </p><p>$19.97 ($0.67 / Count)</p><a href="https://www.amazon.com/dp/B07VYMQF6M?tag=eloabder-20&linkCode=osi&th=1&psc=1">View Product</a></div>
<div class="product"><a href="https://www.amazon.com/dp/B00RH5K26I?tag=eloabder-20&linkCode=osi&th=1&psc=1"><img src="https://m.media-amazon.com/images/I/41cP90ySbpL._SL500_.jpg" alt="Product Image"></a><p>Zenwise Health Digestive Enzymes - Probiotic Multi Enzymes with Probiotics and Prebiotics for Digestive Health and Bloating Relief for Women and Men, Daily Enzymes for Gut and Digestion - 180 Count</p><p> -11% 0FF </p><p>$39.97 ($0.22 / Count)</p><a href="https://www.amazon.com/dp/B00RH5K26I?tag=eloabder-20&linkCode=osi&th=1&psc=1">View Product</a></div><div class="product"><a href="https://www.amazon.com/dp/B0009EXOTQ?tag=eloabder-20&linkCode=osi&th=1&psc=1"><img src="https://m.media-amazon.com/images/I/31XrgidcsbL._SL500_.jpg" alt="Product Image"></a><p>Source Naturals Essential Enzymes 500mg Bio-Aligned Multiple Enzyme Supplement Herbal Defense for Digestion, Gas, Constipation & Bloating Relief - Supports Immune System - 240 Capsules</p><p> -9% 0FF </p><p>$19.95 ($0.08 / Count)</p><a href="https://www.amazon.com/dp/B0009EXOTQ?tag=eloabder-20&linkCode=osi&th=1&psc=1">View Product</a></div><div class="product"><a href="https://www.amazon.com/dp/B0012QMAHM?tag=eloabder-20&linkCode=osi&th=1&psc=1"><img src="https://m.media-amazon.com/images/I/41DLWhEdXTL._SL500_.jpg" alt="Product Image"></a><p>Enzymedica Digest Gold + ATPro, Maximum Strength Digestive Enzymes, Helps Digest Large Meals for Instant Bloating Relief, 45 Count</p><p> -18% 0FF </p><p>$24.74 ($0.55 / Count)</p><a href="https://www.amazon.com/dp/B0012QMAHM?tag=eloabder-20&linkCode=osi&th=1&psc=1">View Product</a></div>

<div class="product"><a href="https://www.amazon.com/dp/B0B1VRCJ2Z?tag=eloabder-20&linkCode=osi&th=1&psc=1"><img src="https://m.media-amazon.com/images/I/31rFUBNNRlL._SL500_.jpg" alt="Product Image"></a><p>Health by Habit Energy Supplement (60 Capsules) - Natual Caffeine Blend, Vitamins B & C, Supports Energy Levels, Promotes Mental Alertness and Focus, Vegan, Non-GMO, Sugar Free (1 Pack)</p><p> -12% 0FF </p><p>$7.88 ($0.13 / Count)</p><a href="https://www.amazon.com/dp/B0B1VRCJ2Z?tag=eloabder-20&linkCode=osi&th=1&psc=1">View Product</a></div><div class="product"><a href="https://www.amazon.com/dp/B008PQDCG0?tag=eloabder-20&linkCode=osi&th=1&psc=1"><img src="https://m.media-amazon.com/images/I/51EFLU6zpCL._SL500_.jpg" alt="Product Image"></a><p>Nature Made Super B Energy Complex, Dietary Supplement for Brain Cell Function Support, 60 Softgels, 60 Day Supply</p><p> -35% 0FF </p><p>$9.34 ($0.16 / Count)</p><a href="https://www.amazon.com/dp/B008PQDCG0?tag=eloabder-20&linkCode=osi&th=1&psc=1">View Product</a></div><div class="product"><a href="https://www.amazon.com/dp/B01LXX5Z8Q?tag=eloabder-20&linkCode=osi&th=1&psc=1"><img src="https://m.media-amazon.com/images/I/41SOEB+wJRL._SL500_.jpg" alt="Product Image"></a><p>OLLY Daily Energy Gummy, Caffeine Free, Vitamin B12, CoQ10, Goji Berry, Adult Chewable Supplement, Tropical Flavor - 60 Count</p><p> -8% 0FF </p><p>$12.88 ($0.21 / Count)</p><a href="https://www.amazon.com/dp/B01LXX5Z8Q?tag=eloabder-20&linkCode=osi&th=1&psc=1">View Product</a></div><div class="product"><a href="https://www.amazon.com/dp/B0BV4F17B4?tag=eloabder-20&linkCode=osi&th=1&psc=1"><img src="https://m.media-amazon.com/images/I/41UR52LyNJL._SL500_.jpg" alt="Product Image"></a><p>OLLY Extra Strength Daily Energy Gummy, Caffeine Free, 1000mcg Vitamin B12, CoQ10, Goji Berry, Adult Chewable Supplement, Berry Yuzu Flavor - 60 Count</p><p> -16% 0FF </p><p>$15.88 ($0.26 / Count)</p><a href="https://www.amazon.com/dp/B0BV4F17B4?tag=eloabder-20&linkCode=osi&th=1&psc=1">View Product</a></div><div class="product"><a href="https://www.amazon.com/dp/B013U9NR1G?tag=eloabder-20&linkCode=osi&th=1&psc=1"><img src="https://m.media-amazon.com/images/I/41JPVOnggqL._SL500_.jpg" alt="Product Image"></a><p>GNC Womens Ultra Mega Energy and Metabolism Multivitamin for Women, 90 Count, for Increased Energy, Metablism, and Calorie Burning</p><p> -7% 0FF </p><p>$20.52 ($0.23 / Count)</p><a href="https://www.amazon.com/dp/B013U9NR1G?tag=eloabder-20&linkCode=osi&th=1&psc=1">View Product</a></div><div class="product"><a href="https://www.amazon.com/dp/B00H34BOCE?tag=eloabder-20&linkCode=osi&th=1&psc=1"><img src="https://m.media-amazon.com/images/I/41Ho0oGzx-L._SL500_.jpg" alt="Product Image"></a><p>Nature Made Energy B12 1000 mcg, Dietary Supplement for Energy Metabolism Support, 80 Gummies, 40 Day Supply</p><p> -12% 0FF </p><p>$9.49 ($0.12 / Count)</p><a href="https://www.amazon.com/dp/B00H34BOCE?tag=eloabder-20&linkCode=osi&th=1&psc=1">View Product</a></div><div class="product"><a href="https://www.amazon.com/dp/B003XTV3OC?tag=eloabder-20&linkCode=osi&th=1&psc=1"><img src="https://m.media-amazon.com/images/I/41aGtkADESL._SL500_.jpg" alt="Product Image"></a><p>GNC Mega Men Energy and Metabolism Supplement, 90 Count</p><p> -13% 0FF </p><p>$19.99 ($0.22 / count)</p><a href="https://www.amazon.com/dp/B003XTV3OC?tag=eloabder-20&linkCode=osi&th=1&psc=1">View Product</a></div>
<div class="product"><a href="https://www.amazon.com/dp/B07SSVYMJV?tag=eloabder-20&linkCode=osi&th=1&psc=1"><img src="https://m.media-amazon.com/images/I/41nKoj5uWZL._SL500_.jpg" alt="Product Image"></a><p>Kirkland Signature Triple Action Joint Health, UC•ll Undenatured Type II Collagen, Boron, Hyaluronic Acid,with Boron,110 Coated Tablets(Pack of 2)</p><p> -18% 0FF </p><p>$48.99 ($0.22 / Count)</p><a href="https://www.amazon.com/dp/B07SSVYMJV?tag=eloabder-20&linkCode=osi&th=1&psc=1">View Product</a></div><div class="product"><a href="https://www.amazon.com/dp/B07VLJN7C6?tag=eloabder-20&linkCode=osi&th=1&psc=1"><img src="https://m.media-amazon.com/images/I/41+zx9kRxGL._SL500_.jpg" alt="Product Image"></a><p>Move Free Ultra Triple Action Joint Support Supplement - Type II Collagen Boron & Hyaluronic Acid - Supports Joint Comfort, Cartiliage & Bones in 1 Tiny Pill Per Day, 64 Tablets (64 servings)*</p><p> -32% 0FF </p><p>$20.47 ($0.32 / Count)</p><a href="https://www.amazon.com/dp/B07VLJN7C6?tag=eloabder-20&linkCode=osi&th=1&psc=1">View Product</a></div><div class="product"><a href="https://www.amazon.com/dp/B0CZB1RJ8L?tag=eloabder-20&linkCode=osi&th=1&psc=1"><img src="https://m.media-amazon.com/images/I/516O87kHbuL._SL500_.jpg" alt="Product Image"></a><p>Qunol 5-in-1 Joint Support Supplement, Fast Acting, One Pill Dose, Support Healthy Inflammation Response & Discomfort Caused by Overuse of Joints, Alternative to Glucosamine Chondroitin MSM, 60 Count</p><p> -16% 0FF </p><p>$27.80 ($0.46 / Count)</p><a href="https://www.amazon.com/dp/B0CZB1RJ8L?tag=eloabder-20&linkCode=osi&th=1&psc=1">View Product</a></div><div class="product"><a href="https://www.amazon.com/dp/B0082D9QUW?tag=eloabder-20&linkCode=osi&th=1&psc=1"><img src="https://m.media-amazon.com/images/I/413QAFL8wML._SL500_.jpg" alt="Product Image"></a><p>Osteo Bi-Flex One Per Day, Glucosamine Joint Health Supplement with Vitamin D, Coated Tablets, 60 Count</p><p> -44% 0FF </p><p>$19.57 ($0.33 / Count)</p><a href="https://www.amazon.com/dp/B0082D9QUW?tag=eloabder-20&linkCode=osi&th=1&psc=1">View Product</a></div><div class="product"><a href="https://www.amazon.com/dp/B001W2MBSE?tag=eloabder-20&linkCode=osi&th=1&psc=1"><img src="https://m.media-amazon.com/images/I/4144YmkKbfL._SL500_.jpg" alt="Product Image"></a><p>Move Free Advanced Glucosamine Chondroitin MSM Joint Support Supplement, Supports Mobility Comfort Strength Flexibility & Bone - 120 Tablets (40 servings)*</p><p> -35% 0FF </p><p>$19.49 ($0.16 / Count)</p><a href="https://www.amazon.com/dp/B001W2MBSE?tag=eloabder-20&linkCode=osi&th=1&psc=1">View Product</a></div>
<div class="product"><a href="https://www.amazon.com/dp/B08ML6GMY4?tag=eloabder-20&linkCode=osi&th=1&psc=1"><img src="https://m.media-amazon.com/images/I/415l9I+T6aL._SL500_.jpg" alt="Product Image"></a><p>Snap Supplements Heart Health Supplements and Blood Circulation Supplements, 90 Capsules</p><p> -18% 0FF </p><p>$32.95 ($0.37 / Count)</p><a href="https://www.amazon.com/dp/B08ML6GMY4?tag=eloabder-20&linkCode=osi&th=1&psc=1">View Product</a></div><div class="product"><a href="https://www.amazon.com/dp/B00014JOWU?tag=eloabder-20&linkCode=osi&th=1&psc=1"><img src="https://m.media-amazon.com/images/I/41L4KTA5YkL._SL500_.jpg" alt="Product Image"></a><p>Century Systems - Heart Miracle, Nutritional Supplement for Blood Pressure, Cholesterol, and Cardiovascular Support, 32 Ounce Liquid, 16-32 Servings</p><p> -16% 0FF </p><p>$27.74 ($0.87 / Fl Oz)</p><a href="https://www.amazon.com/dp/B00014JOWU?tag=eloabder-20&linkCode=osi&th=1&psc=1">View Product</a></div><div class="product"><a href="https://www.amazon.com/dp/B095WNBLMN?tag=eloabder-20&linkCode=osi&th=1&psc=1"><img src="https://m.media-amazon.com/images/I/41G4HHN2YJL._SL500_.jpg" alt="Product Image"></a><p>Force Factor Total Beets Soft Chews with Beetroot, Nitrates, L-Citrulline, Grapeseed Extract, and Antioxidants, Healthy Energy Supplement with Elite Ingredients, Heart Health Superfood, 60 Chews</p><p> -21% 0FF </p><p>$14.98 ($0.25 / Count)</p><a href="https://www.amazon.com/dp/B095WNBLMN?tag=eloabder-20&linkCode=osi&th=1&psc=1">View Product</a></div>
<div class="product"><a href="https://www.amazon.com/dp/B01MZ6YI2A?tag=eloabder-20&linkCode=osi&th=1&psc=1"><img src="https://m.media-amazon.com/images/I/51cTsNDt7bL._SL500_.jpg" alt="Product Image"></a><p>New Chapter Calcium Supplement - Bone Strength Organic Calcium with Magnesium, Vitamin D3+K2, 70+ Trace Minerals for Bone Health, Gluten Free, Easy to Swallow - 120 Slim Tablets</p><p> -12% 0FF </p><p>$32.56 ($0.27 / Count)</p><a href="https://www.amazon.com/dp/B01MZ6YI2A?tag=eloabder-20&linkCode=osi&th=1&psc=1">View Product</a></div>
<div class="product"><a href="https://www.amazon.com/dp/B072F8HRM1?tag=eloabder-20&linkCode=osi&th=1&psc=1"><img src="https://m.media-amazon.com/images/I/51KS6y-EH7L._SL500_.jpg" alt="Product Image"></a><p>AZO Bladder Control with Go-Less® & Weight Management Dietary Supplement | Helps Reduce Occasional Urgency* | Promotes Healthy Metabolism* | Supports a Good Night’s Sleep* | 48 Capsules</p><p> -8% 0FF </p><p>$20.21 ($0.42 / Count)</p><a href="https://www.amazon.com/dp/B072F8HRM1?tag=eloabder-20&linkCode=osi&th=1&psc=1">View Product</a></div><div class="product"><a href="https://www.amazon.com/dp/B0BWZQLQLP?tag=eloabder-20&linkCode=osi&th=1&psc=1"><img src="https://m.media-amazon.com/images/I/41iuD-eU7lL._SL500_.jpg" alt="Product Image"></a><p>Nature’s Bounty Metabolism Booster Supplement, Boosts Fat Metabolism, Promotes Abdominal Fat Loss, with Citrus Extracts and Black Ginger, 60 Capsules</p><p> -6% 0FF </p><p>$19.06 ($0.32 / Count)</p><a href="https://www.amazon.com/dp/B0BWZQLQLP?tag=eloabder-20&linkCode=osi&th=1&psc=1">View Product</a></div>

<div class="product"><a href="https://www.amazon.com/dp/B08DP57QF5?tag=eloabder-20&linkCode=osi&th=1&psc=1"><img src="https://m.media-amazon.com/images/I/41fG9e3QHeL._SL500_.jpg" alt="Product Image"></a><p>Inno Cleanse - Waist Trimming Complex | Digestive System Support & Aid | Reduced Bloating | Improves Energy Levels | Gluten Free, Vegan Friendly</p><p> -12% 0FF </p><p>$43.99 ($0.73 / Count)</p><a href="https://www.amazon.com/dp/B08DP57QF5?tag=eloabder-20&linkCode=osi&th=1&psc=1">View Product</a></div><div class="product"><a href="https://www.amazon.com/dp/B0015R3L5S?tag=eloabder-20&linkCode=osi&th=1&psc=1"><img src="https://m.media-amazon.com/images/I/51LB3xPDZ+L._SL500_.jpg" alt="Product Image"></a><p>Renew Life Detox Cleanse More, Reduces Bloating and Restores Regularity, Overnight Constipation Relief, Soy, Dairy and gluten-free, 100 Capsules</p><p> -29% 0FF </p><p>$21.23 ($0.21 / Count)</p><a href="https://www.amazon.com/dp/B0015R3L5S?tag=eloabder-20&linkCode=osi&th=1&psc=1">View Product</a></div>

<div class="product"><a href="https://www.amazon.com/dp/B0C6MZV9NT?tag=eloabder-20&linkCode=osi&th=1&psc=1"><img src="https://m.media-amazon.com/images/I/41e-mNhP2zL._SL500_.jpg" alt="Product Image"></a><p>Nature's Bounty Stress Relief, Ashwagandha KSM-66, Supports Occasional Stress Relief, Dietary Supplement, Tablets, 90 Ct</p><p> -34% 0FF </p><p>$13.70 ($0.15 / Count)</p><a href="https://www.amazon.com/dp/B0C6MZV9NT?tag=eloabder-20&linkCode=osi&th=1&psc=1">View Product</a></div><div class="product"><a href="https://www.amazon.com/dp/B08VYWSVVF?tag=eloabder-20&linkCode=osi&th=1&psc=1"><img src="https://m.media-amazon.com/images/I/41Ho+8wPa0L._SL500_.jpg" alt="Product Image"></a><p>Boiron StressCalm for Relief of Stress, Anxiousness, Nervousness, Irritability, and Fatigue - 60 Count</p><p> -29% 0FF </p><p>$8.49 ($0.14 / Count)</p><a href="https://www.amazon.com/dp/B08VYWSVVF?tag=eloabder-20&linkCode=osi&th=1&psc=1">View Product</a></div><div class="product"><a href="https://www.amazon.com/dp/B09SR84773?tag=eloabder-20&linkCode=osi&th=1&psc=1"><img src="https://m.media-amazon.com/images/I/41ZCNv-yCrL._SL500_.jpg" alt="Product Image"></a><p>Nature Made Wellblends Stress Relief Gummies, L theanine 200mg to Help Reduce Stress, with GABA 100mg, Same Day Stress Support, 40 Strawberry Flavor Gummies</p><p> -16% 0FF </p><p>$13.41 ($0.34 / Count)</p><a href="https://www.amazon.com/dp/B09SR84773?tag=eloabder-20&linkCode=osi&th=1&psc=1">View Product</a></div><div class="product"><a href="https://www.amazon.com/dp/B07JDWTDPB?tag=eloabder-20&linkCode=osi&th=1&psc=1"><img src="https://m.media-amazon.com/images/I/41Suhu46BgL._SL500_.jpg" alt="Product Image"></a><p>UpNature Calm Essential Oil Roll On Blend - Self Care Stocking Stuffers for Women - 100% Natural Relaxation Aromatherapy Oil</p><p> -40% 0FF </p><p>$8.98 ($27.21 / Fl Oz)</p><a href="https://www.amazon.com/dp/B07JDWTDPB?tag=eloabder-20&linkCode=osi&th=1&psc=1">View Product</a></div><div class="product"><a href="https://www.amazon.com/dp/B000OC1ETU?tag=eloabder-20&linkCode=osi&th=1&psc=1"><img src="https://m.media-amazon.com/images/I/51tdD9F9O4L._SL500_.jpg" alt="Product Image"></a><p>Bach RESCUE PASTILLES, Orange and Elderflower Flavor, Natural Stress Relief Lozenges, Homeopathic Flower Essence, Vegetarian, Gluten & Sugar-Free, Holiday Stocking Stuffer, 35 Count</p><p> -16% 0FF </p><p>$8.75 ($0.25 / Count)</p><a href="https://www.amazon.com/dp/B000OC1ETU?tag=eloabder-20&linkCode=osi&th=1&psc=1">View Product</a></div><div class="product"><a href="https://www.amazon.com/dp/B00D1441JS?tag=eloabder-20&linkCode=osi&th=1&psc=1"><img src="https://m.media-amazon.com/images/I/31nAummfSJL._SL500_.jpg" alt="Product Image"></a><p>Bath & Body Works Aromatherapy Stress Relief - Eucalyptus-Spearmint Unisex Body Lotion 6.5 oz</p><p> -10% 0FF </p><p>$14.35 ($2.21 / Fl Oz)</p><a href="https://www.amazon.com/dp/B00D1441JS?tag=eloabder-20&linkCode=osi&th=1&psc=1">View Product</a></div><div class="product"><a href="https://www.amazon.com/dp/B0B9DQQKLG?tag=eloabder-20&linkCode=osi&th=1&psc=1"><img src="https://m.media-amazon.com/images/I/515W1OUmOqL._SL500_.jpg" alt="Product Image"></a><p>Boiron StressCalm On The Go for Relief of Stress, Anxiousness, Nervousness, Irritability, and Fatigue, 80 Count (Pack of 2)</p><p> -32% 0FF </p><p>$9.34 ($0.06 / Count)</p><a href="https://www.amazon.com/dp/B0B9DQQKLG?tag=eloabder-20&linkCode=osi&th=1&psc=1">View Product</a></div>
<div class="product"><a href="https://www.amazon.com/dp/B07PBZRDJN?tag=eloabder-20&linkCode=osi&th=1&psc=1"><img src="https://m.media-amazon.com/images/I/51mpObXjYwL._SL500_.jpg" alt="Product Image"></a><p>NEURIVA Plus Brain Supplement for Memory and Focus Clinically Tested Nootropics for Concentration for Mental Clarity, Cognitive Enhancement Vitamins B6, B12, Phosphatidylserine 30 Capsules</p><p> -20% 0FF </p><p>$35.93 ($1.20 / Count)</p><a href="https://www.amazon.com/dp/B07PBZRDJN?tag=eloabder-20&linkCode=osi&th=1&psc=1">View Product</a></div><div class="product"><a href="https://www.amazon.com/dp/B078SJ9F5S?tag=eloabder-20&linkCode=osi&th=1&psc=1"><img src="https://m.media-amazon.com/images/I/41kM5+mO9kL._SL500_.jpg" alt="Product Image"></a><p>Genius Mushroom Supplement - Lions Mane, Cordyceps, Reishi - Brain Nootropic for Energy, Focus, Overall Wellness, & Immune Support, - 90 Veggie Pills</p><p> -9% 0FF </p><p>$21.95 ($0.24 / Count)</p><a href="https://www.amazon.com/dp/B078SJ9F5S?tag=eloabder-20&linkCode=osi&th=1&psc=1">View Product</a></div><div class="product"><a href="https://www.amazon.com/dp/B07H8N5VF6?tag=eloabder-20&linkCode=osi&th=1&psc=1"><img src="https://m.media-amazon.com/images/I/41BPGrNSadL._SL500_.jpg" alt="Product Image"></a><p>OLLY Laser Focus Gummy, Ginseng, Alpha GPC, B Vitamins, Berry Tangerine Flavor - 36 Count</p><p> -8% 0FF </p><p>$12.88 ($0.36 / Count)</p><a href="https://www.amazon.com/dp/B07H8N5VF6?tag=eloabder-20&linkCode=osi&th=1&psc=1">View Product</a></div><div class="product"><a href="https://www.amazon.com/dp/B0BXTN1V7F?tag=eloabder-20&linkCode=osi&th=1&psc=1"><img src="https://m.media-amazon.com/images/I/513JW5FoUhL._SL500_.jpg" alt="Product Image"></a><p>NEURIVA Ultra Decaffeinated Clinically Tested Nootropic Brain Supplement for Mental Alertness, Memory, Focus & Concentration, Cognivive, Neurofactor, Phosphatidylserine, Vitamins B6 B12, 60 Capsules</p><p> -17% 0FF </p><p>$49.99 ($0.83 / Count)</p><a href="https://www.amazon.com/dp/B0BXTN1V7F?tag=eloabder-20&linkCode=osi&th=1&psc=1">View Product</a></div>
<div class="product"><a href="https://www.amazon.com/dp/B09X2CG92L?tag=eloabder-20&linkCode=osi&th=1&psc=1"><img src="https://m.media-amazon.com/images/I/41ebxpgEyDL._SL500_.jpg" alt="Product Image"></a><p>21,800mg Testosterone Booster for Men 8X Strength w. Ashwagandha, Tongkat Ali, Pycnogenol, Tribulus - Total T Male Enhancing Test Libido Booster + Muscle Builder Growth Testosterone Supplement for Men</p><p> -14% 0FF </p><p>$29.95 ($0.33 / Count)</p><a href="https://www.amazon.com/dp/B09X2CG92L?tag=eloabder-20&linkCode=osi&th=1&psc=1">View Product</a></div><div class="product"><a href="https://www.amazon.com/dp/B01FKP3Q7S?tag=eloabder-20&linkCode=osi&th=1&psc=1"><img src="https://m.media-amazon.com/images/I/413pONqgwjL._SL500_.jpg" alt="Product Image"></a><p>OLLY Men's Multivitamin Gummy, Vitamins A, C, D, E, B, Zinc, Blackberry Flavor, 45 Day Supply - 90 Count</p><p> -8% 0FF </p><p>$12.88 ($0.14 / Count)</p><a href="https://www.amazon.com/dp/B01FKP3Q7S?tag=eloabder-20&linkCode=osi&th=1&psc=1">View Product</a></div><div class="product"><a href="https://www.amazon.com/dp/B01KE592JU?tag=eloabder-20&linkCode=osi&th=1&psc=1"><img src="https://m.media-amazon.com/images/I/41H9Ng4ybQL._SL500_.jpg" alt="Product Image"></a><p>Multivitamin for Men - Daily Mens Multivitamins & Multiminerals Supplement for Energy, Focus and Performance. Mens Vitamins A, C, D, E & B12, Zinc, Calcium, Magnesium & More. Multi Vitamin Capsules</p><p> -12% 0FF </p><p>$22.97 ($0.38 / Count)</p><a href="https://www.amazon.com/dp/B01KE592JU?tag=eloabder-20&linkCode=osi&th=1&psc=1">View Product</a></div>
<div class="product"><a href="https://www.amazon.com/dp/B014G4AY1A?tag=eloabder-20&linkCode=osi&th=1&psc=1"><img src="https://m.media-amazon.com/images/I/41Sw6ljhdlL._SL500_.jpg" alt="Product Image"></a><p>OLLY Women's Multivitamin Gummy, Vitamins A, D, C, E, Biotin, Folic Acid, Adult Chewable Vitamin, Berry Flavor, 45 Day Supply - 90 Count (Packaging May Vary)</p><p> -16% 0FF </p><p>$11.78 ($0.13 / Count)</p><a href="https://www.amazon.com/dp/B014G4AY1A?tag=eloabder-20&linkCode=osi&th=1&psc=1">View Product</a></div><div class="product"><a href="https://www.amazon.com/dp/B0BL1MXV78?tag=eloabder-20&linkCode=osi&th=1&psc=1"><img src="https://m.media-amazon.com/images/I/31djY+cfT5L._SL500_.jpg" alt="Product Image"></a><p>Health by Habit Libido Blend (60 Capsules) - Natural Aphrodisiac Blend with Maca, Ashwagandha, Vegan, Non-GMO, Sugar-Free (1 Pack)</p><p> -12% 0FF </p><p>$7.88 ($0.13 / Count)</p><a href="https://www.amazon.com/dp/B0BL1MXV78?tag=eloabder-20&linkCode=osi&th=1&psc=1">View Product</a></div><div class="product"><a href="https://www.amazon.com/dp/B00HSMS5OQ?tag=eloabder-20&linkCode=osi&th=1&psc=1"><img src="https://m.media-amazon.com/images/I/41YPUfP+S+L._SL500_.jpg" alt="Product Image"></a><p>vH essentials Probiotics with Prebiotics and Cranberry Feminine Health Supplement - 60 Capsules</p><p> -7% 0FF </p><p>$8.37 ($0.14 / Count)</p><a href="https://www.amazon.com/dp/B00HSMS5OQ?tag=eloabder-20&linkCode=osi&th=1&psc=1">View Product</a></div><div class="product"><a href="https://www.amazon.com/dp/B092CS29NR?tag=eloabder-20&linkCode=osi&th=1&psc=1"><img src="https://m.media-amazon.com/images/I/41DhZ7w-PGL._SL500_.jpg" alt="Product Image"></a><p>OLLY Happy Hoo-Ha Capsules, Probiotic for Women, Vaginal Health and pH Balance, 10 Billion CFU, Gluten Free - 25 Count</p><p> -16% 0FF </p><p>$16.88 ($0.68 / Count)</p><a href="https://www.amazon.com/dp/B092CS29NR?tag=eloabder-20&linkCode=osi&th=1&psc=1">View Product</a></div><div class="product"><a href="https://www.amazon.com/dp/B004RR1FF6?tag=eloabder-20&linkCode=osi&th=1&psc=1"><img src="https://m.media-amazon.com/images/I/41ql+ZTTDSL._SL500_.jpg" alt="Product Image"></a><p>AZO Cranberry Supplement, Made with Concentrated Whole Fruit Cranberry Powder to Help Cleanse and Protect the Urinary Tract*, Sugar Free Cranberry Pills, Non-GMO, 100 Softgels</p><p> -12% 0FF </p><p>$12.07 ($0.12 / Count)</p><a href="https://www.amazon.com/dp/B004RR1FF6?tag=eloabder-20&linkCode=osi&th=1&psc=1">View Product</a></div><div class="product"><a href="https://www.amazon.com/dp/B095C7H62X?tag=eloabder-20&linkCode=osi&th=1&psc=1"><img src="https://m.media-amazon.com/images/I/31+ycRW6KhL._SL500_.jpg" alt="Product Image"></a><p>Sleep Mask for Side Sleeper, Upgraded 3D Contoured Cup Eye mask Blindfold for Man Women, Block Out Light, Eye mask with Adjustable Strap, Breathable & Soft for Sleeping, Yoga, Traveling (Black)</p><p> -17% 0FF </p><p>$9.97 ($9.97 / Count)</p><a href="https://www.amazon.com/dp/B095C7H62X?tag=eloabder-20&linkCode=osi&th=1&psc=1">View Product</a></div><div class="product"><a href="https://www.amazon.com/dp/B0CJX1HK52?tag=eloabder-20&linkCode=osi&th=1&psc=1"><img src="https://m.media-amazon.com/images/I/41WD9vo6cnL._SL500_.jpg" alt="Product Image"></a><p>Bloom Nutrition Superfood Greens Powder, Digestive Enzymes with Probiotics and Prebiotics, Gut Health, Bloating Relief for Women, Chlorella, Juice Mix w/Beet Root Powder, 30 SVG, Orange Passionfruit</p><p> -13% 0FF </p><p>$34.99 ($4.73 / Ounce)</p><a href="https://www.amazon.com/dp/B0CJX1HK52?tag=eloabder-20&linkCode=osi&th=1&psc=1">View Product</a></div>
<div class="product"><a href="https://www.amazon.com/dp/B0CWS5QP8F?tag=eloabder-20&linkCode=osi&th=1&psc=1"><img src="https://m.media-amazon.com/images/I/51qHqbsqtaL._SL500_.jpg" alt="Product Image"></a><p>MaryRuth's Liquid Multivitamin + Lustriva® Hair Growth | Biotin 10000mcg | Vitamin D | B Vitamins | Clinically Tested for Thicker Hair, Wrinkles, Fine Lines, Skin Care | Ages 18+ | 15 Fl Oz</p><p> -11% 0FF </p><p>$39.95 ($2.62 / Fl Oz)</p><a href="https://www.amazon.com/dp/B0CWS5QP8F?tag=eloabder-20&linkCode=osi&th=1&psc=1">View Product</a></div><div class="product"><a href="https://www.amazon.com/dp/B0CHWYVRVS?tag=eloabder-20&linkCode=osi&th=1&psc=1"><img src="https://m.media-amazon.com/images/I/41fn5OHX3xL._SL500_.jpg" alt="Product Image"></a><p>Nature's Bounty Hair Growth Supplement, 1 Per Day, Clinically Shown to Support Thicker, Fuller Hair, with Biotin, Silicon & Arginine, 90 Capsules</p><p> -20% 0FF </p><p>$48.29 ($0.54 / Count)</p><a href="https://www.amazon.com/dp/B0CHWYVRVS?tag=eloabder-20&linkCode=osi&th=1&psc=1">View Product</a></div><div class="product"><a href="https://www.amazon.com/dp/B0072F8D7S?tag=eloabder-20&linkCode=osi&th=1&psc=1"><img src="https://m.media-amazon.com/images/I/41j4CBYG0SL._SL500_.jpg" alt="Product Image"></a><p>Nature's Bounty Advanced Hair, Skin & Nails, Argan-Infused Vitamin Supplement with Biotin and Hyaluronic Acid, 150 Rapid Release Softgels</p><p> -47% 0FF </p><p>$10.99 ($0.07 / Count)</p><a href="https://www.amazon.com/dp/B0072F8D7S?tag=eloabder-20&linkCode=osi&th=1&psc=1">View Product</a></div><div class="product"><a href="https://www.amazon.com/dp/B0734849YK?tag=eloabder-20&linkCode=osi&th=1&psc=1"><img src="https://m.media-amazon.com/images/I/412jG+0dK1L._SL500_.jpg" alt="Product Image"></a><p>Handcraft Blends Organic Castor Oil - 16 Fl Oz - 100% Pure and Natural - Premium Grade Oil for Hair Growth, Eyelashes and Eyebrows - Carrier Oil - Hair and Body Oil - Expeller-Pressed and Hexane-Free</p><p> -55% 0FF </p><p>$9.98 ($0.62 / Fl Oz)</p><a href="https://www.amazon.com/dp/B0734849YK?tag=eloabder-20&linkCode=osi&th=1&psc=1">View Product</a></div>
<div class="product"><a href="https://www.amazon.com/dp/B01F7W03PM?tag=eloabder-20&linkCode=osi&th=1&psc=1"><img src="https://m.media-amazon.com/images/I/41bu2ppNdZL._SL500_.jpg" alt="Product Image"></a><p>OLLY Glowing Skin Gummy, 25 Day Supply (50 Count), Plump Berry, Hyaluronic Acid, Collagen, Sea Buckthorn, Chewable Supplement (Packaging May Vary)</p><p> -14% 0FF </p><p>$12.88 ($0.26 / Count)</p><a href="https://www.amazon.com/dp/B01F7W03PM?tag=eloabder-20&linkCode=osi&th=1&psc=1">View Product</a></div><div class="product"><a href="https://www.amazon.com/dp/B06ZZ5MGYH?tag=eloabder-20&linkCode=osi&th=1&psc=1"><img src="https://m.media-amazon.com/images/I/41ghRQjvjkL._SL500_.jpg" alt="Product Image"></a><p>OLLY Flawless Complexion Gummy, Clear and Healthy Skin Support, Vitamins E, A, Zinc, Chewable Supplement, Berry - 50 Count (Pack of 1)</p><p> -19% 0FF </p><p>$12.88 ($0.26 / Count)</p><a href="https://www.amazon.com/dp/B06ZZ5MGYH?tag=eloabder-20&linkCode=osi&th=1&psc=1">View Product</a></div><div class="product"><a href="https://www.amazon.com/dp/B07SRVJBSJ?tag=eloabder-20&linkCode=osi&th=1&psc=1"><img src="https://m.media-amazon.com/images/I/415Fg7XSFDL._SL500_.jpg" alt="Product Image"></a><p>Horbäach Hair Skin and Nails Vitamins | 300 Softgels | with Biotin and Collagen | Infused with Argan Oil and Coconut Oil | Non-GMO, Gluten Free Supplement</p><p> -15% 0FF </p><p>$16.99 ($0.06 / Count)</p><a href="https://www.amazon.com/dp/B07SRVJBSJ?tag=eloabder-20&linkCode=osi&th=1&psc=1">View Product</a></div><div class="product"><a href="https://www.amazon.com/dp/B00EEOGIWC?tag=eloabder-20&linkCode=osi&th=1&psc=1"><img src="https://m.media-amazon.com/images/I/41i4AQg9z2L._SL500_.jpg" alt="Product Image"></a><p>Phytoceramides 350mg per softgel - Plant Derived Ceramides for Healthy Skin and Hydration - Non GMO with No Fillers or Synthetic Vitamins - 30 Liquid softgels</p><p> -9% 0FF </p><p>$19.95 ($0.66 / Count)</p><a href="https://www.amazon.com/dp/B00EEOGIWC?tag=eloabder-20&linkCode=osi&th=1&psc=1">View Product</a></div><div class="product"><a href="https://www.amazon.com/dp/B00XUS947O?tag=eloabder-20&linkCode=osi&th=1&psc=1"><img src="https://m.media-amazon.com/images/I/41S8A0LFuXL._SL500_.jpg" alt="Product Image"></a><p>HUM Daily Cleanse Acne Supplements - Support for Clear Skin & Improved Digestion with Chlorella, Spirulina, Organic Algae, Detoxifying Herbs, Vitamins & Minerals - Skin Support for Women and Men</p><p> -19% 0FF </p><p>$21.00 ($0.35 / Count)</p><a href="https://www.amazon.com/dp/B00XUS947O?tag=eloabder-20&linkCode=osi&th=1&psc=1">View Product</a></div>
<div class="product"><a href="https://www.amazon.com/dp/B00F644LTQ?tag=eloabder-20&linkCode=osi&th=1&psc=1"><img src="https://m.media-amazon.com/images/I/31+v2SZDagL._SL500_.jpg" alt="Product Image"></a><p>Cuccio Naturale Revitalizing- Hydrating Oil For Repaired Cuticles Overnight - Remedy For Damaged Skin And Thin Nails - Paraben /Cruelty-Free Formula - Milk And Honey - 2.5 Oz</p><p> -33% 0FF </p><p>$9.45 ($3.78 / Fl Oz)</p><a href="https://www.amazon.com/dp/B00F644LTQ?tag=eloabder-20&linkCode=osi&th=1&psc=1">View Product</a></div><div class="product"><a href="https://www.amazon.com/dp/B07BHV28DR?tag=eloabder-20&linkCode=osi&th=1&psc=1"><img src="https://m.media-amazon.com/images/I/41vxQoXgD7L._SL500_.jpg" alt="Product Image"></a><p>Nature's Bounty Optimal Solutions Hair, Skin & Nails with Biotin and Collagen, Citrus-Flavored Gummies Vitamin Supplement, 2500 mcg, 80 Ct</p><p> -30% 0FF </p><p>$7.00 ($0.09 / Count)</p><a href="https://www.amazon.com/dp/B07BHV28DR?tag=eloabder-20&linkCode=osi&th=1&psc=1">View Product</a></div><div class="product"><a href="https://www.amazon.com/dp/B00006MMU6?tag=eloabder-20&linkCode=osi&th=1&psc=1"><img src="https://m.media-amazon.com/images/I/41ItG2Bl1RL._SL500_.jpg" alt="Product Image"></a><p>NONYX Fungal Nail Clarifying Gel | Rids Nails of Fungus by Removing Keratin Debris Where Nail Fungus Grows | 90% of Toenails Improved Using this Toenail Fungus Treatment | 4 oz</p><p> -20% 0FF </p><p>$19.98 ($5.00 / Fl Oz)</p><a href="https://www.amazon.com/dp/B00006MMU6?tag=eloabder-20&linkCode=osi&th=1&psc=1">View Product</a></div><div class="product"><a href="https://www.amazon.com/dp/B0D354DJQH?tag=eloabder-20&linkCode=osi&th=1&psc=1"><img src="https://m.media-amazon.com/images/I/31Q9PLna2VL._SL500_.jpg" alt="Product Image"></a><p>Habit Hair, Skin & Nails Supplement (60 Capsules) - New Look, Supports Skin Hydration, Hair & Nail Strength, Biotin 2000mcg, Vitamin A & C, Hyaluronic Acid, Rosehip, Vegan, Non-GMO (1 Pack)</p><p> -12% 0FF </p><p>$7.88 ($0.13 / Count)</p><a href="https://www.amazon.com/dp/B0D354DJQH?tag=eloabder-20&linkCode=osi&th=1&psc=1">View Product</a></div><div class="product"><a href="https://www.amazon.com/dp/B000EH0NEC?tag=eloabder-20&linkCode=osi&th=1&psc=1"><img src="https://m.media-amazon.com/images/I/41XaFeLycBL._SL500_.jpg" alt="Product Image"></a><p>Nutra Nail 5 to 7 Day Growth Treatment - Fast Keratin Nail Hardener & Nail Strengthener for Thin Nails, Brittle & Damaged (0.47 Fl Oz)</p><p> -10% 0FF </p><p>$13.50 ($28.72 / Fl Oz)</p><a href="https://www.amazon.com/dp/B000EH0NEC?tag=eloabder-20&linkCode=osi&th=1&psc=1">View Product</a></div><div class="product"><a href="https://www.amazon.com/dp/B007ADOL28?tag=eloabder-20&linkCode=osi&th=1&psc=1"><img src="https://m.media-amazon.com/images/I/419lgrRVW7L._SL500_.jpg" alt="Product Image"></a><p>Kerasal Nail Renewal, Restores Appearance of Discolored or Damaged Nails, 0.33 fl oz (Packaging May Vary)</p><p> -32% 0FF </p><p>$17.00 ($51.52 / Fl Oz)</p><a href="https://www.amazon.com/dp/B007ADOL28?tag=eloabder-20&linkCode=osi&th=1&psc=1">View Product</a></div>
<div class="product"><a href="https://www.amazon.com/dp/B01HFREINK?tag=eloabder-20&linkCode=osi&th=1&psc=1"><img src="https://m.media-amazon.com/images/I/41oabUYNEhL._SL500_.jpg" alt="Product Image"></a><p>Life Extension MacuGuard Ocular Support with Saffron – Eye Health Supplement for Healthy Vision – with lutein, meso-zeaxanthin, zeaxanthin, saffron – Gluten-free, Non-GMO – 60 softgels</p><p> -28% 0FF </p><p>$18.00 ($0.30 / Count)</p><a href="https://www.amazon.com/dp/B01HFREINK?tag=eloabder-20&linkCode=osi&th=1&psc=1">View Product</a></div><div class="product"><a href="https://www.amazon.com/dp/B08XXLT75V?tag=eloabder-20&linkCode=osi&th=1&psc=1"><img src="https://m.media-amazon.com/images/I/411dzwxcNLL._SL500_.jpg" alt="Product Image"></a><p>Nature Made Vision Based on the AREDS 2 Formula, Eye Vitamins with Lutein & Zeaxanthin, Vitamin C, Vitamin E, Zinc and Copper for Healthy Vision and Eye Function Support, 60 Softgels, 30 Day Supply</p><p> -37% 0FF </p><p>$14.32 ($0.24 / Count)</p><a href="https://www.amazon.com/dp/B08XXLT75V?tag=eloabder-20&linkCode=osi&th=1&psc=1">View Product</a></div><div class="product"><a href="https://www.amazon.com/dp/B0C4J8G4SB?tag=eloabder-20&linkCode=osi&th=1&psc=1"><img src="https://m.media-amazon.com/images/I/51VNHCxN5pL._SL500_.jpg" alt="Product Image"></a><p>Eye Health Vitamins with Bilberry 6000mg Lutein & Zeaxanthin 40mg Lycopene 40mg Resveratrol 3000mg Grape Seed Extract 6000mg Omega 3 4000mg Astaxanthin - Eye Vitamin - 60 Capsules</p><p> -25% 0FF </p><p>$29.95 ($0.50 / Count)</p><a href="https://www.amazon.com/dp/B0C4J8G4SB?tag=eloabder-20&linkCode=osi&th=1&psc=1">View Product</a></div><div class="product"><a href="https://www.amazon.com/dp/B0D1YTTB7L?tag=eloabder-20&linkCode=osi&th=1&psc=1"><img src="https://m.media-amazon.com/images/I/51Aqqv8Pw-L._SL500_.jpg" alt="Product Image"></a><p>NEW AGE Eye Health Vitamins with Bilberry 6000mg Lutein & Zeaxanthin 40mg Lycopene 40mg Resveratrol 3000mg Grape Seed Extract 6000mg Astaxanthin - Eye Vitamin -120 Count</p><p> -14% 0FF </p><p>$29.95 ($0.25 / Count)</p><a href="https://www.amazon.com/dp/B0D1YTTB7L?tag=eloabder-20&linkCode=osi&th=1&psc=1">View Product</a></div>


<div class="product"><a href="https://www.amazon.com/dp/B001VG1WOA?tag=eloabder-20&linkCode=osi&th=1&psc=1"><img src="https://m.media-amazon.com/images/I/41o8LwQxzfL._SL500_.jpg" alt="Product Image"></a><p>Neosporin + Maximum-Strength Pain Relief Dual Action Cream, First Aid Topical Antibiotic & Analgesic Cream for Wound Care of Minor Cuts, Scrapes & Burns, Polymyxin B & Pramoxine HCl, 1 oz</p><p> -20% 0FF </p><p>$9.88</p><a href="https://www.amazon.com/dp/B001VG1WOA?tag=eloabder-20&linkCode=osi&th=1&psc=1">View Product</a></div><div class="product"><a href="https://www.amazon.com/dp/B0084GX1JO?tag=eloabder-20&linkCode=osi&th=1&psc=1"><img src="https://m.media-amazon.com/images/I/31BzSButj2S._SL500_.jpg" alt="Product Image"></a><p>First Aid Only FAE-7011 SmartCompliance Refill Burn Cream Packets, 10 Count</p><p> -31% 0FF </p><p>$3.99 ($0.40 / Count)</p><a href="https://www.amazon.com/dp/B0084GX1JO?tag=eloabder-20&linkCode=osi&th=1&psc=1">View Product</a></div>
<div class="product"><a href="https://www.amazon.com/dp/B00EC6DE7Y?tag=eloabder-20&linkCode=osi&th=1&psc=1"><img src="https://m.media-amazon.com/images/I/41BlVTkyTCL._SL500_.jpg" alt="Product Image"></a><p>NeilMed Cleanse Sterile Saline Wound Wash, 6.3 Ounce</p><p> -25% 0FF </p><p>$5.98 ($1.00 / Fl Oz)</p><a href="https://www.amazon.com/dp/B00EC6DE7Y?tag=eloabder-20&linkCode=osi&th=1&psc=1">View Product</a></div><div class="product"><a href="https://www.amazon.com/dp/B00164IIUI?tag=eloabder-20&linkCode=osi&th=1&psc=1"><img src="https://m.media-amazon.com/images/I/51vsE2VasGL._SL500_.jpg" alt="Product Image"></a><p>Neosporin Original Antibiotic Ointment, 24-Hour Infection Prevention for Minor Wound, .5 oz</p><p> -28% 0FF </p><p>$4.88 ($9.76 / Ounce)</p><a href="https://www.amazon.com/dp/B00164IIUI?tag=eloabder-20&linkCode=osi&th=1&psc=1">View Product</a></div><div class="product"><a href="https://www.amazon.com/dp/B007EBRA6A?tag=eloabder-20&linkCode=osi&th=1&psc=1"><img src="https://m.media-amazon.com/images/I/31XNtfz6-lL._SL500_.jpg" alt="Product Image"></a><p>Improved Medihoney Gel Wound and & Burn Dressing from Derma Sciences, 0.5 oz,</p><p> -13% 0FF </p><p>$6.57 ($13.14 / Fl Oz)</p><a href="https://www.amazon.com/dp/B007EBRA6A?tag=eloabder-20&linkCode=osi&th=1&psc=1">View Product</a></div><div class="product"><a href="https://www.amazon.com/dp/B07FYDFGVD?tag=eloabder-20&linkCode=osi&th=1&psc=1"><img src="https://m.media-amazon.com/images/I/515p26GgPxL._SL500_.jpg" alt="Product Image"></a><p>All Health Wound Care Kit, 40 Items | For Small to Medium Sized Wounds</p><p> -23% 0FF </p><p>$7.70</p><a href="https://www.amazon.com/dp/B07FYDFGVD?tag=eloabder-20&linkCode=osi&th=1&psc=1">View Product</a></div>
<div class="product"><a href="https://www.amazon.com/dp/B06Y2FFQB9?tag=eloabder-20&linkCode=osi&th=1&psc=1"><img src="https://m.media-amazon.com/images/I/41j6aDaoGaL._SL500_.jpg" alt="Product Image"></a><p>Zacurate 500BL Fingertip Pulse Oximeter Blood Oxygen Saturation Monitor with Batteries Included (Navy Blue)</p><p> -10% 0FF </p><p>$13.49</p><a href="https://www.amazon.com/dp/B06Y2FFQB9?tag=eloabder-20&linkCode=osi&th=1&psc=1">View Product</a></div><div class="product"><a href="https://www.amazon.com/dp/B00NCRE4GO?tag=eloabder-20&linkCode=osi&th=1&psc=1"><img src="https://m.media-amazon.com/images/I/51bEkjg52fL._SL500_.jpg" alt="Product Image"></a><p>TENS 7000 Digital TENS Unit with Accessories - TENS Unit Muscle Stimulator for Back Pain Relief, Shoulder Pain Relief, Neck Pain, Sciatica Pain Relief, Nerve Pain Relief, Hip Pain Relief</p><p> -5% 0FF </p><p>$36.88</p><a href="https://www.amazon.com/dp/B00NCRE4GO?tag=eloabder-20&linkCode=osi&th=1&psc=1">View Product</a></div><div class="product"><a href="https://www.amazon.com/dp/B0BRXZNP5T?tag=eloabder-20&linkCode=osi&th=1&psc=1"><img src="https://m.media-amazon.com/images/I/41VF+LQDiSL._SL500_.jpg" alt="Product Image"></a><p>Choking Rescue Device for Kids and Adults, Anti Choking Device, Arixmed Portable Choking Rescue Device, First Aid Choking Device (Home Kit)</p><p> -29% 0FF </p><p>$49.94 ($49.94 / Count)</p><a href="https://www.amazon.com/dp/B0BRXZNP5T?tag=eloabder-20&linkCode=osi&th=1&psc=1">View Product</a></div><div class="product"><a href="https://www.amazon.com/dp/B07QXKMSHY?tag=eloabder-20&linkCode=osi&th=1&psc=1"><img src="https://m.media-amazon.com/images/I/31s3lNNT3zL._SL500_.jpg" alt="Product Image"></a><p>OMRON Complete 2-in-1 Upper Arm Blood Pressure Monitor and 1-Lead EKG Monitor, Clinically Validated, Medical Grade, Blood Pressure Machine, with Free Omron Connect app for iOS and Android (BP7900)</p><p> -22% 0FF </p><p>$139.97 ($8.75 / Ounce)</p><a href="https://www.amazon.com/dp/B07QXKMSHY?tag=eloabder-20&linkCode=osi&th=1&psc=1">View Product</a></div><div class="product"><a href="https://www.amazon.com/dp/B001KYVO78?tag=eloabder-20&linkCode=osi&th=1&psc=1"><img src="https://m.media-amazon.com/images/I/41nZ4BuHzrL._SL500_.jpg" alt="Product Image"></a><p>EZY DOSE Pill Cutter and Splitter with Dispenser, Daily Usage, Safely Cut Pills, Vitamins, Tablets, Accurate and Easy Cutting, Stainless Steel Blade, Travel Sized, Colors May Vary, BPA Free</p><p> -50% 0FF </p><p>$2.49</p><a href="https://www.amazon.com/dp/B001KYVO78?tag=eloabder-20&linkCode=osi&th=1&psc=1">View Product</a></div>


<div class="product"><a href="https://www.amazon.com/dp/B08R1GPJ4M?tag=eloabder-20&linkCode=osi&th=1&psc=1"><img src="https://m.media-amazon.com/images/I/41-Q4v8gwFL._SL500_.jpg" alt="Product Image"></a><p>Fingertip Pulse Oximeter Blood Oxygen Monitor Pulse Ox, Heart Rate and Fast Spo2 Reading Oxygen Meter with OLED Screen Included Batteries and Lanyard</p><p> -29% 0FF </p><p>$9.99 ($9.99 / Count)</p><a href="https://www.amazon.com/dp/B08R1GPJ4M?tag=eloabder-20&linkCode=osi&th=1&psc=1">View Product</a></div><div class="product"><a href="https://www.amazon.com/dp/B0BYD34DYV?tag=eloabder-20&linkCode=osi&th=1&psc=1"><img src="https://m.media-amazon.com/images/I/41uvibJiXtL._SL500_.jpg" alt="Product Image"></a><p>Alecaremed Pulse Oximeter, 4 Color OLED Display Oxygen Monitor Fingertip with 20 × Memory, Blood Oxygen Saturation Monitor (SpO2), Alarm & Brightness Adjustable, Batteries & Lanyard (White)</p><p> -13% 0FF </p><p>$20.99</p><a href="https://www.amazon.com/dp/B0BYD34DYV?tag=eloabder-20&linkCode=osi&th=1&psc=1">View Product</a></div><div class="product"><a href="https://www.amazon.com/dp/B09STH23DC?tag=eloabder-20&linkCode=osi&th=1&psc=1"><img src="https://m.media-amazon.com/images/I/417yd2q9HuL._SL500_.jpg" alt="Product Image"></a><p>Pulse Oximeter Fingertip - Oxygen Meter Finger Pulse Oximeter - Blood Oxygen Saturation Monitor with Heart Rate and Fast Spo2 Reading, Pulse Ox with TFT Screen, Lanyard (Not include Batteries)</p><p> -52% 0FF </p><p>$11.99</p><a href="https://www.amazon.com/dp/B09STH23DC?tag=eloabder-20&linkCode=osi&th=1&psc=1">View Product</a></div>
<div class="product"><a href="https://www.amazon.com/dp/B0CHW3DM42?tag=eloabder-20&linkCode=osi&th=1&psc=1"><img src="https://m.media-amazon.com/images/I/31bckkyvfZL._SL500_.jpg" alt="Product Image"></a><p>Kullre Hearing Aids, Hearing Aids for Seniors with Noise Cancelling and Volume Control, Rechargeable Hearing Aids for Hearing Loss with Charging Case</p><p> -17% 0FF </p><p>$49.99 ($25.00 / Count)</p><a href="https://www.amazon.com/dp/B0CHW3DM42?tag=eloabder-20&linkCode=osi&th=1&psc=1">View Product</a></div><div class="product"><a href="https://www.amazon.com/dp/B0D6FT7SVL?tag=eloabder-20&linkCode=osi&th=1&psc=1"><img src="https://m.media-amazon.com/images/I/31QKs+liKVL._SL500_.jpg" alt="Product Image"></a><p>Hearing Aids, Wireless Rechargeable Hearing Amplifier, OTC Hearing Aids with Magnetic Charging Case, 2 Channel Digital in Ear Noise Cancelling Hearing Devices for Seniors</p><p> -15% 0FF </p><p>$76.49</p><a href="https://www.amazon.com/dp/B0D6FT7SVL?tag=eloabder-20&linkCode=osi&th=1&psc=1">View Product</a></div>
<div class="product"><a href="https://www.amazon.com/dp/B00NFJX0PU?tag=eloabder-20&linkCode=osi&th=1&psc=1"><img src="https://m.media-amazon.com/images/I/41WMP8C2G8L._SL500_.jpg" alt="Product Image"></a><p>Drive Medical 10257BL-1 4 Wheel Rollator Walker With Seat, Steel Rolling Walker, Height Adjustable, 7.5" Wheels, Removable Back Support, 300 Pound Weight Capacity, Blue</p><p> -5% 0FF </p><p>$59.99</p><a href="https://www.amazon.com/dp/B00NFJX0PU?tag=eloabder-20&linkCode=osi&th=1&psc=1">View Product</a></div><div class="product"><a href="https://www.amazon.com/dp/B079PG3BR3?tag=eloabder-20&linkCode=osi&th=1&psc=1"><img src="https://m.media-amazon.com/images/I/41To3Az+tZL._SL500_.jpg" alt="Product Image"></a><p>Medline Rollator Walker with Seat, Steel Rolling Walker with 6-inch Wheels Supports up to 350 lbs, Medical Walker, Burgundy</p><p> -7% 0FF </p><p>$60.24</p><a href="https://www.amazon.com/dp/B079PG3BR3?tag=eloabder-20&linkCode=osi&th=1&psc=1">View Product</a></div><div class="product"><a href="https://www.amazon.com/dp/B076CP2DS3?tag=eloabder-20&linkCode=osi&th=1&psc=1"><img src="https://m.media-amazon.com/images/I/41DghyMBtdL._SL500_.jpg" alt="Product Image"></a><p>RMS 35 Inch Long Leg Lifter - Durable & Rigid Hand Strap & Foot Loop - Ideal Mobility Tool for Wheelchair, Hip & Knee Replacement Surgery</p><p> -23% 0FF </p><p>$9.99</p><a href="https://www.amazon.com/dp/B076CP2DS3?tag=eloabder-20&linkCode=osi&th=1&psc=1">View Product</a></div><div class="product"><a href="https://www.amazon.com/dp/B000GUFFN6?tag=eloabder-20&linkCode=osi&th=1&psc=1"><img src="https://m.media-amazon.com/images/I/41rMZsYBOzL._SL500_.jpg" alt="Product Image"></a><p>Stander BedCaddie, Pull Up Assist Bed Ladder with Non-Slip Handles for Adults, Seniors, and Elderly, Adjustable Length Bed Lift, Sit Up Helper Bed Assistance, Mobility Aid for Handicapped and Injured</p><p> -48% 0FF </p><p>$12.99</p><a href="https://www.amazon.com/dp/B000GUFFN6?tag=eloabder-20&linkCode=osi&th=1&psc=1">View Product</a></div><div class="product"><a href="https://www.amazon.com/dp/B00TXSHA1W?tag=eloabder-20&linkCode=osi&th=1&psc=1"><img src="https://m.media-amazon.com/images/I/31fbca3qq6L._SL500_.jpg" alt="Product Image"></a><p>RMS Long Reach Comfort Wipe - Self Assist Toilet Aid, Ideal Daily Living Bathroom Aid for Limited Mobility</p><p> -29% 0FF </p><p>$9.99</p><a href="https://www.amazon.com/dp/B00TXSHA1W?tag=eloabder-20&linkCode=osi&th=1&psc=1">View Product</a></div><div class="product"><a href="https://www.amazon.com/dp/B078RMCFWQ?tag=eloabder-20&linkCode=osi&th=1&psc=1"><img src="https://m.media-amazon.com/images/I/317WhUQcA7L._SL500_.jpg" alt="Product Image"></a><p>Reacher Grabber Tool, 31" Grabbers for Elderly, Lightweight Extra Long Handy Trash Claw Grabber, Mobility Aid Reaching Assist Tool for Trash Pick Up, Nabber, Litter Picker, Arm Extension</p><p> -50% 0FF </p><p>$9.99</p><a href="https://www.amazon.com/dp/B078RMCFWQ?tag=eloabder-20&linkCode=osi&th=1&psc=1">View Product</a></div><div class="product"><a href="https://www.amazon.com/dp/B07SKK3PFN?tag=eloabder-20&linkCode=osi&th=1&psc=1"><img src="https://m.media-amazon.com/images/I/41zIhs+QhdL._SL500_.jpg" alt="Product Image"></a><p>Vive 4 Wheel Mobility Scooter - Electric Powered Wheelchair Device - Compact Heavy Duty Mobile for Travel, Adults, Elderly - Long Range Power Extended Battery with Charger and Basket Included</p><p> -7% 0FF </p><p>$699.99 ($699.99 / Count)</p><a href="https://www.amazon.com/dp/B07SKK3PFN?tag=eloabder-20&linkCode=osi&th=1&psc=1">View Product</a></div>

<div class="product"><a href="https://www.amazon.com/dp/B0D6VY9HVX?tag=eloabder-20&linkCode=osi&th=1&psc=1"><img src="https://m.media-amazon.com/images/I/41panzRUB5L._SL500_.jpg" alt="Product Image"></a><p>Ear Wax Removal - Electric Ear Cleaner - Ear Irrigation Kit Safe Ear Irrigation Flushing System with 4 Pressure Settings - Effective Ear Wax Removal Tool for Earwax Buildup (Dark Blue)</p><p> -20% 0FF </p><p>$39.99</p><a href="https://www.amazon.com/dp/B0D6VY9HVX?tag=eloabder-20&linkCode=osi&th=1&psc=1">View Product</a></div>
<div class="product"><a href="https://www.amazon.com/dp/B002QO00YO?tag=eloabder-20&linkCode=osi&th=1&psc=1"><img src="https://m.media-amazon.com/images/I/41SQ-7dbsHL._SL500_.jpg" alt="Product Image"></a><p>Nature Made Vitamin D3 2000 IU (50 mcg), Dietary Supplement for Bone, Teeth, Muscle and Immune Health Support, 90 Softgels, 90 Day Supply</p><p> -43% 0FF </p><p>$6.28 ($0.07 / Count)</p><a href="https://www.amazon.com/dp/B002QO00YO?tag=eloabder-20&linkCode=osi&th=1&psc=1">View Product</a></div><div class="product"><a href="https://www.amazon.com/dp/B0000DJASY?tag=eloabder-20&linkCode=osi&th=1&psc=1"><img src="https://m.media-amazon.com/images/I/41PwuIsYASL._SL500_.jpg" alt="Product Image"></a><p>Nature Made Extra Strength Vitamin C 1000 mg, Dietary Supplement for Immune Support, 100 Tablets, 100 Day Supply</p><p> -41% 0FF </p><p>$9.50 ($0.10 / Count)</p><a href="https://www.amazon.com/dp/B0000DJASY?tag=eloabder-20&linkCode=osi&th=1&psc=1">View Product</a></div><div class="product"><a href="https://www.amazon.com/dp/B007L0DPE0?tag=eloabder-20&linkCode=osi&th=1&psc=1"><img src="https://m.media-amazon.com/images/I/41u67LVdJFL._SL500_.jpg" alt="Product Image"></a><p>Vitafusion Womens Multivitamin Gummies, Berry Flavored Daily Vitamins for Women With Vitamins A, C, D, E, B-6 and B-12, America’s Number 1 Gummy Vitamin Brand, 75 Days Supply, 150 Count</p><p> -12% 0FF </p><p>$10.98 ($0.07 / Count)</p><a href="https://www.amazon.com/dp/B007L0DPE0?tag=eloabder-20&linkCode=osi&th=1&psc=1">View Product</a></div><div class="product"><a href="https://www.amazon.com/dp/B09KCCVL9V?tag=eloabder-20&linkCode=osi&th=1&psc=1"><img src="https://m.media-amazon.com/images/I/41dw1AsE+jL._SL500_.jpg" alt="Product Image"></a><p>Centrum Silver Women's Multivitamin for Women 50 Plus, Multivitamin/Multimineral Supplement with Vitamin D3, B Vitamins, Non-GMO Ingredients, Supports Memory and Cognition in Older Adults - 200 Ct</p><p> -20% 0FF </p><p>$15.36 ($0.08 / Count)</p><a href="https://www.amazon.com/dp/B09KCCVL9V?tag=eloabder-20&linkCode=osi&th=1&psc=1">View Product</a></div><div class="product"><a href="https://www.amazon.com/dp/B009SZXM4E?tag=eloabder-20&linkCode=osi&th=1&psc=1"><img src="https://m.media-amazon.com/images/I/418wJuLSwhL._SL500_.jpg" alt="Product Image"></a><p>Nature's Bounty Biotin, Supports Healthy Hair, Skin and Nails, 10,000 mcg, Rapid Release Softgels, 120 Ct</p><p> -53% 0FF </p><p>$9.28 ($0.08 / Count)</p><a href="https://www.amazon.com/dp/B009SZXM4E?tag=eloabder-20&linkCode=osi&th=1&psc=1">View Product</a></div><div class="product"><a href="https://www.amazon.com/dp/B0046VBWK6?tag=eloabder-20&linkCode=osi&th=1&psc=1"><img src="https://m.media-amazon.com/images/I/41Ip2jGcUpL._SL500_.jpg" alt="Product Image"></a><p>Nature's Bounty Vitamin B12 1000mcg, Supports Energy Metabolism and Nervous System Health, Vitamin Supplement, 100 Tablets</p><p> -41% 0FF </p><p>$7.02 ($0.07 / Count)</p><a href="https://www.amazon.com/dp/B0046VBWK6?tag=eloabder-20&linkCode=osi&th=1&psc=1">View Product</a></div><div class="product"><a href="https://www.amazon.com/dp/B007L0DONW?tag=eloabder-20&linkCode=osi&th=1&psc=1"><img src="https://m.media-amazon.com/images/I/41vIgYSAtXL._SL500_.jpg" alt="Product Image"></a><p>vitafusion Adult Gummy Vitamins for Men, Berry Flavored Daily Multivitamins for Men With Vitamins A, C, D, E, B6 and B12, America’s Number 1 Gummy Vitamin Brand, 75 Day Supply, 150 Count</p><p> -8% 0FF </p><p>$10.98 ($0.07 / Count)</p><a href="https://www.amazon.com/dp/B007L0DONW?tag=eloabder-20&linkCode=osi&th=1&psc=1">View Product</a></div><div class="product"><a href="https://www.amazon.com/dp/B0014D2GEK?tag=eloabder-20&linkCode=osi&th=1&psc=1"><img src="https://m.media-amazon.com/images/I/41Al6x+mTKL._SL500_.jpg" alt="Product Image"></a><p>Nature's Bounty Super B Complex with Vitamin C & Folic Acid, Immune & Energy Support, 150 tablets</p><p> -25% 0FF </p><p>$12.20 ($0.08 / Count)</p><a href="https://www.amazon.com/dp/B0014D2GEK?tag=eloabder-20&linkCode=osi&th=1&psc=1">View Product</a></div>
<div class="product"><a href="https://www.amazon.com/dp/B0BG94RWYN?tag=eloabder-20&linkCode=osi&th=1&psc=1"><img src="https://m.media-amazon.com/images/I/41k1yrK-eGL._SL500_.jpg" alt="Product Image"></a><p>Sea Moss 3000mg Black Seed Oil 2000mg Ashwagandha 1000mg Turmeric 1000mg Bladderwrack 1000mg Burdock 1000mg & Vitamin C & D3 with Elderberry Manuka Dandelion Yellow Dock Iodine Chlorophyll ACV</p><p> -25% 0FF </p><p>$29.95 ($0.50 / Count)</p><a href="https://www.amazon.com/dp/B0BG94RWYN?tag=eloabder-20&linkCode=osi&th=1&psc=1">View Product</a></div><div class="product"><a href="https://www.amazon.com/dp/B08YLTCDTN?tag=eloabder-20&linkCode=osi&th=1&psc=1"><img src="https://m.media-amazon.com/images/I/41aybXdjmLL._SL500_.jpg" alt="Product Image"></a><p>Nature's Bounty Zinc 50mg, Immune Support & Antioxidant Supplement, Promotes Skin Health 250 Caplets</p><p> -12% 0FF </p><p>$9.48 ($0.04 / Count)</p><a href="https://www.amazon.com/dp/B08YLTCDTN?tag=eloabder-20&linkCode=osi&th=1&psc=1">View Product</a></div><div class="product"><a href="https://www.amazon.com/dp/B0000DJAQU?tag=eloabder-20&linkCode=osi&th=1&psc=1"><img src="https://m.media-amazon.com/images/I/41c7alI7ydL._SL500_.jpg" alt="Product Image"></a><p>Nature Made Fish Oil 1200 mg Softgels, Fish Oil Supplements, Omega 3 Fish Oil for Healthy Heart Support, Omega 3 Supplement with 100 Softgels, 50 Day Supply</p><p> -35% 0FF </p><p>$9.50 ($0.10 / Count)</p><a href="https://www.amazon.com/dp/B0000DJAQU?tag=eloabder-20&linkCode=osi&th=1&psc=1">View Product</a></div><div class="product"><a href="https://www.amazon.com/dp/B01DBTFO98?tag=eloabder-20&linkCode=osi&th=1&psc=1"><img src="https://m.media-amazon.com/images/I/51Evo4SKmEL._SL500_.jpg" alt="Product Image"></a><p>Turmeric Curcumin with Black Pepper Extract 1500mg - High Absorption Ultra Potent Turmeric Supplement with 95% Curcuminoids and BioPerine - Non GMO Turmeric Capsules for Joint Support - 90 Capsules</p><p> -25% 0FF </p><p>$18.79 ($0.21 / Count)</p><a href="https://www.amazon.com/dp/B01DBTFO98?tag=eloabder-20&linkCode=osi&th=1&psc=1">View Product</a></div><div class="product"><a href="https://www.amazon.com/dp/B00H5PJ0HW?tag=eloabder-20&linkCode=osi&th=1&psc=1"><img src="https://m.media-amazon.com/images/I/414mKN9ZjbL._SL500_.jpg" alt="Product Image"></a><p>Nature's Bounty Magnesium, Bone and Muscle Health, Whole Body Support, Tablets, 500 Mg, 200 Ct</p><p> -16% 0FF </p><p>$12.61 ($0.06 / Count)</p><a href="https://www.amazon.com/dp/B00H5PJ0HW?tag=eloabder-20&linkCode=osi&th=1&psc=1">View Product</a></div><div class="product"><a href="https://www.amazon.com/dp/B07N7RD2CL?tag=eloabder-20&linkCode=osi&th=1&psc=1"><img src="https://m.media-amazon.com/images/I/41J1UKnf+CL._SL500_.jpg" alt="Product Image"></a><p>Horbäach Cranberry Concentrate Extract Pills + Vitamin C | 30,000mg | 120 Capsules | Triple Strength Ultimate Potency Formula | Non-GMO and Gluten Free Supplement</p><p> -15% 0FF </p><p>$9.99 ($0.07 / Count)</p><a href="https://www.amazon.com/dp/B07N7RD2CL?tag=eloabder-20&linkCode=osi&th=1&psc=1">View Product</a></div><div class="product"><a href="https://www.amazon.com/dp/B07DX89ZHN?tag=eloabder-20&linkCode=osi&th=1&psc=1"><img src="https://m.media-amazon.com/images/I/41INqodQzYL._SL500_.jpg" alt="Product Image"></a><p>Sports Research Triple Strength Omega 3 Fish Oil - Burpless Fish Oil Supplement w/EPA & DHA Fatty Acids from Single-Source Wild Alaska Pollock - 1250 mg, 90 ct</p><p> -10% 0FF </p><p>$26.95 ($0.30 / Count)</p><a href="https://www.amazon.com/dp/B07DX89ZHN?tag=eloabder-20&linkCode=osi&th=1&psc=1">View Product</a></div>
<div class="product"><a href="https://www.amazon.com/dp/B00YMSLT88?tag=eloabder-20&linkCode=osi&th=1&psc=1"><img src="https://m.media-amazon.com/images/I/41S95x-3xaL._SL500_.jpg" alt="Product Image"></a><p>Nature Made Multivitamin Tablets with Iron, Multivitamin for Women and Men for Daily Nutritional Support, 130 Tablets, 130 Day Supply</p><p> -14% 0FF </p><p>$11.99 ($0.09 / Count)</p><a href="https://www.amazon.com/dp/B00YMSLT88?tag=eloabder-20&linkCode=osi&th=1&psc=1">View Product</a></div><div class="product"><a href="https://www.amazon.com/dp/B09BVYY7XR?tag=eloabder-20&linkCode=osi&th=1&psc=1"><img src="https://m.media-amazon.com/images/I/41y16Rsk2tL._SL500_.jpg" alt="Product Image"></a><p>Centrum Adult Multivitamin/Multimineral Supplement with Antioxidants, Zinc, Vitamin D3 and B Vitamins, Gluten Free, Non-GMO Ingredients - 200 Count</p><p> -29% 0FF </p><p>$9.99 ($0.05 / Count)</p><a href="https://www.amazon.com/dp/B09BVYY7XR?tag=eloabder-20&linkCode=osi&th=1&psc=1">View Product</a></div>
<div class="product"><a href="https://www.amazon.com/dp/B004JO3JTM?tag=eloabder-20&linkCode=osi&th=1&psc=1"><img src="https://m.media-amazon.com/images/I/51kOhkzzLKL._SL500_.jpg" alt="Product Image"></a><p>Nature's Bounty Acidophilus Probiotic, Daily Probiotic Supplement, Supports Digestive Health, Twin Pack, 100 Count (Pack of 2)</p><p> -21% 0FF </p><p>$14.88 ($0.07 / Count)</p><a href="https://www.amazon.com/dp/B004JO3JTM?tag=eloabder-20&linkCode=osi&th=1&psc=1">View Product</a></div><div class="product"><a href="https://www.amazon.com/dp/B071DZQLPQ?tag=eloabder-20&linkCode=osi&th=1&psc=1"><img src="https://m.media-amazon.com/images/I/51E-+x12x5L._SL500_.jpg" alt="Product Image"></a><p>NewRhythm Probiotics 50 Billion CFU 20 Strains, 60 Veggie Capsules, Targeted Release Technology, Stomach Acid Resistant, No Need for Refrigeration, Non-GMO, Gluten Free</p><p> -23% 0FF </p><p>$16.99 ($0.28 / Count)</p><a href="https://www.amazon.com/dp/B071DZQLPQ?tag=eloabder-20&linkCode=osi&th=1&psc=1">View Product</a></div><div class="product"><a href="https://www.amazon.com/dp/B00Y8MP4G6?tag=eloabder-20&linkCode=osi&th=1&psc=1"><img src="https://m.media-amazon.com/images/I/51IIJQSKA5L._SL500_.jpg" alt="Product Image"></a><p>Dr. Formulated Probiotics for Women & Prebiotics, 50 Billion CFU for Women’s Daily Digestive Vaginal & Immune Health, Garden of Life 16 Probiotic Strains Shelf Stable No Gluten Dairy Soy, 30 Capsules</p><p> -24% 0FF </p><p>$30.27 ($1.01 / Count)</p><a href="https://www.amazon.com/dp/B00Y8MP4G6?tag=eloabder-20&linkCode=osi&th=1&psc=1">View Product</a></div><div class="product"><a href="https://www.amazon.com/dp/B08GR12D4T?tag=eloabder-20&linkCode=osi&th=1&psc=1"><img src="https://m.media-amazon.com/images/I/413uXWNsVzL._SL500_.jpg" alt="Product Image"></a><p>Nature’s Bounty Probiotic 10, Ultra Strength Daily Probiotic Supplement, Support for Digestive, Immune and Upper Respiratory Health, 1 Pack, 30 Capsules</p><p> -55% 0FF </p><p>$12.84 ($0.43 / Count)</p><a href="https://www.amazon.com/dp/B08GR12D4T?tag=eloabder-20&linkCode=osi&th=1&psc=1">View Product</a></div>
<div class="product"><a href="https://www.amazon.com/dp/B000NPYY04?tag=eloabder-20&linkCode=osi&th=1&psc=1"><img src="https://m.media-amazon.com/images/I/41AB0odrkeL._SL500_.jpg" alt="Product Image"></a><p>Nature's Bounty Fish Oil, Supports Heart Health, 1200 Mg, 360 Mg Omega-3, Rapid Release Softgels, 200 Ct</p><p> -33% 0FF </p><p>$14.17 ($0.07 / Count)</p><a href="https://www.amazon.com/dp/B000NPYY04?tag=eloabder-20&linkCode=osi&th=1&psc=1">View Product</a></div><div class="product"><a href="https://www.amazon.com/dp/B000J18RSW?tag=eloabder-20&linkCode=osi&th=1&psc=1"><img src="https://m.media-amazon.com/images/I/41bBRe7FxlL._SL500_.jpg" alt="Product Image"></a><p>NOW Foods Omega-3-100 Softgels</p><p> -39% 0FF </p><p>$6.72 ($0.07 / Count)</p><a href="https://www.amazon.com/dp/B000J18RSW?tag=eloabder-20&linkCode=osi&th=1&psc=1">View Product</a></div><div class="product"><a href="https://www.amazon.com/dp/B000HDV7YS?tag=eloabder-20&linkCode=osi&th=1&psc=1"><img src="https://m.media-amazon.com/images/I/41d-hzNXpVL._SL500_.jpg" alt="Product Image"></a><p>Nordic Naturals Ultimate Omega, Lemon Flavor - 60 Soft Gels - 1280 mg Omega-3 - High-Potency Omega-3 Fish Oil Supplement with EPA & DHA - Promotes Brain & Heart Health - Non-GMO - 30 Servings</p><p> -20% 0FF </p><p>$23.98 ($0.40 / Count)</p><a href="https://www.amazon.com/dp/B000HDV7YS?tag=eloabder-20&linkCode=osi&th=1&psc=1">View Product</a></div><div class="product"><a href="https://www.amazon.com/dp/B002QMB55Y?tag=eloabder-20&linkCode=osi&th=1&psc=1"><img src="https://m.media-amazon.com/images/I/41I4GSlk++S._SL500_.jpg" alt="Product Image"></a><p>Nature's Bounty Fish Oil, Supports Heart Health, 2400mg, Coated Softgels, 90 Ct.</p><p> -36% 0FF </p><p>$14.34 ($0.16 / Count)</p><a href="https://www.amazon.com/dp/B002QMB55Y?tag=eloabder-20&linkCode=osi&th=1&psc=1">View Product</a></div><div class="product"><a href="https://www.amazon.com/dp/B00YMSLAW8?tag=eloabder-20&linkCode=osi&th=1&psc=1"><img src="https://m.media-amazon.com/images/I/41eQik8+DzL._SL500_.jpg" alt="Product Image"></a><p>Nature Made Fish Oil 1000 mg Softgels, Fish Oil Supplements, Omega 3 Fish Oil for Healthy Heart Support, Omega 3 Supplement with 90 Softgels, 45 Day Supply</p><p> -12% 0FF </p><p>$10.86 ($0.12 / Count)</p><a href="https://www.amazon.com/dp/B00YMSLAW8?tag=eloabder-20&linkCode=osi&th=1&psc=1">View Product</a></div>
<div class="product"><a href="https://www.amazon.com/dp/B0016KITZ6?tag=eloabder-20&linkCode=osi&th=1&psc=1"><img src="https://m.media-amazon.com/images/I/41UQ6eGLCkL._SL500_.jpg" alt="Product Image"></a><p>Nature's Bounty Calcium Carbonate & Vitamin D, Supports Immune Health & Bone Health, 1200mg Calcium & 1000IU Vitamin D3, 120 Softgels</p><p> -53% 0FF </p><p>$8.87 ($0.07 / Count)</p><a href="https://www.amazon.com/dp/B0016KITZ6?tag=eloabder-20&linkCode=osi&th=1&psc=1">View Product</a></div><div class="product"><a href="https://www.amazon.com/dp/B07RL3KYD7?tag=eloabder-20&linkCode=osi&th=1&psc=1"><img src="https://m.media-amazon.com/images/I/316d4YzxuJL._SL500_.jpg" alt="Product Image"></a><p>Horbäach Calcium 1200 mg with Vitamin D3 | 240 Softgels | 5000 IU Vitamin D3 | Absorbable Calcium Supplement | Non-GMO, Gluten Free Calcium Supplement</p><p> -15% 0FF </p><p>$13.99 ($0.06 / Count)</p><a href="https://www.amazon.com/dp/B07RL3KYD7?tag=eloabder-20&linkCode=osi&th=1&psc=1">View Product</a></div><div class="product"><a href="https://www.amazon.com/dp/B004L4EJQ2?tag=eloabder-20&linkCode=osi&th=1&psc=1"><img src="https://m.media-amazon.com/images/I/41WkicGmhTL._SL500_.jpg" alt="Product Image"></a><p>Citracal Slow Release 1200, 1200 mg Calcium Citrate and Calcium Carbonate with 25 mcg (1000 IU) Vitamin D3, Bone Health Support, Calcium Supplement for Ages 12+, Take Once Daily Caplet, 80 Count</p><p> -16% 0FF </p><p>$10.92 ($0.14 / Count)</p><a href="https://www.amazon.com/dp/B004L4EJQ2?tag=eloabder-20&linkCode=osi&th=1&psc=1">View Product</a></div><div class="product"><a href="https://www.amazon.com/dp/B00028LZ90?tag=eloabder-20&linkCode=osi&th=1&psc=1"><img src="https://m.media-amazon.com/images/I/41JYXLyi8KL._SL500_.jpg" alt="Product Image"></a><p>NOW Foods Supplements, Calcium & Magnesium 2:1 Ratio, High Potency, Supports Bone Health*, 100 Tablets</p><p> -39% 0FF </p><p>$7.95 ($0.08 / Count)</p><a href="https://www.amazon.com/dp/B00028LZ90?tag=eloabder-20&linkCode=osi&th=1&psc=1">View Product</a></div>
<div class="product"><a href="https://www.amazon.com/dp/B00GB85JR4?tag=eloabder-20&linkCode=osi&th=1&psc=1"><img src="https://m.media-amazon.com/images/I/41dP1a3s3ZL._SL500_.jpg" alt="Product Image"></a><p>NatureWise Vitamin D3 5000iu (125 mcg) 1 Year Supply for Healthy Muscle Function, and Immune Support, Non-GMO, Gluten Free in Cold-Pressed Olive Oil, Packaging Vary ( Mini Softgel), 360 Count</p><p> -11% 0FF </p><p>$13.34 ($0.04 / Count)</p><a href="https://www.amazon.com/dp/B00GB85JR4?tag=eloabder-20&linkCode=osi&th=1&psc=1">View Product</a></div><div class="product"><a href="https://www.amazon.com/dp/B004GJRFYK?tag=eloabder-20&linkCode=osi&th=1&psc=1"><img src="https://m.media-amazon.com/images/I/41AwGxilrHL._SL500_.jpg" alt="Product Image"></a><p>Nature Made Vitamin D3 2000 IU (50 mcg), Dietary Supplement for Bone, Teeth, Muscle and Immune Health Support, 100 Tablets, 100 Day Supply</p><p> -38% 0FF </p><p>$6.99 ($0.07 / Count)</p><a href="https://www.amazon.com/dp/B004GJRFYK?tag=eloabder-20&linkCode=osi&th=1&psc=1">View Product</a></div><div class="product"><a href="https://www.amazon.com/dp/B004U3Y8OM?tag=eloabder-20&linkCode=osi&th=1&psc=1"><img src="https://m.media-amazon.com/images/I/41FAeb-VvJL._SL500_.jpg" alt="Product Image"></a><p>Nature Made Vitamin D3 1000 IU (25 mcg), Dietary Supplement for Bone, Teeth, Muscle and Immune Health Support, 300 Softgels, 300 Day Supply</p><p> -36% 0FF </p><p>$12.35 ($0.04 / Count)</p><a href="https://www.amazon.com/dp/B004U3Y8OM?tag=eloabder-20&linkCode=osi&th=1&psc=1">View Product</a></div><div class="product"><a href="https://www.amazon.com/dp/B0032BH76O?tag=eloabder-20&linkCode=osi&th=1&psc=1"><img src="https://m.media-amazon.com/images/I/41GbEgKM04L._SL500_.jpg" alt="Product Image"></a><p>NOW Foods Supplements, Vitamin D-3 5,000 IU, High Potency, Structural Support*, 240 Softgels</p><p> -48% 0FF </p><p>$11.99 ($0.05 / Count)</p><a href="https://www.amazon.com/dp/B0032BH76O?tag=eloabder-20&linkCode=osi&th=1&psc=1">View Product</a></div><div class="product"><a href="https://www.amazon.com/dp/B008GC9T6A?tag=eloabder-20&linkCode=osi&th=1&psc=1"><img src="https://m.media-amazon.com/images/I/41T9MsyhtyL._SL500_.jpg" alt="Product Image"></a><p>Nature Made Extra Strength Vitamin D3 5000 IU (125 mcg), Dietary Supplement for Bone, Teeth, Muscle and Immune Health Support, 180 Softgels, 180 Day Supply</p><p> -51% 0FF </p><p>$14.29 ($0.08 / Count)</p><a href="https://www.amazon.com/dp/B008GC9T6A?tag=eloabder-20&linkCode=osi&th=1&psc=1">View Product</a></div><div class="product"><a href="https://www.amazon.com/dp/B004JO99TG?tag=eloabder-20&linkCode=osi&th=1&psc=1"><img src="https://m.media-amazon.com/images/I/41U+oh75F3L._SL500_.jpg" alt="Product Image"></a><p>Nature's Bounty Vitamin D3 1000 IU Softgels, Immune Support, Promotes Healthy Bones, 350 Ct</p><p> -28% 0FF </p><p>$13.70 ($0.04 / Count)</p><a href="https://www.amazon.com/dp/B004JO99TG?tag=eloabder-20&linkCode=osi&th=1&psc=1">View Product</a></div><div class="product"><a href="https://www.amazon.com/dp/B07YM8MCWN?tag=eloabder-20&linkCode=osi&th=1&psc=1"><img src="https://m.media-amazon.com/images/I/41ca9TyyoCL._SL500_.jpg" alt="Product Image"></a><p>Nature Made Extra Strength Vitamin D3 5000 IU (125 mcg) per serving, Dietary Supplement for Bone, Teeth, Muscle and Immune Health Support, 150 Gummies, 75 Day Supply</p><p> -61% 0FF </p><p>$12.74 ($0.08 / Count)</p><a href="https://www.amazon.com/dp/B07YM8MCWN?tag=eloabder-20&linkCode=osi&th=1&psc=1">View Product</a></div><div class="product"><a href="https://www.amazon.com/dp/B00DN4VCA2?tag=eloabder-20&linkCode=osi&th=1&psc=1"><img src="https://m.media-amazon.com/images/I/41PsA535b2L._SL500_.jpg" alt="Product Image"></a><p>Nature's Bounty Vitamin D3, Immune Support, 125 mcg (5000iu), Rapid Release Softgels, 240 Ct</p><p> -28% 0FF </p><p>$22.39 ($0.09 / Count)</p><a href="https://www.amazon.com/dp/B00DN4VCA2?tag=eloabder-20&linkCode=osi&th=1&psc=1">View Product</a></div>
<div class="product"><a href="https://www.amazon.com/dp/B08YS4ZRTL?tag=eloabder-20&linkCode=osi&th=1&psc=1"><img src="https://m.media-amazon.com/images/I/41GcGPxLCmS._SL500_.jpg" alt="Product Image"></a><p>Nature's Bounty Vitamin C, Supports Immune and Antioxidant Health, Vitamin C Supplement, 1000mg, 300 Caplets</p><p> -55% 0FF </p><p>$17.37 ($0.06 / Count)</p><a href="https://www.amazon.com/dp/B08YS4ZRTL?tag=eloabder-20&linkCode=osi&th=1&psc=1">View Product</a></div><div class="product"><a href="https://www.amazon.com/dp/B08FNG91XM?tag=eloabder-20&linkCode=osi&th=1&psc=1"><img src="https://m.media-amazon.com/images/I/41ZC6V+G+HL._SL500_.jpg" alt="Product Image"></a><p>Nature Made Extra Strength Dosage Chewable Vitamin C 1000 mg per serving, Dietary Supplement for Immune Support, 90 Tablets, 45 Day Supply</p><p> -53% 0FF </p><p>$7.49 ($0.08 / Count)</p><a href="https://www.amazon.com/dp/B08FNG91XM?tag=eloabder-20&linkCode=osi&th=1&psc=1">View Product</a></div><div class="product"><a href="https://www.amazon.com/dp/B001AIXCU6?tag=eloabder-20&linkCode=osi&th=1&psc=1"><img src="https://m.media-amazon.com/images/I/41bTcu8uA7L._SL500_.jpg" alt="Product Image"></a><p>NOW Supplements, Vitamin C-1,000 with 100 mg of Bioflavonoids, Antioxidant protection*, 100 Veg Capsules</p><p> -39% 0FF </p><p>$8.56 ($0.09 / Count)</p><a href="https://www.amazon.com/dp/B001AIXCU6?tag=eloabder-20&linkCode=osi&th=1&psc=1">View Product</a></div><div class="product"><a href="https://www.amazon.com/dp/B0CBVWPPR9?tag=eloabder-20&linkCode=osi&th=1&psc=1"><img src="https://m.media-amazon.com/images/I/41LN1NSD+LL._SL500_.jpg" alt="Product Image"></a><p>Nature Made Maximum Strength Dosage Vitamin C 1000mg per Serving, Immune Support Vitamin C Gummies for Adults, 80 Vitamin C Gummies, 20 Day Supply</p><p> -23% 0FF </p><p>$14.99 ($0.19 / Count)</p><a href="https://www.amazon.com/dp/B0CBVWPPR9?tag=eloabder-20&linkCode=osi&th=1&psc=1">View Product</a></div><div class="product"><a href="https://www.amazon.com/dp/B0061GLR5O?tag=eloabder-20&linkCode=osi&th=1&psc=1"><img src="https://m.media-amazon.com/images/I/41d2trPxbUL._SL500_.jpg" alt="Product Image"></a><p>Nature's Bounty Vitamin C Tablets, Vitamin Supplement, Supports a Healthy Immune System, 500mg, 100 Count</p><p> -16% 0FF </p><p>$6.44 ($0.06 / Count)</p><a href="https://www.amazon.com/dp/B0061GLR5O?tag=eloabder-20&linkCode=osi&th=1&psc=1">View Product</a></div><div class="product"><a href="https://www.amazon.com/dp/B003FW4UME?tag=eloabder-20&linkCode=osi&th=1&psc=1"><img src="https://m.media-amazon.com/images/I/412U0GonxIL._SL500_.jpg" alt="Product Image"></a><p>Vitafusion Power C Vitamin C Gummies for Immune Support, Orange Flavored, 282 mg Vitamin C, America’s Number 1 Gummy Vitamin Brand, 50 Day Supply, 150 Count</p><p> -20% 0FF </p><p>$10.04 ($0.07 / Count)</p><a href="https://www.amazon.com/dp/B003FW4UME?tag=eloabder-20&linkCode=osi&th=1&psc=1">View Product</a></div>
<div class="product"><a href="https://www.amazon.com/dp/B00DS5BGDY?tag=eloabder-20&linkCode=osi&th=1&psc=1"><img src="https://m.media-amazon.com/images/I/41zXI0XuNYL._SL500_.jpg" alt="Product Image"></a><p>Nature Made Vitamin B12 1000 mcg, Dietary Supplement for Energy Metabolism Support, 150 Softgels, 150 Day Supply</p><p> -58% 0FF </p><p>$9.98 ($0.07 / Count)</p><a href="https://www.amazon.com/dp/B00DS5BGDY?tag=eloabder-20&linkCode=osi&th=1&psc=1">View Product</a></div><div class="product"><a href="https://www.amazon.com/dp/B005DXM32M?tag=eloabder-20&linkCode=osi&th=1&psc=1"><img src="https://m.media-amazon.com/images/I/41MvjD91oML._SL500_.jpg" alt="Product Image"></a><p>Nature Made Vitamin B12 1000 mcg, Dietary Supplement For Energy Metabolism Support, 160 Time Release Tablets, 160 Day Supply</p><p> -48% 0FF </p><p>$10.65 ($0.07 / Count)</p><a href="https://www.amazon.com/dp/B005DXM32M?tag=eloabder-20&linkCode=osi&th=1&psc=1">View Product</a></div><div class="product"><a href="https://www.amazon.com/dp/B00CBXSO4I?tag=eloabder-20&linkCode=osi&th=1&psc=1"><img src="https://m.media-amazon.com/images/I/41iG+dyC1gL._SL500_.jpg" alt="Product Image"></a><p>Nature Made Maximum Strength Vitamin B12 5000 mcg, Dietary Supplement for Energy Metabolism Support, 60 Softgels, 60 Day Supply</p><p> -34% 0FF </p><p>$14.41 ($0.24 / Count)</p><a href="https://www.amazon.com/dp/B00CBXSO4I?tag=eloabder-20&linkCode=osi&th=1&psc=1">View Product</a></div><div class="product"><a href="https://www.amazon.com/dp/B002I3V8B2?tag=eloabder-20&linkCode=osi&th=1&psc=1"><img src="https://m.media-amazon.com/images/I/41eTIAmWMFL._SL500_.jpg" alt="Product Image"></a><p>Nature's Bounty Vitamin B12, Supports Energy Metabolism and Nervous System Health, 500mcg, 100 Quick Dissolve Tablets</p><p> -25% 0FF </p><p>$6.99 ($0.07 / Count)</p><a href="https://www.amazon.com/dp/B002I3V8B2?tag=eloabder-20&linkCode=osi&th=1&psc=1">View Product</a></div><div class="product"><a href="https://www.amazon.com/dp/B00OJOL3KO?tag=eloabder-20&linkCode=osi&th=1&psc=1"><img src="https://m.media-amazon.com/images/I/51fIqhTZ-dL._SL500_.jpg" alt="Product Image"></a><p>Vitafusion Extra Strength Vitamin B12 Gummy Vitamins for Energy Metabolism Support and Nervous System Health Support, Cherry Flavored, America’s Number 1 Brand, 45 Day Supply, 90 Count</p><p> -22% 0FF </p><p>$9.74 ($0.11 / Count)</p><a href="https://www.amazon.com/dp/B00OJOL3KO?tag=eloabder-20&linkCode=osi&th=1&psc=1">View Product</a></div><div class="product"><a href="https://www.amazon.com/dp/B07BLLJK8H?tag=eloabder-20&linkCode=osi&th=1&psc=1"><img src="https://m.media-amazon.com/images/I/41HZAnyAW7L._SL500_.jpg" alt="Product Image"></a><p>Natrol Vitamin B-12 5000mcg, Dietary Supplement for Cellular Energy Production & Healthy Nervous System Support, 200 Strawberry-Flavored Fast Dissolve Tablets, 200 Day Supply</p><p> -5% 0FF </p><p>$18.10 ($0.09 / count)</p><a href="https://www.amazon.com/dp/B07BLLJK8H?tag=eloabder-20&linkCode=osi&th=1&psc=1">View Product</a></div><div class="product"><a href="https://www.amazon.com/dp/B00VX14ULK?tag=eloabder-20&linkCode=osi&th=1&psc=1"><img src="https://m.media-amazon.com/images/I/41+rGLsEnvL._SL500_.jpg" alt="Product Image"></a><p>Nature's Bounty Vitamin B12 2500 mcg, Cellular Energy Support, For Energy Metabolism, Heart & Nervous System Health, 75 Quick Dissolve Tablets</p><p> -38% 0FF </p><p>$8.10 ($0.11 / Count)</p><a href="https://www.amazon.com/dp/B00VX14ULK?tag=eloabder-20&linkCode=osi&th=1&psc=1">View Product</a></div><div class="product"><a href="https://www.amazon.com/dp/B0CHKKGDXD?tag=eloabder-20&linkCode=osi&th=1&psc=1"><img src="https://m.media-amazon.com/images/I/31IJJrz9ABL._SL500_.jpg" alt="Product Image"></a><p>NatureWise Vitamin B12 1000 mcg - Supplement for Supporting Energy Levels, Mental Clarity, Nervous System Health - Easy-to-Swallow, Soy and Gluten-Free, Non-GMO - 60 Softgels[2-Month Supply]</p><p> -13% 0FF </p><p>$6.09 ($0.10 / Count)</p><a href="https://www.amazon.com/dp/B0CHKKGDXD?tag=eloabder-20&linkCode=osi&th=1&psc=1">View Product</a></div><div class="product"><a href="https://www.amazon.com/dp/B0BX7GP2HF?tag=eloabder-20&linkCode=osi&th=1&psc=1"><img src="https://m.media-amazon.com/images/I/41KaKYueDfL._SL500_.jpg" alt="Product Image"></a><p>Nature Made Extra Strength Vitamin B12 Gummies, 3000 mcg per serving, B12 Vitamin Supplement for Energy Metabolism Support, 60 Gummy Vitamins, 30 Day Supply</p><p> -25% 0FF </p><p>$10.49 ($0.17 / Count)</p><a href="https://www.amazon.com/dp/B0BX7GP2HF?tag=eloabder-20&linkCode=osi&th=1&psc=1">View Product</a></div>
<div class="product"><a href="https://www.amazon.com/dp/B0002VG3PS?tag=eloabder-20&linkCode=osi&th=1&psc=1"><img src="https://m.media-amazon.com/images/I/41xGc8gVGwL._SL500_.jpg" alt="Product Image"></a><p>Nature Made Vitamin E 180 mg (400 IU) dl-Alpha, Dietary Supplement for Antioxidant Support, No Artificial Flavors, 180 Softgels, 180 Day Supply</p><p> -30% 0FF </p><p>$13.99 ($0.08 / Count)</p><a href="https://www.amazon.com/dp/B0002VG3PS?tag=eloabder-20&linkCode=osi&th=1&psc=1">View Product</a></div><div class="product"><a href="https://www.amazon.com/dp/B002QMB57C?tag=eloabder-20&linkCode=osi&th=1&psc=1"><img src="https://m.media-amazon.com/images/I/41ILutGzoOL._SL500_.jpg" alt="Product Image"></a><p>Nature's Bounty Vitamin E 1000 IU Softgels, Supports Antioxidant Health & Immune System, 1 Pack, 60 Softgels</p><p> -13% 0FF </p><p>$18.48 ($0.31 / Count)</p><a href="https://www.amazon.com/dp/B002QMB57C?tag=eloabder-20&linkCode=osi&th=1&psc=1">View Product</a></div><div class="product"><a href="https://www.amazon.com/dp/B0CPKVBSFR?tag=eloabder-20&linkCode=osi&th=1&psc=1"><img src="https://m.media-amazon.com/images/I/31x9KLSyq4L._SL500_.jpg" alt="Product Image"></a><p>NatureWise Vitamin E 400 IU Softgels (180mg DL-Alpha) - Dairy, Gluten, and Soy Free, Non-GMO Antioxidant Dietary Supplement for Skin, Heart, Eye, and Immune Health Support - 2-Month Supply, 60 Count</p><p> -35% 0FF </p><p>$5.17 ($0.09 / Count)</p><a href="https://www.amazon.com/dp/B0CPKVBSFR?tag=eloabder-20&linkCode=osi&th=1&psc=1">View Product</a></div><div class="product"><a href="https://www.amazon.com/dp/B07BFSFCDS?tag=eloabder-20&linkCode=osi&th=1&psc=1"><img src="https://m.media-amazon.com/images/I/41pk1ggHalS._SL500_.jpg" alt="Product Image"></a><p>Amazon Elements Vitamin E, 400 IU, 100 Softgels, 100 days of supply (Packaging may vary)</p><p> -5% 0FF </p><p>$11.21 ($0.11 / count)</p><a href="https://www.amazon.com/dp/B07BFSFCDS?tag=eloabder-20&linkCode=osi&th=1&psc=1">View Product</a></div><div class="product"><a href="https://www.amazon.com/dp/B000MGOX78?tag=eloabder-20&linkCode=osi&th=1&psc=1"><img src="https://m.media-amazon.com/images/I/41G2JwLiZ0L._SL500_.jpg" alt="Product Image"></a><p>NOW Supplements, Vitamin E-400 IU, Mixed Tocopherols, Antioxidant Protection*, 100 Softgels</p><p> -62% 0FF </p><p>$10.00 ($0.10 / Count)</p><a href="https://www.amazon.com/dp/B000MGOX78?tag=eloabder-20&linkCode=osi&th=1&psc=1">View Product</a></div><div class="product"><a href="https://www.amazon.com/dp/B00128X11E?tag=eloabder-20&linkCode=osi&th=1&psc=1"><img src="https://m.media-amazon.com/images/I/41518K4wU4L._SL500_.jpg" alt="Product Image"></a><p>Solgar Vitamin E 670 mg (1000 IU), 100 Mixed Softgels - Natural Antioxidant, Skin & Immune System Support - Naturally-Sourced Vitamin E - Gluten /Dairy Free - 100 Servings</p><p> -32% 0FF </p><p>$24.56 ($0.25 / Count)</p><a href="https://www.amazon.com/dp/B00128X11E?tag=eloabder-20&linkCode=osi&th=1&psc=1">View Product</a></div><div class="product"><a href="https://www.amazon.com/dp/B0C2SY3BG3?tag=eloabder-20&linkCode=osi&th=1&psc=1"><img src="https://m.media-amazon.com/images/I/41b1yne-vuL._SL500_.jpg" alt="Product Image"></a><p>NatureBell Vitamin E Oil Softgels, 1,000 IU Per Serving, 300 Pills | Essential Antioxidant Supplements, Easily Absorbed Form – Supports Skin, Heart, & Immune Health – Non-GMO</p><p> -22% 0FF </p><p>$24.99 ($0.08 / Count)</p><a href="https://www.amazon.com/dp/B0C2SY3BG3?tag=eloabder-20&linkCode=osi&th=1&psc=1">View Product</a></div><div class="product"><a href="https://www.amazon.com/dp/B01I5OB3LW?tag=eloabder-20&linkCode=osi&th=1&psc=1"><img src="https://m.media-amazon.com/images/I/417sk03NClL._SL500_.jpg" alt="Product Image"></a><p>Nutricost Vitamin E 400 IU, 240 Softgel Capsules - Gluten Free, Non-GMO</p><p> -10% 0FF </p><p>$17.95 ($0.07 / Count)</p><a href="https://www.amazon.com/dp/B01I5OB3LW?tag=eloabder-20&linkCode=osi&th=1&psc=1">View Product</a></div>
<div class="product"><a href="https://www.amazon.com/dp/B006QQRY2O?tag=eloabder-20&linkCode=osi&th=1&psc=1"><img src="https://m.media-amazon.com/images/I/419WjZLvLFL._SL500_.jpg" alt="Product Image"></a><p>Nature's Bounty Iron 65mg, 325 mg Ferrous Sulfate, Cellular Energy Support, Promotes Normal Red Blood Cell Production, 100 Tablets</p><p> -14% 0FF </p><p>$5.45 ($0.05 / Count)</p><a href="https://www.amazon.com/dp/B006QQRY2O?tag=eloabder-20&linkCode=osi&th=1&psc=1">View Product</a></div><div class="product"><a href="https://www.amazon.com/dp/B000WQDD2O?tag=eloabder-20&linkCode=osi&th=1&psc=1"><img src="https://m.media-amazon.com/images/I/41jQi-zmmlL._SL500_.jpg" alt="Product Image"></a><p>NOW Foods Supplements, Iron 18 mg, Non-Constipating*, Essential Mineral, 120 Veg Capsules</p><p> -39% 0FF </p><p>$7.95 ($0.07 / Count)</p><a href="https://www.amazon.com/dp/B000WQDD2O?tag=eloabder-20&linkCode=osi&th=1&psc=1">View Product</a></div><div class="product"><a href="https://www.amazon.com/dp/B08R68324Q?tag=eloabder-20&linkCode=osi&th=1&psc=1"><img src="https://m.media-amazon.com/images/I/41b3TxAwD0L._SL500_.jpg" alt="Product Image"></a><p>Doctor's Recipes Iron Supplement 65 mg with Vitamin C - Maximized Absorption & Stomach Friendly Iron Pills for Red Blood Cells Formation, Heart, Brain & Immunity Health - Vegan Non-GMO 60 Iron Tablets</p><p> -26% 0FF </p><p>$15.98 ($0.27 / Count)</p><a href="https://www.amazon.com/dp/B08R68324Q?tag=eloabder-20&linkCode=osi&th=1&psc=1">View Product</a></div><div class="product"><a href="https://www.amazon.com/dp/B00FYOU6AG?tag=eloabder-20&linkCode=osi&th=1&psc=1"><img src="https://m.media-amazon.com/images/I/41oKBWWRn0L._SL500_.jpg" alt="Product Image"></a><p>NOW Supplements, Iron 36 mg, Double Strength, Non-Constipating*, Essential Mineral, 90 Veg Capsules</p><p> -41% 0FF </p><p>$8.87 ($0.10 / Count)</p><a href="https://www.amazon.com/dp/B00FYOU6AG?tag=eloabder-20&linkCode=osi&th=1&psc=1">View Product</a></div><div class="product"><a href="https://www.amazon.com/dp/B07YM21GR5?tag=eloabder-20&linkCode=osi&th=1&psc=1"><img src="https://m.media-amazon.com/images/I/31Jsc2g7KXL._SL500_.jpg" alt="Product Image"></a><p>MaryRuth Organics Iron Supplement for Women Men & Kids, Liquid Iron Supplement for Women Men & Kids, Iron for Healthy Blood & Oxygen, Ages 4 & Up, Sugar Free, Vegan, Non-GMO, Gluten Free, 15.22 Fl Oz</p><p> -21% 0FF </p><p>$34.48 ($2.27 / Fl Oz)</p><a href="https://www.amazon.com/dp/B07YM21GR5?tag=eloabder-20&linkCode=osi&th=1&psc=1">View Product</a></div><div class="product"><a href="https://www.amazon.com/dp/B006LTCAU2?tag=eloabder-20&linkCode=osi&th=1&psc=1"><img src="https://m.media-amazon.com/images/I/41SJkmfNggL._SL500_.jpg" alt="Product Image"></a><p>Nature's Way Liquid Iron, Provides Daily Value of Iron, Sugar Free, Berry Flavored, 16 Fl. Oz.</p><p> -30% 0FF </p><p>$8.04 ($0.50 / Fl Oz)</p><a href="https://www.amazon.com/dp/B006LTCAU2?tag=eloabder-20&linkCode=osi&th=1&psc=1">View Product</a></div><div class="product"><a href="https://www.amazon.com/dp/B00280M13O?tag=eloabder-20&linkCode=osi&th=1&psc=1"><img src="https://m.media-amazon.com/images/I/51p4g8jnSrS._SL500_.jpg" alt="Product Image"></a><p>Vitamin Code Raw Iron 30ct Capsules</p><p> -20% 0FF </p><p>$15.19 ($0.51 / Count)</p><a href="https://www.amazon.com/dp/B00280M13O?tag=eloabder-20&linkCode=osi&th=1&psc=1">View Product</a></div>
<div class="product"><a href="https://www.amazon.com/dp/B0002VG3QC?tag=eloabder-20&linkCode=osi&th=1&psc=1"><img src="https://m.media-amazon.com/images/I/4164AhPYwZL._SL500_.jpg" alt="Product Image"></a><p>Nature Made Magnesium Oxide 250 mg, Magnesium Supplement for Muscle, Heart, Bone and Nerve Health Support, 200 Tablets, 200 Day Supply</p><p> -27% 0FF </p><p>$8.69 ($0.04 / Count)</p><a href="https://www.amazon.com/dp/B0002VG3QC?tag=eloabder-20&linkCode=osi&th=1&psc=1">View Product</a></div><div class="product"><a href="https://www.amazon.com/dp/B00151G8L8?tag=eloabder-20&linkCode=osi&th=1&psc=1"><img src="https://m.media-amazon.com/images/I/41IBWthzaBL._SL500_.jpg" alt="Product Image"></a><p>Doctor's Best High Absorption Magnesium Glycinate Lysinate, 100% Chelated, TRACCS, Not Buffered, Non-GMO, Vegan, Gluten & Soy Free, 100 mg, 120 Tablets (Packaging May Vary)</p><p> -42% 0FF </p><p>$10.39 ($0.09 / Count)</p><a href="https://www.amazon.com/dp/B00151G8L8?tag=eloabder-20&linkCode=osi&th=1&psc=1">View Product</a></div><div class="product"><a href="https://www.amazon.com/dp/B01CJGXMU2?tag=eloabder-20&linkCode=osi&th=1&psc=1"><img src="https://m.media-amazon.com/images/I/41vazOiu5hL._SL500_.jpg" alt="Product Image"></a><p>Nature Made Magnesium Oxide 250 mg, Magnesium Supplement for Muscle, Heart, Bone and Nerve Health Support, 100 Tablets, 100 Day Supply</p><p> -27% 0FF </p><p>$4.49 ($0.04 / Count)</p><a href="https://www.amazon.com/dp/B01CJGXMU2?tag=eloabder-20&linkCode=osi&th=1&psc=1">View Product</a></div><div class="product"><a href="https://www.amazon.com/dp/B0CRNTTRWH?tag=eloabder-20&linkCode=osi&th=1&psc=1"><img src="https://m.media-amazon.com/images/I/51yGB2K9u1L._SL500_.jpg" alt="Product Image"></a><p>NatureMade Extra Strength Magnesium 400 mg for Bone Health, 180 Softgels</p><p> -26% 0FF </p><p>$24.25 ($0.13 / Count)</p><a href="https://www.amazon.com/dp/B0CRNTTRWH?tag=eloabder-20&linkCode=osi&th=1&psc=1">View Product</a></div><div class="product"><a href="https://www.amazon.com/dp/B0982JTZ7C?tag=eloabder-20&linkCode=osi&th=1&psc=1"><img src="https://m.media-amazon.com/images/I/410EJ4ZeN7L._SL500_.jpg" alt="Product Image"></a><p>Vitamatic Magnesium Citrate Gummies 600mg per Serving - 60 Vegan Gummies - Promotes Healthy Relaxation, Muscle, Bone, & Energy Support (60 Gummies (Pack of 1))</p><p> -31% 0FF </p><p>$8.99 ($0.15 / Count)</p><a href="https://www.amazon.com/dp/B0982JTZ7C?tag=eloabder-20&linkCode=osi&th=1&psc=1">View Product</a></div>
<div class="product"><a href="https://www.amazon.com/dp/B0000DJAPU?tag=eloabder-20&linkCode=osi&th=1&psc=1"><img src="https://m.media-amazon.com/images/I/41AWyU-R3pL._SL500_.jpg" alt="Product Image"></a><p>Nature Made Zinc 30 mg, Dietary Supplement for Immune Health and Antioxidant Support, 100 Tablets, 100 Day Supply</p><p> -14% 0FF </p><p>$4.99 ($0.05 / Count)</p><a href="https://www.amazon.com/dp/B0000DJAPU?tag=eloabder-20&linkCode=osi&th=1&psc=1">View Product</a></div><div class="product"><a href="https://www.amazon.com/dp/B009K6TN08?tag=eloabder-20&linkCode=osi&th=1&psc=1"><img src="https://m.media-amazon.com/images/I/41+5SobvuAL._SL500_.jpg" alt="Product Image"></a><p>NOW Foods Supplements, Zinc (Zinc Gluconate) 50 mg, Supports Enzyme Functions*, Immune Support*, 100 Tablets</p><p> -39% 0FF </p><p>$4.88 ($0.05 / Count)</p><a href="https://www.amazon.com/dp/B009K6TN08?tag=eloabder-20&linkCode=osi&th=1&psc=1">View Product</a></div><div class="product"><a href="https://www.amazon.com/dp/B0098U0QC0?tag=eloabder-20&linkCode=osi&th=1&psc=1"><img src="https://m.media-amazon.com/images/I/5129AYBHcsS._SL500_.jpg" alt="Product Image"></a><p>Garden of Life Zinc Supplements 30mg High Potency Raw Zinc and Vitamin C Multimineral Supplement, Vitamin Code Vitamins Trace Minerals & Probiotics for Skin Health & Immune Support, 60 Vegan Capsules</p><p> -30% 0FF </p><p>$11.19 ($0.19 / Count)</p><a href="https://www.amazon.com/dp/B0098U0QC0?tag=eloabder-20&linkCode=osi&th=1&psc=1">View Product</a></div><div class="product"><a href="https://www.amazon.com/dp/B07QF5YZPM?tag=eloabder-20&linkCode=osi&th=1&psc=1"><img src="https://m.media-amazon.com/images/I/31-Es0RvwCL._SL500_.jpg" alt="Product Image"></a><p>Horbäach Chelated Zinc Supplement 100mg | 250 Tablets | High Potency & Superior Absorption | Vegetarian, Non-GMO, Gluten Free</p><p> -15% 0FF </p><p>$9.39 ($0.04 / Count)</p><a href="https://www.amazon.com/dp/B07QF5YZPM?tag=eloabder-20&linkCode=osi&th=1&psc=1">View Product</a></div><div class="product"><a href="https://www.amazon.com/dp/B004S8CNMS?tag=eloabder-20&linkCode=osi&th=1&psc=1"><img src="https://m.media-amazon.com/images/I/4189jQ1l1qL._SL500_.jpg" alt="Product Image"></a><p>Life Extension Zinc Caps, zinc 50 mg, zinc citrate, Support the body's immune defenses, ultra-absorbable, vegetarian, non-GMO, gluten-free, 90 vegetarian capsules, 90 Count (Pack of 1)</p><p> -25% 0FF </p><p>$6.75 ($0.08 / Count)</p><a href="https://www.amazon.com/dp/B004S8CNMS?tag=eloabder-20&linkCode=osi&th=1&psc=1">View Product</a></div><div class="product"><a href="https://www.amazon.com/dp/B087YLTR4G?tag=eloabder-20&linkCode=osi&th=1&psc=1"><img src="https://m.media-amazon.com/images/I/41hh-3XSXjL._SL500_.jpg" alt="Product Image"></a><p>Sandhu’s Zinc Quercetin 120 Vegetarian Capsules – Zinc Supplements for Antioxidant Immune Support Zinc for Men and Women – Gluten, Soy, Dairy Free</p><p> -20% 0FF </p><p>$27.99 ($0.23 / Count)</p><a href="https://www.amazon.com/dp/B087YLTR4G?tag=eloabder-20&linkCode=osi&th=1&psc=1">View Product</a></div>
<div class="product"><a href="https://www.amazon.com/dp/B0000DJAPS?tag=eloabder-20&linkCode=osi&th=1&psc=1"><img src="https://m.media-amazon.com/images/I/41V-vVwQs7L._SL500_.jpg" alt="Product Image"></a><p>Nature Made Folic Acid 400 mcg (665 mcg DFE), Dietary Supplement for Nervous System Function, 250 Tablets, 250 Day Supply</p><p> -10% 0FF </p><p>$6.31 ($0.03 / Count)</p><a href="https://www.amazon.com/dp/B0000DJAPS?tag=eloabder-20&linkCode=osi&th=1&psc=1">View Product</a></div><div class="product"><a href="https://www.amazon.com/dp/B0009U84Z4?tag=eloabder-20&linkCode=osi&th=1&psc=1"><img src="https://m.media-amazon.com/images/I/41XgVk+QOcL._SL500_.jpg" alt="Product Image"></a><p>NOW Foods Supplements, Folic Acid 800 mcg + B-12 (Cyanocobalamin) 25 mcg, B Complex Vitamin, 250 Tablets</p><p> -39% 0FF </p><p>$5.50 ($0.02 / Count)</p><a href="https://www.amazon.com/dp/B0009U84Z4?tag=eloabder-20&linkCode=osi&th=1&psc=1">View Product</a></div><div class="product"><a href="https://www.amazon.com/dp/B099JC2YTF?tag=eloabder-20&linkCode=osi&th=1&psc=1"><img src="https://m.media-amazon.com/images/I/41T14HpE5hS._SL500_.jpg" alt="Product Image"></a><p>Vitamatic Folic Acid 1000 mcg (1 mg) - Vegetarian Tablets - 1667 mcg DFE - Vitamin B9 (240 Count (Pack of 1))</p><p> -33% 0FF </p><p>$9.99 ($0.04 / Count)</p><a href="https://www.amazon.com/dp/B099JC2YTF?tag=eloabder-20&linkCode=osi&th=1&psc=1">View Product</a></div><div class="product"><a href="https://www.amazon.com/dp/B01IO43YO2?tag=eloabder-20&linkCode=osi&th=1&psc=1"><img src="https://m.media-amazon.com/images/I/41osMHAFreL._SL500_.jpg" alt="Product Image"></a><p>Nutricost Folic Acid (Vitamin B9) 1000 mcg, 240 Capsules</p><p> -13% 0FF </p><p>$12.95 ($0.05 / Count)</p><a href="https://www.amazon.com/dp/B01IO43YO2?tag=eloabder-20&linkCode=osi&th=1&psc=1">View Product</a></div><div class="product"><a href="https://www.amazon.com/dp/B000PSYWQK?tag=eloabder-20&linkCode=osi&th=1&psc=1"><img src="https://m.media-amazon.com/images/I/41qXznaiUlL._SL500_.jpg" alt="Product Image"></a><p>21st Century Folic Acid 400 mcg Tablets, 250 Count</p><p> -28% 0FF </p><p>$3.61 ($0.01 / Count)</p><a href="https://www.amazon.com/dp/B000PSYWQK?tag=eloabder-20&linkCode=osi&th=1&psc=1">View Product</a></div>
<div class="product"><a href="https://www.amazon.com/dp/B00DS5BGAC?tag=eloabder-20&linkCode=osi&th=1&psc=1"><img src="https://m.media-amazon.com/images/I/41XgXxh1trL._SL500_.jpg" alt="Product Image"></a><p>Nature Made Maximum Strength Biotin 5000 mcg, Dietary Supplement may help support Healthy Hair, Skin & Nails, 120 Softgels</p><p> -32% 0FF </p><p>$16.25 ($0.14 / Count)</p><a href="https://www.amazon.com/dp/B00DS5BGAC?tag=eloabder-20&linkCode=osi&th=1&psc=1">View Product</a></div><div class="product"><a href="https://www.amazon.com/dp/B0889KTX1J?tag=eloabder-20&linkCode=osi&th=1&psc=1"><img src="https://m.media-amazon.com/images/I/41CgZFj-vcL._SL500_.jpg" alt="Product Image"></a><p>Nature's Bounty Biotin 10,000 mcg, 250 Rapid Release Softgels</p><p> -15% 0FF </p><p>$16.97 ($0.07 / Count)</p><a href="https://www.amazon.com/dp/B0889KTX1J?tag=eloabder-20&linkCode=osi&th=1&psc=1">View Product</a></div><div class="product"><a href="https://www.amazon.com/dp/B01D6AQQQC?tag=eloabder-20&linkCode=osi&th=1&psc=1"><img src="https://m.media-amazon.com/images/I/41TljEJomnL._SL500_.jpg" alt="Product Image"></a><p>Nature Made One Per Day Biotin (B7) 1000 mcg. Softgels 120 Ct</p><p> -32% 0FF </p><p>$10.01 ($0.08 / Count)</p><a href="https://www.amazon.com/dp/B01D6AQQQC?tag=eloabder-20&linkCode=osi&th=1&psc=1">View Product</a></div><div class="product"><a href="https://www.amazon.com/dp/B00DS5BG52?tag=eloabder-20&linkCode=osi&th=1&psc=1"><img src="https://m.media-amazon.com/images/I/410g0guLnxL._SL500_.jpg" alt="Product Image"></a><p>Nature Made Time Release B-100 B Complex, Dietary Supplement for Nervous System Function Support, 60 Time Release Tablets, 60 Day Supply</p><p> -22% 0FF </p><p>$16.47 ($0.11 / Count)</p><a href="https://www.amazon.com/dp/B00DS5BG52?tag=eloabder-20&linkCode=osi&th=1&psc=1">View Product</a></div><div class="product"><a href="https://www.amazon.com/dp/B000WSS3TA?tag=eloabder-20&linkCode=osi&th=1&psc=1"><img src="https://m.media-amazon.com/images/I/41Y5bx0ysML._SL500_.jpg" alt="Product Image"></a><p>NOW Supplements, Biotin 1,000 mcg, Amino Acid Metabolism*, Energy Production*, 100 Capsules</p><p> -39% 0FF </p><p>$5.50 ($0.06 / Count)</p><a href="https://www.amazon.com/dp/B000WSS3TA?tag=eloabder-20&linkCode=osi&th=1&psc=1">View Product</a></div>
<div class="product"><a href="https://www.amazon.com/dp/B08451719W?tag=eloabder-20&linkCode=osi&th=1&psc=1"><img src="https://m.media-amazon.com/images/I/41Yv7xh8wNL._SL500_.jpg" alt="Product Image"></a><p>Carlyle Melatonin 12 mg Fast Dissolve 300 Tablets | Drug Free | Natural Berry Flavor | Vegetarian, Non-GMO, Gluten Free</p><p> -15% 0FF </p><p>$8.99 ($0.03 / Count)</p><a href="https://www.amazon.com/dp/B08451719W?tag=eloabder-20&linkCode=osi&th=1&psc=1">View Product</a></div><div class="product"><a href="https://www.amazon.com/dp/B000GG6D9A?tag=eloabder-20&linkCode=osi&th=1&psc=1"><img src="https://m.media-amazon.com/images/I/41FKo4YWuQL._SL500_.jpg" alt="Product Image"></a><p>Nature’s Bounty Melatonin 3mg, 100% Drug Free Sleep Aids for Adults, Supports Relaxation and Sleep, Dietary Supplement, 240 Count (Cherry Flavour - Packaging May Vary)</p><p> -35% 0FF </p><p>$7.74 ($0.03 / Count)</p><a href="https://www.amazon.com/dp/B000GG6D9A?tag=eloabder-20&linkCode=osi&th=1&psc=1">View Product</a></div><div class="product"><a href="https://www.amazon.com/dp/B01E14X7SM?tag=eloabder-20&linkCode=osi&th=1&psc=1"><img src="https://m.media-amazon.com/images/I/4193TTQGbkL._SL500_.jpg" alt="Product Image"></a><p>Natrol Sleep Melatonin 10mg Fast Dissolve Tablets, Nighttime Sleep Aid for Adults, 100 Strawberry-Flavored Melatonin Tablets, 100 Day Supply</p><p> -22% 0FF </p><p>$13.19 ($0.13 / Count)</p><a href="https://www.amazon.com/dp/B01E14X7SM?tag=eloabder-20&linkCode=osi&th=1&psc=1">View Product</a></div><div class="product"><a href="https://www.amazon.com/dp/B005DEK990?tag=eloabder-20&linkCode=osi&th=1&psc=1"><img src="https://m.media-amazon.com/images/I/41WEN6LZ54L._SL500_.jpg" alt="Product Image"></a><p>Nature Made Melatonin 3mg Tablets, 100% Drug Free Sleep Aid for Adults, 240 Tablets, 240 Day Supply</p><p> -36% 0FF </p><p>$7.81 ($0.03 / Count)</p><a href="https://www.amazon.com/dp/B005DEK990?tag=eloabder-20&linkCode=osi&th=1&psc=1">View Product</a></div><div class="product"><a href="https://www.amazon.com/dp/B085V63SWW?tag=eloabder-20&linkCode=osi&th=1&psc=1"><img src="https://m.media-amazon.com/images/I/41dWasYIlQL._SL500_.jpg" alt="Product Image"></a><p>Nature Made Melatonin 10mg Maximum Strength Tablets, 100% Drug Free Sleep Aid for Adults, 70 Count, 70 Day Supply</p><p> -15% 0FF </p><p>$13.17 ($0.19 / Count)</p><a href="https://www.amazon.com/dp/B085V63SWW?tag=eloabder-20&linkCode=osi&th=1&psc=1">View Product</a></div><div class="product"><a href="https://www.amazon.com/dp/B08666GMWG?tag=eloabder-20&linkCode=osi&th=1&psc=1"><img src="https://m.media-amazon.com/images/I/41dH5lxQdfL._SL500_.jpg" alt="Product Image"></a><p>Natrol 10mg Melatonin Gummies, Sleep Support for Adults, Melatonin Supplements for Sleeping, 140 Strawberry-Flavored Gummies, 70 Day Supply</p><p> -26% 0FF </p><p>$15.99 ($0.11 / Count)</p><a href="https://www.amazon.com/dp/B08666GMWG?tag=eloabder-20&linkCode=osi&th=1&psc=1">View Product</a></div><div class="product"><a href="https://www.amazon.com/dp/B00H2FG8RK?tag=eloabder-20&linkCode=osi&th=1&psc=1"><img src="https://m.media-amazon.com/images/I/41E1SmNAVtL._SL500_.jpg" alt="Product Image"></a><p>Nature's Bounty Melatonin 5mg Dual Spectrum, 100% Drug Free Sleep Supplement, Quick Release and Extended Release, Promotes Relaxation and Sleep Health, 60 Bi-Layer Tablets</p><p> -35% 0FF </p><p>$7.29 ($0.12 / Count)</p><a href="https://www.amazon.com/dp/B00H2FG8RK?tag=eloabder-20&linkCode=osi&th=1&psc=1">View Product</a></div><div class="product"><a href="https://www.amazon.com/dp/B079TD7HG2?tag=eloabder-20&linkCode=osi&th=1&psc=1"><img src="https://m.media-amazon.com/images/I/519TEPXTm7L._SL500_.jpg" alt="Product Image"></a><p>Natrol 10 mg Melatonin Gummies, Sleep Support for Adults, Melatonin Supplements for Sleeping, 90 Strawberry-Flavored Gummies, 45 Day Supply</p><p> -27% 0FF </p><p>$10.98 ($0.12 / Count)</p><a href="https://www.amazon.com/dp/B079TD7HG2?tag=eloabder-20&linkCode=osi&th=1&psc=1">View Product</a></div>
<div class="product"><a href="https://www.amazon.com/dp/B01GVJK3XW?tag=eloabder-20&linkCode=osi&th=1&psc=1"><img src="https://m.media-amazon.com/images/I/41y-ROAavrL._SL500_.jpg" alt="Product Image"></a><p>Glucosamine Chondroitin MSM Turmeric Boswellia - Joint Support Supplement. Antioxidant Properties. Helps with Inflammatory Response. Occasional Discomfort Relief for Back, Knees & Hands. 90 Capsules</p><p> -15% 0FF </p><p>$28.97 ($0.32 / Count)</p><a href="https://www.amazon.com/dp/B01GVJK3XW?tag=eloabder-20&linkCode=osi&th=1&psc=1">View Product</a></div><div class="product"><a href="https://www.amazon.com/dp/B0BJS6ZYSM?tag=eloabder-20&linkCode=osi&th=1&psc=1"><img src="https://m.media-amazon.com/images/I/41xRD3RMthL._SL500_.jpg" alt="Product Image"></a><p>Horbäach Glucosamine Chondroitin | Plus MSM & Turmeric | 180 Coated Caplets | Non-GMO, Gluten Free Supplement</p><p> -15% 0FF </p><p>$9.88 ($0.05 / Count)</p><a href="https://www.amazon.com/dp/B0BJS6ZYSM?tag=eloabder-20&linkCode=osi&th=1&psc=1">View Product</a></div><div class="product"><a href="https://www.amazon.com/dp/B000052YVA?tag=eloabder-20&linkCode=osi&th=1&psc=1"><img src="https://m.media-amazon.com/images/I/51Pss8N94eL._SL500_.jpg" alt="Product Image"></a><p>Nature's Bounty Glucosamine Chondroitin Pills and Dietary Supplement, Support Joint Health, 110 Capsules</p><p> -29% 0FF </p><p>$16.79 ($0.15 / Count)</p><a href="https://www.amazon.com/dp/B000052YVA?tag=eloabder-20&linkCode=osi&th=1&psc=1">View Product</a></div><div class="product"><a href="https://www.amazon.com/dp/B000I4DFAK?tag=eloabder-20&linkCode=osi&th=1&psc=1"><img src="https://m.media-amazon.com/images/I/412eH9qi4+L._SL500_.jpg" alt="Product Image"></a><p>Doctor's Best Glucosamine Chondroitin Msm with OptiMSM Capsules, Supports Healthy Joint Structure, Function & Comfort, Non-GMO, Gluten Free, Soy Free, 240 Count (Pack of 1)</p><p> -46% 0FF </p><p>$27.21 ($0.11 / Count)</p><a href="https://www.amazon.com/dp/B000I4DFAK?tag=eloabder-20&linkCode=osi&th=1&psc=1">View Product</a></div>
<div class="product"><a href="https://www.amazon.com/dp/B0013OVYE8?tag=eloabder-20&linkCode=osi&th=1&psc=1"><img src="https://m.media-amazon.com/images/I/41rq0wz7-AL._SL500_.jpg" alt="Product Image"></a><p>NOW Foods Supplements, Chondroitin Sulfate 600 mg (a Glycosaminoglycan), Joint Health*, 120 Capsules</p><p> -46% 0FF </p><p>$20.40 ($0.17 / Count)</p><a href="https://www.amazon.com/dp/B0013OVYE8?tag=eloabder-20&linkCode=osi&th=1&psc=1">View Product</a></div><div class="product"><a href="https://www.amazon.com/dp/B09KZLMBVD?tag=eloabder-20&linkCode=osi&th=1&psc=1"><img src="https://m.media-amazon.com/images/I/41rl9efgbGL._SL500_.jpg" alt="Product Image"></a><p>Horbaäch Chondroitin Sulfate 1200mg | 120 Capsules | Non-GMO & Gluten Free Supplement</p><p> -15% 0FF </p><p>$17.38 ($0.14 / Count)</p><a href="https://www.amazon.com/dp/B09KZLMBVD?tag=eloabder-20&linkCode=osi&th=1&psc=1">View Product</a></div>
<div class="product"><a href="https://www.amazon.com/dp/B004GJVD4I?tag=eloabder-20&linkCode=osi&th=1&psc=1"><img src="https://m.media-amazon.com/images/I/41rXqlhNrwL._SL500_.jpg" alt="Product Image"></a><p>Nature Made CoQ10 200mg, Dietary Supplement for Heart Health Support, 80 Softgels, 80 Day Supply</p><p> -52% 0FF </p><p>$23.98 ($0.30 / Count)</p><a href="https://www.amazon.com/dp/B004GJVD4I?tag=eloabder-20&linkCode=osi&th=1&psc=1">View Product</a></div><div class="product"><a href="https://www.amazon.com/dp/B0CFXBNL3Q?tag=eloabder-20&linkCode=osi&th=1&psc=1"><img src="https://m.media-amazon.com/images/I/41GAV2EaxRL._SL500_.jpg" alt="Product Image"></a><p>Stynghj CoQ10 300mg,100 Softgels-Helps Maintain Healthy Blood Pressure and Promotes Energy Production,100 Count (Pack of 1)</p><p> -5% 0FF </p><p>$17.89 ($0.18 / Count)</p><a href="https://www.amazon.com/dp/B0CFXBNL3Q?tag=eloabder-20&linkCode=osi&th=1&psc=1">View Product</a></div><div class="product"><a href="https://www.amazon.com/dp/B0BL1Z8MVD?tag=eloabder-20&linkCode=osi&th=1&psc=1"><img src="https://m.media-amazon.com/images/I/51-25Gi4YyL._SL500_.jpg" alt="Product Image"></a><p>Qunol Ultra CoQ10 100mg Softgels- 3x Better Absorption, Antioxidant for Heart Health & Energy Production, Coenzyme Q10 Vitamins and Supplements, 3 Month Supply, 90 Count</p><p> -10% 0FF </p><p>$23.39 ($0.26 / Count)</p><a href="https://www.amazon.com/dp/B0BL1Z8MVD?tag=eloabder-20&linkCode=osi&th=1&psc=1">View Product</a></div><div class="product"><a href="https://www.amazon.com/dp/B096NKZB6V?tag=eloabder-20&linkCode=osi&th=1&psc=1"><img src="https://m.media-amazon.com/images/I/41ECd00nr9L._SL500_.jpg" alt="Product Image"></a><p>CoQ10-200mg-Softgels with PQQ, BioPerine & Omega-3, 120 Servings Coenzyme Q10(Ubiquinone) Supplement for High-Absorption, Powerful-Antioxidant, Support Heart & Energy-Production</p><p> -24% 0FF </p><p>$15.99 ($0.13 / Count)</p><a href="https://www.amazon.com/dp/B096NKZB6V?tag=eloabder-20&linkCode=osi&th=1&psc=1">View Product</a></div><div class="product"><a href="https://www.amazon.com/dp/B0CF3M3Y1M?tag=eloabder-20&linkCode=osi&th=1&psc=1"><img src="https://m.media-amazon.com/images/I/41U+3SrQIVL._SL500_.jpg" alt="Product Image"></a><p>CoQ10 100mg, 240 Capsules – with Omega 3 Fatty Acid 100mg – Bioavailable Coenzyme Q10 Supplements – Heart, Energy, & Brain Health Antioxidant Support – Non-GMO</p><p> -50% 0FF </p><p>$9.99 ($0.04 / Count)</p><a href="https://www.amazon.com/dp/B0CF3M3Y1M?tag=eloabder-20&linkCode=osi&th=1&psc=1">View Product</a></div>
<div class="product"><a href="https://www.amazon.com/dp/B001GCU6KA?tag=eloabder-20&linkCode=osi&th=1&psc=1"><img src="https://m.media-amazon.com/images/I/41GqjqtkrqL._SL500_.jpg" alt="Product Image"></a><p>NOW Foods Supplements, Omega-3 180 EPA / 120 DHA, Molecularly Distilled, Cardiovascular Support*, 200 Softgels</p><p> -39% 0FF </p><p>$12.24 ($0.06 / Count)</p><a href="https://www.amazon.com/dp/B001GCU6KA?tag=eloabder-20&linkCode=osi&th=1&psc=1">View Product</a></div>
<div class="product"><a href="https://www.amazon.com/dp/B01BXLYEQ0?tag=eloabder-20&linkCode=osi&th=1&psc=1"><img src="https://m.media-amazon.com/images/I/41-9QpEJLtL._SL500_.jpg" alt="Product Image"></a><p>Jacked Factory Burn-XT Clinically Studied Fat Burner & Weight Loss Supplement - Appetite Suppressant & Energy Booster - with Acetyl L-Carnitine, Green Tea Extract and More - 60 Natural Diet Pills</p><p> -43% 0FF </p><p>$19.99 ($0.33 / Count)</p><a href="https://www.amazon.com/dp/B01BXLYEQ0?tag=eloabder-20&linkCode=osi&th=1&psc=1">View Product</a></div><div class="product"><a href="https://www.amazon.com/dp/B00D0VY8BS?tag=eloabder-20&linkCode=osi&th=1&psc=1"><img src="https://m.media-amazon.com/images/I/41NUcpXu+8L._SL500_.jpg" alt="Product Image"></a><p>Hyleys Slim Tea Goji Berry with Green Tea & Senna - Herbal Weight Loss Detox Cleanse Supplement for Belly Fat, Bloating & Metabolism Boost - 25 Tea Bags (1 Pack)</p><p> -23% 0FF </p><p>$4.25 ($0.17 / Count)</p><a href="https://www.amazon.com/dp/B00D0VY8BS?tag=eloabder-20&linkCode=osi&th=1&psc=1">View Product</a></div><div class="product"><a href="https://www.amazon.com/dp/B0BJ827RQF?tag=eloabder-20&linkCode=osi&th=1&psc=1"><img src="https://m.media-amazon.com/images/I/31TvlRh-20L._SL500_.jpg" alt="Product Image"></a><p>alli Diet Weight Loss Supplement Pills, Orlistat 60Mg Capsules, 170 Count</p><p> -14% 0FF </p><p>$68.78 ($0.40 / Count)</p><a href="https://www.amazon.com/dp/B0BJ827RQF?tag=eloabder-20&linkCode=osi&th=1&psc=1">View Product</a></div>
<div class="product"><a href="https://www.amazon.com/dp/B0D7D24YCJ?tag=eloabder-20&linkCode=osi&th=1&psc=1"><img src="https://m.media-amazon.com/images/I/41C9C5C0phL._SL500_.jpg" alt="Product Image"></a><p>LMNITRIX Burnz - Extreme Thermogenic Fat Burner - Powerful Weight Loss Aid, Stronger Than Most Diet Pills - True Plateau Destroyer - Lose Weight Fast for Men and Women - 60ct</p><p> -38% 0FF </p><p>$24.95 ($0.42 / Count)</p><a href="https://www.amazon.com/dp/B0D7D24YCJ?tag=eloabder-20&linkCode=osi&th=1&psc=1">View Product</a></div><div class="product"><a href="https://www.amazon.com/dp/B00NINY2U0?tag=eloabder-20&linkCode=osi&th=1&psc=1"><img src="https://m.media-amazon.com/images/I/51T7RcSsXCL._SL500_.jpg" alt="Product Image"></a><p>EVL Thermogenic Fat Burner Support - Fast Acting Weight Loss Energy and Appetite Support - Trans4orm Green Tea Fat Burner and Weight Loss Support Supplement for Men and Women - 60 Servings</p><p> -23% 0FF </p><p>$22.99 ($0.19 / Count)</p><a href="https://www.amazon.com/dp/B00NINY2U0?tag=eloabder-20&linkCode=osi&th=1&psc=1">View Product</a></div><div class="product"><a href="https://www.amazon.com/dp/B09BG4SWGG?tag=eloabder-20&linkCode=osi&th=1&psc=1"><img src="https://m.media-amazon.com/images/I/41Jve5vb6rL._SL500_.jpg" alt="Product Image"></a><p>Youtheory Daily Fat Burner - Supports Body Composition & Metabolism - with Citrus Fruit Blend, Chromium & Cayenne Extract - Gluten, Soy & Dairy Free - 60 Vegetarian Capsules</p><p> -34% 0FF </p><p>$17.18 ($0.29 / Count)</p><a href="https://www.amazon.com/dp/B09BG4SWGG?tag=eloabder-20&linkCode=osi&th=1&psc=1">View Product</a></div>
<div class="product"><a href="https://www.amazon.com/dp/B0CG3SLY3K?tag=eloabder-20&linkCode=osi&th=1&psc=1"><img src="https://m.media-amazon.com/images/I/51VO0WaTYtL._SL500_.jpg" alt="Product Image"></a><p>Dr Vitamins Thermogenic Fat Burner for Women and Men - Appetite Suppressant for Weight Loss - Includes Green Tea Extracts for Bloat Relief - Metabolism Booster - Pack of 2</p><p> -6% 0FF </p><p>$33.95 ($0.28 / Count)</p><a href="https://www.amazon.com/dp/B0CG3SLY3K?tag=eloabder-20&linkCode=osi&th=1&psc=1">View Product</a></div><div class="product"><a href="https://www.amazon.com/dp/B09CBWWWDL?tag=eloabder-20&linkCode=osi&th=1&psc=1"><img src="https://m.media-amazon.com/images/I/41E5Ubb2vrL._SL500_.jpg" alt="Product Image"></a><p>OLLY Combat Cravings, Metabolism & Energy Support Supplement,1000 mcg Chromium, Green Tea, Goji Berry, Ginger - 30 Count</p><p> -16% 0FF </p><p>$16.88 ($0.56 / Count)</p><a href="https://www.amazon.com/dp/B09CBWWWDL?tag=eloabder-20&linkCode=osi&th=1&psc=1">View Product</a></div><div class="product"><a href="https://www.amazon.com/dp/B07CJ166BR?tag=eloabder-20&linkCode=osi&th=1&psc=1"><img src="https://m.media-amazon.com/images/I/313vHBJOmTL._SL500_.jpg" alt="Product Image"></a><p>Carlyle Ultra Chromium Picolinate 1000mcg | 360 Tablets | Vegetarian, Non-GMO, Gluten Free</p><p> -15% 0FF </p><p>$9.49 ($0.03 / Count)</p><a href="https://www.amazon.com/dp/B07CJ166BR?tag=eloabder-20&linkCode=osi&th=1&psc=1">View Product</a></div><div class="product"><a href="https://www.amazon.com/dp/B0B3KQCYFB?tag=eloabder-20&linkCode=osi&th=1&psc=1"><img src="https://m.media-amazon.com/images/I/412J2DzjVuL._SL500_.jpg" alt="Product Image"></a><p>UNALTERED Appetite Suppressant for Women - Combat Cravings, Bloating, & Support Weight Loss - Natural Diet Pills, Fat Burner, & Carb Blocker - Features Chromium Picolinate & Glucomannan - 120 Ct</p><p> -7% 0FF </p><p>$39.99 ($0.33 / Count)</p><a href="https://www.amazon.com/dp/B0B3KQCYFB?tag=eloabder-20&linkCode=osi&th=1&psc=1">View Product</a></div>
<div class="product"><a href="https://www.amazon.com/dp/B0015068PA?tag=eloabder-20&linkCode=osi&th=1&psc=1"><img src="https://m.media-amazon.com/images/I/41PLpivCSAL._SL500_.jpg" alt="Product Image"></a><p>Atkins Milk Chocolate Delight Protein Shake, 15g Protein, Low Glycemic, 2g Net Carb, 1g Sugar, Keto Friendly, 12 Count</p><p> -22% 0FF </p><p>$19.48 ($0.15 / Fl Oz)</p><a href="https://www.amazon.com/dp/B0015068PA?tag=eloabder-20&linkCode=osi&th=1&psc=1">View Product</a></div><div class="product"><a href="https://www.amazon.com/dp/B007S6Y6VS?tag=eloabder-20&linkCode=osi&th=1&psc=1"><img src="https://m.media-amazon.com/images/I/51rcU9FqXVL._SL500_.jpg" alt="Product Image"></a><p>Garden of Life Raw Organic Meal Replacement Shakes - Chocolate Plant Based Vegan Protein Powder, Pea Protein, Sprouts, Greens, Probiotics, Dairy Free All in One Shake for Women and Men, 28 Servings</p><p> -29% 0FF </p><p>$42.36 ($1.11 / Ounce)</p><a href="https://www.amazon.com/dp/B007S6Y6VS?tag=eloabder-20&linkCode=osi&th=1&psc=1">View Product</a></div><div class="product"><a href="https://www.amazon.com/dp/B0015068TG?tag=eloabder-20&linkCode=osi&th=1&psc=1"><img src="https://m.media-amazon.com/images/I/41hXIUA336L._SL500_.jpg" alt="Product Image"></a><p>Atkins Creamy Vanilla Protein Shake, 15g Protein, Low Glycemic, 2g Net Carb, 1g Sugar, Keto Friendly, 12 Count</p><p> -31% 0FF </p><p>$17.18 ($0.13 / Fl Oz)</p><a href="https://www.amazon.com/dp/B0015068TG?tag=eloabder-20&linkCode=osi&th=1&psc=1">View Product</a></div><div class="product"><a href="https://www.amazon.com/dp/B06Y5ZG66K?tag=eloabder-20&linkCode=osi&th=1&psc=1"><img src="https://m.media-amazon.com/images/I/51Lyzdfa4oL._SL500_.jpg" alt="Product Image"></a><p>Premier Protein Powder, Chocolate Milkshake, 30g Protein, 1g Sugar, 100% Whey Protein, Keto Friendly, No Soy Ingredients, Gluten Free, 17 Servings, 23.9 Ounce (Pack of 1)</p><p> -9% 0FF </p><p>$21.89 ($0.89 / Ounce)</p><a href="https://www.amazon.com/dp/B06Y5ZG66K?tag=eloabder-20&linkCode=osi&th=1&psc=1">View Product</a></div><div class="product"><a href="https://www.amazon.com/dp/B072XT69DR?tag=eloabder-20&linkCode=osi&th=1&psc=1"><img src="https://m.media-amazon.com/images/I/418TrrTOQWL._SL500_.jpg" alt="Product Image"></a><p>REDCON1 MRE Protein Powder, Blueberry Cobbler - Meal Replacement Protein Blend Made with MCT Oil & Whole Foods - Protein with Natural Ingredients to Aid in Muscle Recovery (25 Servings)</p><p> -13% 0FF </p><p>$69.99 ($0.61 / Ounce)</p><a href="https://www.amazon.com/dp/B072XT69DR?tag=eloabder-20&linkCode=osi&th=1&psc=1">View Product</a></div>
<div class="product"><a href="https://www.amazon.com/dp/B08XXHCGZT?tag=eloabder-20&linkCode=osi&th=1&psc=1"><img src="https://m.media-amazon.com/images/I/41iPl4jhA-L._SL500_.jpg" alt="Product Image"></a><p>Nature Made Magnesium Glycinate 200 mg per Serving, Magnesium Supplement for Muscle, Heart, Nerve and Bone Support, 60 Magnesium Bisglycinate Capsules, 30 Day Supply</p><p> -52% 0FF </p><p>$10.66 ($0.18 / Count)</p><a href="https://www.amazon.com/dp/B08XXHCGZT?tag=eloabder-20&linkCode=osi&th=1&psc=1">View Product</a></div>
<div class="product"><a href="https://www.amazon.com/dp/B00ISAPPLI?tag=eloabder-20&linkCode=osi&th=1&psc=1"><img src="https://m.media-amazon.com/images/I/417-h8k4YML._SL500_.jpg" alt="Product Image"></a><p>Dr. Tobias Colon 14 Day Cleanse, Advanced Gut Cleanse Detox for Women & Men with Cascara Sagrada, Psyllium Husk & Senna Leaf, Non-GMO Colon Cleanse, 28 Capsules 1-2 Daily</p><p> -15% 0FF </p><p>$19.99 ($0.71 / Count)</p><a href="https://www.amazon.com/dp/B00ISAPPLI?tag=eloabder-20&linkCode=osi&th=1&psc=1">View Product</a></div><div class="product"><a href="https://www.amazon.com/dp/B07DF77H2D?tag=eloabder-20&linkCode=osi&th=1&psc=1"><img src="https://m.media-amazon.com/images/I/41qnQqBKeJL._SL500_.jpg" alt="Product Image"></a><p>Liver Cleanse Detox & Repair Formula | 20+ Herbs: Milk Thistle Extract with Silymarin, Artichoke, Dandelion, Chicory Root Powder & More! | Premium Liver Support Pills Supplement, 60 Capsules</p><p> -8% 0FF </p><p>$22.95 ($0.38 / Count)</p><a href="https://www.amazon.com/dp/B07DF77H2D?tag=eloabder-20&linkCode=osi&th=1&psc=1">View Product</a></div><div class="product"><a href="https://www.amazon.com/dp/B01AVJGHW4?tag=eloabder-20&linkCode=osi&th=1&psc=1"><img src="https://m.media-amazon.com/images/I/51xGQHea+JL._SL500_.jpg" alt="Product Image"></a><p>Century Systems The Cleaner Detox, Powerful 7-Day Complete Internal Cleansing Formula for Men, Support Digestive Health, 52 Vegetarian Capsules</p><p> -8% 0FF </p><p>$12.50 ($0.24 / Count)</p><a href="https://www.amazon.com/dp/B01AVJGHW4?tag=eloabder-20&linkCode=osi&th=1&psc=1">View Product</a></div><div class="product"><a href="https://www.amazon.com/dp/B0CPVVYG5D?tag=eloabder-20&linkCode=osi&th=1&psc=1"><img src="https://m.media-amazon.com/images/I/41L2n+A9vjL._SL500_.jpg" alt="Product Image"></a><p>Milamiamor 15 Day Cleanse - Gut and Colon Support - Advanced Gut Cleanse Detox for Women & Men with Senna, Cascara Sagrada & Psyllium Husk - Non-GMO - Made in USA - 30 Capsules</p><p> -20% 0FF </p><p>$19.99 ($0.67 / Count)</p><a href="https://www.amazon.com/dp/B0CPVVYG5D?tag=eloabder-20&linkCode=osi&th=1&psc=1">View Product</a></div>
<div class="product"><a href="https://www.amazon.com/dp/B012RFVHSO?tag=eloabder-20&linkCode=osi&th=1&psc=1"><img src="https://m.media-amazon.com/images/I/51As5g4VfnL._SL500_.jpg" alt="Product Image"></a><p>OLLY Probiotic + Prebiotic Gummy, Digestive Support and Gut Health, 500 Million CFUs, Fiber, Adult Chewable Supplement for Men and Women, Peach, 30 Day Supply - 30 Count</p><p> -14% 0FF </p><p>$12.88 ($0.43 / Count)</p><a href="https://www.amazon.com/dp/B012RFVHSO?tag=eloabder-20&linkCode=osi&th=1&psc=1">View Product</a></div><div class="product"><a href="https://www.amazon.com/dp/B001TH7K0G?tag=eloabder-20&linkCode=osi&th=1&psc=1"><img src="https://m.media-amazon.com/images/I/41nbiJxKRNL._SL500_.jpg" alt="Product Image"></a><p>Metamucil 3-in-1 Fiber Capsules, Daily Psyllium Husk Fiber Supplement, Fiber Capsules for Digestive Health, Plant-Based Psyllium Husk Fiber Capsules, #1 Doctor Recommended Fiber Brand, 300ct Capsules</p><p> -10% 0FF </p><p>$30.54 ($0.10 / Count)</p><a href="https://www.amazon.com/dp/B001TH7K0G?tag=eloabder-20&linkCode=osi&th=1&psc=1">View Product</a></div><div class="product"><a href="https://www.amazon.com/dp/B0014CVXMW?tag=eloabder-20&linkCode=osi&th=1&psc=1"><img src="https://m.media-amazon.com/images/I/417nIjuQeVL._SL500_.jpg" alt="Product Image"></a><p>Nature's Bounty Acidophilus Probiotic, Daily Probiotic Supplement, Supports Digestive Health, 1 Pack, 120 Tablets</p><p> -26% 0FF </p><p>$7.89 ($0.07 / Count)</p><a href="https://www.amazon.com/dp/B0014CVXMW?tag=eloabder-20&linkCode=osi&th=1&psc=1">View Product</a></div><div class="product"><a href="https://www.amazon.com/dp/B00C1C21S4?tag=eloabder-20&linkCode=osi&th=1&psc=1"><img src="https://m.media-amazon.com/images/I/41jjvGyic9L._SL500_.jpg" alt="Product Image"></a><p>Digestive Advantage Probiotics For Digestive Health, Probiotic Gummies & Vit D, Daily Probiotics For Women &Men Occasional Bloating, Minor Abdominal Discomfort & Gut Health, 80ct Natural Fruit Flavors</p><p> -23% 0FF </p><p>$16.89 ($0.21 / Count)</p><a href="https://www.amazon.com/dp/B00C1C21S4?tag=eloabder-20&linkCode=osi&th=1&psc=1">View Product</a></div><div class="product"><a href="https://www.amazon.com/dp/B0BSKSTLR6?tag=eloabder-20&linkCode=osi&th=1&psc=1"><img src="https://m.media-amazon.com/images/I/4122KSnK5cL._SL500_.jpg" alt="Product Image"></a><p>Benefiber Prebiotic Fiber Supplement Gummies for Digestive Health, Assorted Fruit Flavor - 81 Count</p><p> -5% 0FF </p><p>$17.99 ($0.22 / Count)</p><a href="https://www.amazon.com/dp/B0BSKSTLR6?tag=eloabder-20&linkCode=osi&th=1&psc=1">View Product</a></div><div class="product"><a href="https://www.amazon.com/dp/B0007IQMVG?tag=eloabder-20&linkCode=osi&th=1&psc=1"><img src="https://m.media-amazon.com/images/I/41LbuIg0j9L._SL500_.jpg" alt="Product Image"></a><p>Digestive Advantage IBS Probiotics For Women and Men, Probiotics For Digestive Health & Intensive Bowel Support with Digestive Enzymes For Gut Health, Occasional Bloating & Immune Support, 96 Capsules</p><p> -17% 0FF </p><p>$24.78 ($0.26 / Count)</p><a href="https://www.amazon.com/dp/B0007IQMVG?tag=eloabder-20&linkCode=osi&th=1&psc=1">View Product</a></div>
<div class="product"><a href="https://www.amazon.com/dp/B000GISTZ4?tag=eloabder-20&linkCode=osi&th=1&psc=1"><img src="https://m.media-amazon.com/images/I/41lOq4KDvCL._SL500_.jpg" alt="Product Image"></a><p>Optimum Nutrition Gold Standard 100% Whey Protein Powder, Vanilla Ice Cream, 2 Pound (Packaging May Vary)</p><p> -17% 0FF </p><p>$35.00 ($1.09 / Ounce)</p><a href="https://www.amazon.com/dp/B000GISTZ4?tag=eloabder-20&linkCode=osi&th=1&psc=1">View Product</a></div><div class="product"><a href="https://www.amazon.com/dp/B09MR8N7D9?tag=eloabder-20&linkCode=osi&th=1&psc=1"><img src="https://m.media-amazon.com/images/I/51PpAEj50iL._SL500_.jpg" alt="Product Image"></a><p>Dymatize ISO100 Whey Protein Powder with 25g of Hydrolyzed 100% Whey Isolate, Gluten Free, Fast Digesting, Chocolate Peanut Butter, 20 Servings</p><p> -20% 0FF </p><p>$26.77 ($1.17 / Ounce)</p><a href="https://www.amazon.com/dp/B09MR8N7D9?tag=eloabder-20&linkCode=osi&th=1&psc=1">View Product</a></div><div class="product"><a href="https://www.amazon.com/dp/B00SCO8AA8?tag=eloabder-20&linkCode=osi&th=1&psc=1"><img src="https://m.media-amazon.com/images/I/41B1py4k0lL._SL500_.jpg" alt="Product Image"></a><p>Isopure Unflavored Protein, Whey Isolate, with Vitamin C & Zinc for Immune Support, 25g Protein, Zero Carb & Keto Friendly, 1 Pound (Packaging May Vary)</p><p> -19% 0FF </p><p>$27.49 ($1.72 / Ounce)</p><a href="https://www.amazon.com/dp/B00SCO8AA8?tag=eloabder-20&linkCode=osi&th=1&psc=1">View Product</a></div><div class="product"><a href="https://www.amazon.com/dp/B007SYT7LO?tag=eloabder-20&linkCode=osi&th=1&psc=1"><img src="https://m.media-amazon.com/images/I/51LyQZUw1WL._SL500_.jpg" alt="Product Image"></a><p>Organic Vegan Vanilla Protein Powder - Garden of Life – 22g Complete Plant Based Raw Protein & BCAAs plus Probiotics & Digestive Enzymes for Easy Digestion – Non-GMO, Gluten-Free, Lactose Free 1.5 LB</p><p> -24% 0FF </p><p>$35.69 ($1.53 / Ounce)</p><a href="https://www.amazon.com/dp/B007SYT7LO?tag=eloabder-20&linkCode=osi&th=1&psc=1">View Product</a></div>
<div class="product"><a href="https://www.amazon.com/dp/B07349CKML?tag=eloabder-20&linkCode=osi&th=1&psc=1"><img src="https://m.media-amazon.com/images/I/51-TkjI7KTL._SL500_.jpg" alt="Product Image"></a><p>Cellucor C4 Sport Pre Workout Powder Watermelon - Pre Workout Energy with Creatine + 135mg Caffeine and Beta-Alanine Performance Blend - NSF Certified for Sport 30 Servings</p><p> -18% 0FF </p><p>$18.04 ($2.54 / Ounce)</p><a href="https://www.amazon.com/dp/B07349CKML?tag=eloabder-20&linkCode=osi&th=1&psc=1">View Product</a></div><div class="product"><a href="https://www.amazon.com/dp/B00KZNOYDG?tag=eloabder-20&linkCode=osi&th=1&psc=1"><img src="https://m.media-amazon.com/images/I/41IXADaWxUL._SL500_.jpg" alt="Product Image"></a><p>BSN N.O.-XPLODE Pre Workout Supplement with Creatine, Beta-Alanine, and Energy, Flavor: Fruit Punch, 60 Servings</p><p> -28% 0FF </p><p>$46.99 ($1.20 / Ounce)</p><a href="https://www.amazon.com/dp/B00KZNOYDG?tag=eloabder-20&linkCode=osi&th=1&psc=1">View Product</a></div><div class="product"><a href="https://www.amazon.com/dp/B00PYB2X8C?tag=eloabder-20&linkCode=osi&th=1&psc=1"><img src="https://m.media-amazon.com/images/I/31NJiruIw-L._SL500_.jpg" alt="Product Image"></a><p>OPTIMUM NUTRITION Gold Standard Pre-Workout with Creatine, Beta-Alanine, and Caffeine for Energy, Flavor: Fruit Punch, 30 Servings</p><p> -24% 0FF </p><p>$24.99 ($2.36 / Ounce)</p><a href="https://www.amazon.com/dp/B00PYB2X8C?tag=eloabder-20&linkCode=osi&th=1&psc=1">View Product</a></div><div class="product"><a href="https://www.amazon.com/dp/B08M49L9PF?tag=eloabder-20&linkCode=osi&th=1&psc=1"><img src="https://m.media-amazon.com/images/I/51nLuPRbp6L._SL500_.jpg" alt="Product Image"></a><p>Alani Nu Pre-Workout - Galaxy Lemonade (30 Servings)</p><p> -13% 0FF </p><p>$34.99 ($3.43 / Ounce)</p><a href="https://www.amazon.com/dp/B08M49L9PF?tag=eloabder-20&linkCode=osi&th=1&psc=1">View Product</a></div><div class="product"><a href="https://www.amazon.com/dp/B0B81CRX95?tag=eloabder-20&linkCode=osi&th=1&psc=1"><img src="https://m.media-amazon.com/images/I/3130sjwWa6L._SL500_.jpg" alt="Product Image"></a><p>Kaged Athletic Sport Pre Workout Powder | Blue Razz | Energy Supplement for Endurance | Cardio, Weightlifting Sports Drink | 20 Servings</p><p> -20% 0FF </p><p>$19.98 ($2.16 / Ounce)</p><a href="https://www.amazon.com/dp/B0B81CRX95?tag=eloabder-20&linkCode=osi&th=1&psc=1">View Product</a></div><div class="product"><a href="https://www.amazon.com/dp/B0C3ND65XS?tag=eloabder-20&linkCode=osi&th=1&psc=1"><img src="https://m.media-amazon.com/images/I/51Z209FUi0L._SL500_.jpg" alt="Product Image"></a><p>ALPHA LION Core Pre Workout Powder with Creatine for Performance, Beta Alanine for Muscle, L-Citrulline for Pump & Tri-Source Caffeine for Sustained Energy (30 Servings, Fruit Punch Flavor)</p><p> -25% 0FF </p><p>$22.59 ($2.14 / Ounce)</p><a href="https://www.amazon.com/dp/B0C3ND65XS?tag=eloabder-20&linkCode=osi&th=1&psc=1">View Product</a></div><div class="product"><a href="https://www.amazon.com/dp/B07TCCPZZL?tag=eloabder-20&linkCode=osi&th=1&psc=1"><img src="https://m.media-amazon.com/images/I/518-8KrY6cL._SL500_.jpg" alt="Product Image"></a><p>Jacked Factory NITROSURGE Pre Workout Supplement - Endless Energy, Instant Strength Gains, Clear Focus, Intense Pumps - NO Booster & Preworkout Powder with Beta Alanine - 30 Servings, Cherry Limeade</p><p> -7% 0FF </p><p>$25.99 ($2.93 / Ounce)</p><a href="https://www.amazon.com/dp/B07TCCPZZL?tag=eloabder-20&linkCode=osi&th=1&psc=1">View Product</a></div>
<div class="product"><a href="https://www.amazon.com/dp/B006G9TB68?tag=eloabder-20&linkCode=osi&th=1&psc=1"><img src="https://m.media-amazon.com/images/I/31N397czLaL._SL500_.jpg" alt="Product Image"></a><p>BSN Amino X Muscle Recovery & Endurance Powder with BCAAs, Intra Workout Support, 10 Grams of Amino Acids, Keto Friendly, Caffeine Free, Flavor: Grape, 30 Servings (Packaging May Vary)</p><p> -22% 0FF </p><p>$21.84 ($1.43 / Ounce)</p><a href="https://www.amazon.com/dp/B006G9TB68?tag=eloabder-20&linkCode=osi&th=1&psc=1">View Product</a></div><div class="product"><a href="https://www.amazon.com/dp/B00LALNIOI?tag=eloabder-20&linkCode=osi&th=1&psc=1"><img src="https://m.media-amazon.com/images/I/510ZY58GIXL._SL500_.jpg" alt="Product Image"></a><p>Scivation XTEND ORIGINAL 7G BCAA MUSCLE RECOVERY + ELECTROLYTES 30 SERVINGS BLUE RASPBERRY ICE</p><p> -25% 0FF </p><p>$21.08 ($1.60 / Ounce)</p><a href="https://www.amazon.com/dp/B00LALNIOI?tag=eloabder-20&linkCode=osi&th=1&psc=1">View Product</a></div><div class="product"><a href="https://www.amazon.com/dp/B01HGQZXIY?tag=eloabder-20&linkCode=osi&th=1&psc=1"><img src="https://m.media-amazon.com/images/I/41CbhAnReOL._SL500_.jpg" alt="Product Image"></a><p>Post JYM Active Matrix - Post-Workout with BCAA's, Glutamine, Creatine HCL, Beta-Alanine, and More | JYM Supplement Science | Mandarin Orange Flavor, 30 Servings, 1.3 Pound (Pack of 1)</p><p> -9% 0FF </p><p>$39.32 ($1.86 / Ounce)</p><a href="https://www.amazon.com/dp/B01HGQZXIY?tag=eloabder-20&linkCode=osi&th=1&psc=1">View Product</a></div><div class="product"><a href="https://www.amazon.com/dp/B096YK5XWB?tag=eloabder-20&linkCode=osi&th=1&psc=1"><img src="https://m.media-amazon.com/images/I/51wqAloXhHL._SL500_.jpg" alt="Product Image"></a><p>Alpha Lion Superhuman Post Workout Recovery, Muscle Builder Drink, Creatine Powder + More for Lean Muscle Growth, Strength & Volume, Supplement for Women & Men (25 Servings, Gainy Smith Apple)</p><p> -8% 0FF </p><p>$36.85 ($3.24 / Ounce)</p><a href="https://www.amazon.com/dp/B096YK5XWB?tag=eloabder-20&linkCode=osi&th=1&psc=1">View Product</a></div>
<div class="product"><a href="https://www.amazon.com/dp/B09RGKQW2L?tag=eloabder-20&linkCode=osi&th=1&psc=1"><img src="https://m.media-amazon.com/images/I/51FNip1-KmL._SL500_.jpg" alt="Product Image"></a><p>C4 Performance Energy Drink | SKITTLES™ | Zero Sugar Carbonated Preworkout Energy | 200mg Caffeine with Beta Alanine | 16 Fl Oz (12 Pack)</p><p> -18% 0FF </p><p>$22.99 ($0.12 / Fl Oz)</p><a href="https://www.amazon.com/dp/B09RGKQW2L?tag=eloabder-20&linkCode=osi&th=1&psc=1">View Product</a></div><div class="product"><a href="https://www.amazon.com/dp/B07GB2HL98?tag=eloabder-20&linkCode=osi&th=1&psc=1"><img src="https://m.media-amazon.com/images/I/51TUyZ1RZsL._SL500_.jpg" alt="Product Image"></a><p>Optimum Nutrition Amino Energy Sparkling Hydration Drink, Electrolytes, Caffeine, Amino Acids, BCAAs, Sugar Free, Blueberry Lemonade, 12 Fl Oz, 12 Pack (Packaging May Vary)</p><p> -20% 0FF </p><p>$19.88 ($0.14 / Fl Oz)</p><a href="https://www.amazon.com/dp/B07GB2HL98?tag=eloabder-20&linkCode=osi&th=1&psc=1">View Product</a></div><div class="product"><a href="https://www.amazon.com/dp/B09SRV8QHH?tag=eloabder-20&linkCode=osi&th=1&psc=1"><img src="https://m.media-amazon.com/images/I/51Iq4eGNL+L._SL500_.jpg" alt="Product Image"></a><p>C4 Ultimate | Pre Workout Sugar Free Energy Drink | Tri-Stim Experience with 300mg Caffeine + TeaCrine + Dynamine | Fruit Punch | 16oz (Pack of 12)</p><p> -14% 0FF </p><p>$30.00 ($0.16 / Fl Oz)</p><a href="https://www.amazon.com/dp/B09SRV8QHH?tag=eloabder-20&linkCode=osi&th=1&psc=1">View Product</a></div>
<div class="product"><a href="https://www.amazon.com/dp/B002DYIZEE?tag=eloabder-20&linkCode=osi&th=1&psc=1"><img src="https://m.media-amazon.com/images/I/310djDmWGLL._SL500_.jpg" alt="Product Image"></a><p>Optimum Nutrition Micronized Creatine Monohydrate Powder, Unflavored, Keto Friendly, 60 Servings (Packaging May Vary)</p><p> -23% 0FF </p><p>$17.00 ($1.60 / Ounce)</p><a href="https://www.amazon.com/dp/B002DYIZEE?tag=eloabder-20&linkCode=osi&th=1&psc=1">View Product</a></div><div class="product"><a href="https://www.amazon.com/dp/B00XQ2XGAA?tag=eloabder-20&linkCode=osi&th=1&psc=1"><img src="https://m.media-amazon.com/images/I/3176H8jDR9L._SL500_.jpg" alt="Product Image"></a><p>Sports Research Collagen Peptides for Women & Men - Hydrolyzed Type 1 & 3 Collagen Powder Protein Supplement for Healthy Skin, Nails, Bones & Joints - Easy Mixing Vital Nutrients & Proteins</p><p> -11% 0FF </p><p>$32.95 ($2.06 / Ounce)</p><a href="https://www.amazon.com/dp/B00XQ2XGAA?tag=eloabder-20&linkCode=osi&th=1&psc=1">View Product</a></div><div class="product"><a href="https://www.amazon.com/dp/B019GU4ILQ?tag=eloabder-20&linkCode=osi&th=1&psc=1"><img src="https://m.media-amazon.com/images/I/51QLnQIgtZL._SL500_.jpg" alt="Product Image"></a><p>Nuun Sport: Electrolyte-Rich Sports Drink Tablets, Citrus Berry Mixed Flavor Pack, Box of 4 Count (40 servings), Sports Drink for Replenishment of Essential Electrolytes Lost Through Sweat</p><p> -36% 0FF </p><p>$19.12 ($0.48 / Count)</p><a href="https://www.amazon.com/dp/B019GU4ILQ?tag=eloabder-20&linkCode=osi&th=1&psc=1">View Product</a></div>
<div class="product"><a href="https://www.amazon.com/dp/B00O193Y4U?tag=eloabder-20&linkCode=osi&th=1&psc=1"><img src="https://m.media-amazon.com/images/I/51b1a31ZNOL._SL500_.jpg" alt="Product Image"></a><p>Pure Protein Bars, High Protein, Nutritious Snacks to Support Energy, Low Sugar, Gluten Free, Chewy Chocolate Chip, 1.76oz (Pack of 12), Packaging may vary</p><p> -24% 0FF </p><p>$15.28 ($0.72 / Ounce)</p><a href="https://www.amazon.com/dp/B00O193Y4U?tag=eloabder-20&linkCode=osi&th=1&psc=1">View Product</a></div><div class="product"><a href="https://www.amazon.com/dp/B07J2MM23Z?tag=eloabder-20&linkCode=osi&th=1&psc=1"><img src="https://m.media-amazon.com/images/I/51FUKQtlLiL._SL500_.jpg" alt="Product Image"></a><p>Quest Nutrition Ultimate Variety Pack Protein Bars, High Protein, Low Carb, Gluten Free, Keto Friendly, 12 Count</p><p> -17% 0FF </p><p>$24.88 ($0.98 / Ounce)</p><a href="https://www.amazon.com/dp/B07J2MM23Z?tag=eloabder-20&linkCode=osi&th=1&psc=1">View Product</a></div><div class="product"><a href="https://www.amazon.com/dp/B09QHBBGJT?tag=eloabder-20&linkCode=osi&th=1&psc=1"><img src="https://m.media-amazon.com/images/I/51gdruf0zxL._SL500_.jpg" alt="Product Image"></a><p>CLIF Builders - Chocolate Peanut Butter Flavor - Protein Bars - Gluten-Free - Non-GMO - Low Glycemic - 20g Protein - 2.4 oz.</p><p> -8% 0FF </p><p>$19.28 ($0.67 / Ounce)</p><a href="https://www.amazon.com/dp/B09QHBBGJT?tag=eloabder-20&linkCode=osi&th=1&psc=1">View Product</a></div><div class="product"><a href="https://www.amazon.com/dp/B00VRALMVI?tag=eloabder-20&linkCode=osi&th=1&psc=1"><img src="https://m.media-amazon.com/images/I/516gkLbCIVL._SL500_.jpg" alt="Product Image"></a><p>MET-Rx Big 100 Colossal Protein Bars, Crispy Apple Pie Meal Replacement Bars, 9 Count</p><p> -42% 0FF </p><p>$19.19 ($0.61 / Ounce)</p><a href="https://www.amazon.com/dp/B00VRALMVI?tag=eloabder-20&linkCode=osi&th=1&psc=1">View Product</a></div><div class="product"><a href="https://www.amazon.com/dp/B0CVNCJKJJ?tag=eloabder-20&linkCode=osi&th=1&psc=1"><img src="https://m.media-amazon.com/images/I/41BiVPM9dvL._SL500_.jpg" alt="Product Image"></a><p>ONE Protein Bars, Reese's Peanut Butter Lovers, Gluten Free with 18g Protein and 3g Sugar, Pantry Staples, 2.12 oz (12 Count)</p><p> -20% 0FF </p><p>$23.94 ($2.00 / Count)</p><a href="https://www.amazon.com/dp/B0CVNCJKJJ?tag=eloabder-20&linkCode=osi&th=1&psc=1">View Product</a></div><div class="product"><a href="https://www.amazon.com/dp/B00ZQUEYP6?tag=eloabder-20&linkCode=osi&th=1&psc=1"><img src="https://m.media-amazon.com/images/I/41dNIIdL+JL._SL500_.jpg" alt="Product Image"></a><p>ONE Protein Bars, Cookies & Creme, Gluten Free Protein Bars with 20g Protein and 1g Sugar, Pantry Staples, 2.12 oz (12 Count)</p><p> -11% 0FF </p><p>$26.75 ($1.05 / Ounce)</p><a href="https://www.amazon.com/dp/B00ZQUEYP6?tag=eloabder-20&linkCode=osi&th=1&psc=1">View Product</a></div><div class="product"><a href="https://www.amazon.com/dp/B07CSGVMH6?tag=eloabder-20&linkCode=osi&th=1&psc=1"><img src="https://m.media-amazon.com/images/I/51Z+34aZg6L._SL500_.jpg" alt="Product Image"></a><p>Quest Nutrition Pumpkin Pie Protein Bar, 20g Protein, 4g Net Carb, 1g Sugar, Gluten Free, 12 Count</p><p> -13% 0FF </p><p>$25.98 ($1.01 / Ounce)</p><a href="https://www.amazon.com/dp/B07CSGVMH6?tag=eloabder-20&linkCode=osi&th=1&psc=1">View Product</a></div>
<div class="product"><a href="https://www.amazon.com/dp/B09NS38Q41?tag=eloabder-20&linkCode=osi&th=1&psc=1"><img src="https://m.media-amazon.com/images/I/41Yr3qVgBZL._SL500_.jpg" alt="Product Image"></a><p>Nutricost Electrolyte Complex (Advanced Hydration with Real Salt®) 120 Capsules - 8 Hydrating Electrolytes & Vitamins, Gluten Free, Non-GMO, Vegetarian</p><p> -13% 0FF </p><p>$13.95 ($0.12 / Count)</p><a href="https://www.amazon.com/dp/B09NS38Q41?tag=eloabder-20&linkCode=osi&th=1&psc=1">View Product</a></div><div class="product"><a href="https://www.amazon.com/dp/B0BGT67LM7?tag=eloabder-20&linkCode=osi&th=1&psc=1"><img src="https://m.media-amazon.com/images/I/41E+0pcyr-L._SL500_.jpg" alt="Product Image"></a><p>Horbäach Electrolyte Tablets | 200 Count | Vegetarian | Keto-Friendly | Non-GMO, and Gluten Free Hydration Supplement</p><p> -15% 0FF </p><p>$9.99 ($0.05 / Count)</p><a href="https://www.amazon.com/dp/B0BGT67LM7?tag=eloabder-20&linkCode=osi&th=1&psc=1">View Product</a></div><div class="product"><a href="https://www.amazon.com/dp/B0C6MXP3C7?tag=eloabder-20&linkCode=osi&th=1&psc=1"><img src="https://m.media-amazon.com/images/I/51mwXw1W8RL._SL500_.jpg" alt="Product Image"></a><p>Electrolytes - Electrolyte Tablets with Magnesium, Sodium, Potassium, Chloride, Vitamins D3 & B6, Kelp Powder - Salt Pills - Made in USA - Oral Tablets as Capsules - Vegan & Keto Friendly - 120 Tabs</p><p> -20% 0FF </p><p>$15.11 ($0.13 / Count)</p><a href="https://www.amazon.com/dp/B0C6MXP3C7?tag=eloabder-20&linkCode=osi&th=1&psc=1">View Product</a></div><div class="product"><a href="https://www.amazon.com/dp/B08CMLT2CB?tag=eloabder-20&linkCode=osi&th=1&psc=1"><img src="https://m.media-amazon.com/images/I/51BRxFyU0+L._SL500_.jpg" alt="Product Image"></a><p>KEY NUTRIENTS Electrolyte Tablets, 200 Capsules, Salt Tablets for Dehydration, Fasting Electrolytes Tablets - Salt Pills with Electrolytes, No Sugar, Gluten Free Hydration Tablets Made in USA</p><p> -28% 0FF </p><p>$17.99 ($0.09 / Count)</p><a href="https://www.amazon.com/dp/B08CMLT2CB?tag=eloabder-20&linkCode=osi&th=1&psc=1">View Product</a></div>
<div class="product"><a href="https://www.amazon.com/dp/B094QB6PH6?tag=eloabder-20&linkCode=osi&th=1&psc=1"><img src="https://m.media-amazon.com/images/I/51t-JLtma+L._SL500_.jpg" alt="Product Image"></a><p>DripDrop Hydration Juicy Variety Pack Electrolyte Drink Mix Single-Serve Powder Packets- Grape, Fruit Punch, Strawberry Lemonade, Cherry - 32 Servings</p><p> -22% 0FF </p><p>$28.00 ($2.50 / Ounce)</p><a href="https://www.amazon.com/dp/B094QB6PH6?tag=eloabder-20&linkCode=osi&th=1&psc=1">View Product</a></div><div class="product"><a href="https://www.amazon.com/dp/B08TZD2R7L?tag=eloabder-20&linkCode=osi&th=1&psc=1"><img src="https://m.media-amazon.com/images/I/510WEkhuwiL._SL500_.jpg" alt="Product Image"></a><p>DripDrop Hydration - Bold Variety Pack - Electrolyte Drink Mix Single Serve Hydration Powder Packets - Watermelon, Berry, Lemon, Orange | Non-GMO, Gluten Free, Vegan | 32 Sticks</p><p> -7% 0FF </p><p>$33.50 ($2.97 / Ounce)</p><a href="https://www.amazon.com/dp/B08TZD2R7L?tag=eloabder-20&linkCode=osi&th=1&psc=1">View Product</a></div><div class="product"><a href="https://www.amazon.com/dp/B08YFDWXBL?tag=eloabder-20&linkCode=osi&th=1&psc=1"><img src="https://m.media-amazon.com/images/I/51u06T4BbnL._SL500_.jpg" alt="Product Image"></a><p>Nectar Hydration Packets - Electrolytes Powder Packets - No Sugar or Calories - Organic Fruit Liquid Daily IV Hydrate Packets for Dehydration Relief and Rapid Rehydration (Variety 18 Pack)</p><p> -15% 0FF </p><p>$16.91 ($8.05 / Ounce)</p><a href="https://www.amazon.com/dp/B08YFDWXBL?tag=eloabder-20&linkCode=osi&th=1&psc=1">View Product</a></div><div class="product"><a href="https://www.amazon.com/dp/B0D434LLZ1?tag=eloabder-20&linkCode=osi&th=1&psc=1"><img src="https://m.media-amazon.com/images/I/41DIcfxPEiL._SL500_.jpg" alt="Product Image"></a><p>PRIME HYDRATION+ Sticks VARIETY PACK | Hydration Powder Single Serve Sticks | Electrolyte Powder On The Go | Low Sugar | Caffeine-Free | Vegan | 30 Sticks</p><p> -20% 0FF </p><p>$19.98 ($2.04 / Ounce)</p><a href="https://www.amazon.com/dp/B0D434LLZ1?tag=eloabder-20&linkCode=osi&th=1&psc=1">View Product</a></div>
<div class="product"><a href="https://www.amazon.com/dp/B00IUHMKJ4?tag=eloabder-20&linkCode=osi&th=1&psc=1"><img src="https://m.media-amazon.com/images/I/41wlhPiv-dL._SL500_.jpg" alt="Product Image"></a><p>Glutamine Powder | MuscleTech 100% Pure L Glutamine Powder | Post Workout Recovery Drink | L-Glutamine Powder for Men & Women | Muscle Recovery | Unflavored (60 Servings)</p><p> -12% 0FF </p><p>$14.99 ($1.42 / Ounce)</p><a href="https://www.amazon.com/dp/B00IUHMKJ4?tag=eloabder-20&linkCode=osi&th=1&psc=1">View Product</a></div><div class="product"><a href="https://www.amazon.com/dp/B000GIQS02?tag=eloabder-20&linkCode=osi&th=1&psc=1"><img src="https://m.media-amazon.com/images/I/41QSuDDAvEL._SL500_.jpg" alt="Product Image"></a><p>Optimum Nutrition Muscle Recovery and Endurance Supplement for Men and Women, Zinc and Magnesium Supplement, 180 Count</p><p> -13% 0FF </p><p>$34.62 ($0.19 / Count)</p><a href="https://www.amazon.com/dp/B000GIQS02?tag=eloabder-20&linkCode=osi&th=1&psc=1">View Product</a></div><div class="product"><a href="https://www.amazon.com/dp/B07YNGFFDT?tag=eloabder-20&linkCode=osi&th=1&psc=1"><img src="https://m.media-amazon.com/images/I/41NRL8t4kKL._SL500_.jpg" alt="Product Image"></a><p>Muscletech HMB Supplements 1000mg, Clear Muscle (42 Liquid Softgels) - Highest Grade HMB for Lean Muscle & Recovery - HMB Free Acid Muscle Supplement - Help Decrease Muscle Breakdown</p><p> -15% 0FF </p><p>$17.05 ($0.41 / Count)</p><a href="https://www.amazon.com/dp/B07YNGFFDT?tag=eloabder-20&linkCode=osi&th=1&psc=1">View Product</a></div><div class="product"><a href="https://www.amazon.com/dp/B001LXMUW6?tag=eloabder-20&linkCode=osi&th=1&psc=1"><img src="https://m.media-amazon.com/images/I/413hbtz4hkL._SL500_.jpg" alt="Product Image"></a><p>NOW Foods Sports Nutrition, ZMA (Zinc, Magnesium and Vitamin B-6), Enhanced Absorption, Sports Recovery*, 180 Capsules</p><p> -47% 0FF </p><p>$24.53 ($0.14 / Count)</p><a href="https://www.amazon.com/dp/B001LXMUW6?tag=eloabder-20&linkCode=osi&th=1&psc=1">View Product</a></div>
<div class="product"><a href="https://www.amazon.com/dp/B087JNQ4X8?tag=eloabder-20&linkCode=osi&th=1&psc=1"><img src="https://m.media-amazon.com/images/I/41KqQHK5+vL._SL500_.jpg" alt="Product Image"></a><p>Immuneti - Advanced Immune Defense, 6-in-1 Powerful Blend of Vitamin C, Vitamin D3, Zinc, Elderberries, Garlic Bulb, Echinacea - Supports Overall Health, Provides Vital Nutrients & Antioxidants</p><p> -11% 0FF </p><p>$15.20 ($0.25 / Count)</p><a href="https://www.amazon.com/dp/B087JNQ4X8?tag=eloabder-20&linkCode=osi&th=1&psc=1">View Product</a></div><div class="product"><a href="https://www.amazon.com/dp/B00MJ7VL1O?tag=eloabder-20&linkCode=osi&th=1&psc=1"><img src="https://m.media-amazon.com/images/I/41dN7-gv40L._SL500_.jpg" alt="Product Image"></a><p>Nature’s Way Sambucus Elderberry Immune Gummies, Daily Immune Support for Kids and Adults*, with Vitamin C, Vitamin D3, Zinc, Gluten Free, Vegetarian, 60 Gummies (Packaging May Vary)</p><p> -29% 0FF </p><p>$14.97 ($0.25 / Count)</p><a href="https://www.amazon.com/dp/B00MJ7VL1O?tag=eloabder-20&linkCode=osi&th=1&psc=1">View Product</a></div><div class="product"><a href="https://www.amazon.com/dp/B096XST3NP?tag=eloabder-20&linkCode=osi&th=1&psc=1"><img src="https://m.media-amazon.com/images/I/41LbQVRj61L._SL500_.jpg" alt="Product Image"></a><p>Amazon Basic Care Immune Support Citrus Chew Tablets, 116 Count</p><p> -20% 0FF </p><p>$12.05 ($0.10 / Count)</p><a href="https://www.amazon.com/dp/B096XST3NP?tag=eloabder-20&linkCode=osi&th=1&psc=1">View Product</a></div>
<div class="product"><a href="https://www.amazon.com/dp/B09GS4SQ4P?tag=eloabder-20&linkCode=osi&th=1&psc=1"><img src="https://m.media-amazon.com/images/I/51mHDeOOoUL._SL500_.jpg" alt="Product Image"></a><p>Tylenol Cold + Flu Severe Medicine Caplets for Cold & Flu Symptom Relief, Fever Reducer, Pain Reliever, Cough Suppressant, Nasal Decongestant & Expectorant with Acetaminophen, 2 pks of 24 ct ea, 48 ct</p><p> -30% 0FF </p><p>$14.88 ($0.31 / Count)</p><a href="https://www.amazon.com/dp/B09GS4SQ4P?tag=eloabder-20&linkCode=osi&th=1&psc=1">View Product</a></div><div class="product"><a href="https://www.amazon.com/dp/B07DQ1KLNH?tag=eloabder-20&linkCode=osi&th=1&psc=1"><img src="https://m.media-amazon.com/images/I/51SOkRabMvL._SL500_.jpg" alt="Product Image"></a><p>Vicks DayQuil & NyQuil SEVERE Co-Pack, Cold & Flu Medicine, Relief for Headache, Fever, Sore Throat, Minor Aches & Pains, Nasal Congestion, Sinus Pressure, Stuffy Nose, & Cough, 48ct</p><p> -8% 0FF </p><p>$18.41 ($0.38 / Count)</p><a href="https://www.amazon.com/dp/B07DQ1KLNH?tag=eloabder-20&linkCode=osi&th=1&psc=1">View Product</a></div><div class="product"><a href="https://www.amazon.com/dp/B01HI7WQRW?tag=eloabder-20&linkCode=osi&th=1&psc=1"><img src="https://m.media-amazon.com/images/I/51jAgEb8O0L._SL500_.jpg" alt="Product Image"></a><p>Tylenol Cold + Flu Severe Day & Night Caplets for Fever, Pain, Cough & Congestion Relief, 24 Count</p><p> -21% 0FF </p><p>$8.39 ($0.35 / count)</p><a href="https://www.amazon.com/dp/B01HI7WQRW?tag=eloabder-20&linkCode=osi&th=1&psc=1">View Product</a></div><div class="product"><a href="https://www.amazon.com/dp/B0078W0QOI?tag=eloabder-20&linkCode=osi&th=1&psc=1"><img src="https://m.media-amazon.com/images/I/41a0ryy5RyL._SL500_.jpg" alt="Product Image"></a><p>Boiron Oscillococcinum For Relief From Flu-Like Symptoms Of Body Aches, Headache, Fever, Chills, And Fatigue - 30 Count</p><p> -37% 0FF </p><p>$21.41 ($0.71 / Count)</p><a href="https://www.amazon.com/dp/B0078W0QOI?tag=eloabder-20&linkCode=osi&th=1&psc=1">View Product</a></div>
<div class="product"><a href="https://www.amazon.com/dp/B00HE66ZUC?tag=eloabder-20&linkCode=osi&th=1&psc=1"><img src="https://m.media-amazon.com/images/I/510MmBSuAfL._SL500_.jpg" alt="Product Image"></a><p>GoodSense Allergy Relief Loratadine Tablets 10 mg, Compare to Claritin, Antihistamine, 24 Hour Allergy Relief, 365 Count</p><p> -24% 0FF </p><p>$12.99 ($0.04 / Count)</p><a href="https://www.amazon.com/dp/B00HE66ZUC?tag=eloabder-20&linkCode=osi&th=1&psc=1">View Product</a></div><div class="product"><a href="https://www.amazon.com/dp/B087Z6TKD9?tag=eloabder-20&linkCode=osi&th=1&psc=1"><img src="https://m.media-amazon.com/images/I/41hMESBq3wL._SL500_.jpg" alt="Product Image"></a><p>HealthA2Z® Allergy Relief | Loratadine 10mg | Antihistamine | Non-Drowsy | Relief from Itchy Throat, Sneezing, Runny Noses | 24-Hours Allergy Medicine (300 Tablets)</p><p> -11% 0FF </p><p>$12.45 ($0.04 / Count)</p><a href="https://www.amazon.com/dp/B087Z6TKD9?tag=eloabder-20&linkCode=osi&th=1&psc=1">View Product</a></div><div class="product"><a href="https://www.amazon.com/dp/B083VVT61S?tag=eloabder-20&linkCode=osi&th=1&psc=1"><img src="https://m.media-amazon.com/images/I/41BJ8O5m3RL._SL500_.jpg" alt="Product Image"></a><p>Amazon Basic Care 24 Hour Allergy Relief, Levocetirizine Dihydrochloride Tablets, 5 mg, Antihistamine, Relieves Sneezing, Runny Nose, Itchy Nose or Throat and Itchy, Watery Eyes, 80 Count</p><p> -7% 0FF </p><p>$19.19 ($0.24 / Count)</p><a href="https://www.amazon.com/dp/B083VVT61S?tag=eloabder-20&linkCode=osi&th=1&psc=1">View Product</a></div><div class="product"><a href="https://www.amazon.com/dp/B07HD67Q1G?tag=eloabder-20&linkCode=osi&th=1&psc=1"><img src="https://m.media-amazon.com/images/I/51FycexY97L._SL500_.jpg" alt="Product Image"></a><p>HealthCareAisle Allergy Relief - Fexofenadine Hydrochloride Tablets USP, 180 mg – 180 Tablets – Allergy Medication, Non-Drowsy 24-Hour Allergy Relief</p><p> -11% 0FF </p><p>$25.20 ($0.14 / Count)</p><a href="https://www.amazon.com/dp/B07HD67Q1G?tag=eloabder-20&linkCode=osi&th=1&psc=1">View Product</a></div><div class="product"><a href="https://www.amazon.com/dp/B002ZX8X2C?tag=eloabder-20&linkCode=osi&th=1&psc=1"><img src="https://m.media-amazon.com/images/I/41ZzxDs5LOL._SL500_.jpg" alt="Product Image"></a><p>berkley jensen 24 Hour Allergy Relief (365-Count), 10 mg Cetirizine Hydrochloride Antihistamine - Fast Allergy Medicine for Indoor & Outdoor Allergies, Easy-Swallow Tablets, Compare to Zyrtec</p><p> -25% 0FF </p><p>$14.99 ($0.04 / Count)</p><a href="https://www.amazon.com/dp/B002ZX8X2C?tag=eloabder-20&linkCode=osi&th=1&psc=1">View Product</a></div>
<div class="product"><a href="https://www.amazon.com/dp/B01HI7WP0U?tag=eloabder-20&linkCode=osi&th=1&psc=1"><img src="https://m.media-amazon.com/images/I/41W2gWWMMvL._SL500_.jpg" alt="Product Image"></a><p>Tylenol Extra Strength Acetaminophen Rapid Release Gels, Pain Reliever & Fever Reducer, 100 ct</p><p> -25% 0FF </p><p>$12.47 ($0.12 / Count)</p><a href="https://www.amazon.com/dp/B01HI7WP0U?tag=eloabder-20&linkCode=osi&th=1&psc=1">View Product</a></div><div class="product"><a href="https://www.amazon.com/dp/B01LXFEY6H?tag=eloabder-20&linkCode=osi&th=1&psc=1"><img src="https://m.media-amazon.com/images/I/31hLnewBXIL._SL500_.jpg" alt="Product Image"></a><p>Biofreeze Pain Relief Gel, Arthritis Pain Reliver, Knee & Lower Back Pain Relief, Sore Muscle Relief, Neck Pain Relief, Pharmacist Recommended, FSA Eligible, 3 FL OZ Biofreeze Menthol Gel</p><p> -14% 0FF </p><p>$10.30 ($3.43 / Fl Oz)</p><a href="https://www.amazon.com/dp/B01LXFEY6H?tag=eloabder-20&linkCode=osi&th=1&psc=1">View Product</a></div><div class="product"><a href="https://www.amazon.com/dp/B00HCQEYCK?tag=eloabder-20&linkCode=osi&th=1&psc=1"><img src="https://m.media-amazon.com/images/I/41YZhrYx3IL._SL500_.jpg" alt="Product Image"></a><p>Boiron Arnicare Gel for Soothing Relief of Joint Pain, Muscle Pain, Muscle Soreness, and Swelling from Bruises or Injury - Non-greasy and Fragrance-Free - 2.6 oz</p><p> -34% 0FF </p><p>$8.29 ($3.19 / Ounce)</p><a href="https://www.amazon.com/dp/B00HCQEYCK?tag=eloabder-20&linkCode=osi&th=1&psc=1">View Product</a></div><div class="product"><a href="https://www.amazon.com/dp/B074F2FSX4?tag=eloabder-20&linkCode=osi&th=1&psc=1"><img src="https://m.media-amazon.com/images/I/41NsmqTCfVL._SL500_.jpg" alt="Product Image"></a><p>Amazon Basic Care Naproxen Sodium Tablets 220 mg, Pain Reliever/Fever Reducer (NSAID), Muscular Aches, Backache, Headache, Toothache, Minor Arthritis Pain Relief and More, 300 Count</p><p> -14% 0FF </p><p>$12.86 ($0.04 / Count)</p><a href="https://www.amazon.com/dp/B074F2FSX4?tag=eloabder-20&linkCode=osi&th=1&psc=1">View Product</a></div>
<div class="product"><a href="https://www.amazon.com/dp/B07L1PHSY9?tag=eloabder-20&linkCode=osi&th=1&psc=1"><img src="https://m.media-amazon.com/images/I/41u9g+RZFLL._SL500_.jpg" alt="Product Image"></a><p>Differin Acne Treatment Gel, 30 Day Supply, Retinoid Treatment for Face with 0.1% Adapalene, Gentle Skin Care for Acne Prone Sensitive Skin, 15g Tube (Packaging May Vary)</p><p> -34% 0FF </p><p>$9.95 ($19.90 / Ounce)</p><a href="https://www.amazon.com/dp/B07L1PHSY9?tag=eloabder-20&linkCode=osi&th=1&psc=1">View Product</a></div><div class="product"><a href="https://www.amazon.com/dp/B0014VTOAQ?tag=eloabder-20&linkCode=osi&th=1&psc=1"><img src="https://m.media-amazon.com/images/I/41N+MLQ+2XL._SL500_.jpg" alt="Product Image"></a><p>AcneFree Terminator 10 Acne Spot Treatment with Benzoyl Peroxide 10% Maximum Strength Acne Cream Treatment, 1 Ounce - Pack Of 1</p><p> -32% 0FF </p><p>$5.47</p><a href="https://www.amazon.com/dp/B0014VTOAQ?tag=eloabder-20&linkCode=osi&th=1&psc=1">View Product</a></div><div class="product"><a href="https://www.amazon.com/dp/B00NR1YVYU?tag=eloabder-20&linkCode=osi&th=1&psc=1"><img src="https://m.media-amazon.com/images/I/41WxZvl58rL._SL500_.jpg" alt="Product Image"></a><p>Neutrogena Rapid Clear Stubborn Acne Spot Treatment Gel with Maximum Strength 10% Benzoyl Peroxide Acne Treatment Medication, Pimple Cream for Acne Prone Skin Care, 1 oz</p><p> -20% 0FF </p><p>$10.77</p><a href="https://www.amazon.com/dp/B00NR1YVYU?tag=eloabder-20&linkCode=osi&th=1&psc=1">View Product</a></div><div class="product"><a href="https://www.amazon.com/dp/B097WMCYYJ?tag=eloabder-20&linkCode=osi&th=1&psc=1"><img src="https://m.media-amazon.com/images/I/41jj-LdIBUL._SL500_.jpg" alt="Product Image"></a><p>CeraVe Acne Control Gel, 2% Salicylic Acid Acne Treatment With Glycolic Acid + Lactic Acids + Niacniamide, Acne Gel Helps Clear Acne Blemishes Without Over Drying, Alcohol Free & Oil Free, 1.35 Fl Oz</p><p> -14% 0FF </p><p>$17.97 ($13.31 / Ounce)</p><a href="https://www.amazon.com/dp/B097WMCYYJ?tag=eloabder-20&linkCode=osi&th=1&psc=1">View Product</a></div><div class="product"><a href="https://www.amazon.com/dp/B0D9BP1HSS?tag=eloabder-20&linkCode=osi&th=1&psc=1"><img src="https://m.media-amazon.com/images/I/41-YQdCQgwL._SL500_.jpg" alt="Product Image"></a><p>Cystic Acne Spot Treatment Cream for Face, Back and Body, with 10% Azelaic Acid & 2% Salicylic Acid, Hormonal Pimple Moisturizer for Teens & Adults, Relief Breakouts Redness Swelling, 1.8 oz</p><p> -27% 0FF </p><p>$21.99 ($12.22 / Ounce)</p><a href="https://www.amazon.com/dp/B0D9BP1HSS?tag=eloabder-20&linkCode=osi&th=1&psc=1">View Product</a></div><div class="product"><a href="https://www.amazon.com/dp/B00KZ22ED4?tag=eloabder-20&linkCode=osi&th=1&psc=1"><img src="https://m.media-amazon.com/images/I/5139oSKFhAL._SL500_.jpg" alt="Product Image"></a><p>Clean & Clear Persa-Gel 10 Oil-Free Acne Spot Treatment with Maximum Strength 10% Benzoyl Peroxide, Topical Pimple Cream & Acne Gel Medication for Face Acne, Fragrance-Free, 1 fl. oz</p><p> -25% 0FF </p><p>$5.97</p><a href="https://www.amazon.com/dp/B00KZ22ED4?tag=eloabder-20&linkCode=osi&th=1&psc=1">View Product</a></div><div class="product"><a href="https://www.amazon.com/dp/B07952C372?tag=eloabder-20&linkCode=osi&th=1&psc=1"><img src="https://m.media-amazon.com/images/I/41Abobk5uVL._SL500_.jpg" alt="Product Image"></a><p>De La Cruz 10% Sulfur Ointment - Cystic Acne Treatment for Face and Body - Daily 10 Min Spot Treatment Mask Safe and Effective Game Changing Hormonal Acne Treatment that Clears Up Pimples 0.21oz 6g</p><p> -8% 0FF </p><p>$5.49 ($26.14 / Ounce)</p><a href="https://www.amazon.com/dp/B07952C372?tag=eloabder-20&linkCode=osi&th=1&psc=1">View Product</a></div>
<div class="product"><a href="https://www.amazon.com/dp/B0CY9X9FQQ?tag=eloabder-20&linkCode=osi&th=1&psc=1"><img src="https://m.media-amazon.com/images/I/31+KrwtuI1L._SL500_.jpg" alt="Product Image"></a><p>Bubble Skincare Cloud Surf Water Cream Face Moisturizer - Hydrating & Mattifying Moisturizer to Help Rebalance Oils and Minimize Pores with Celery Seed Extract - Suitable for Sensitive Skin (50ml)</p><p> -12% 0FF </p><p>$14.98 ($8.86 / Ounce)</p><a href="https://www.amazon.com/dp/B0CY9X9FQQ?tag=eloabder-20&linkCode=osi&th=1&psc=1">View Product</a></div><div class="product"><a href="https://www.amazon.com/dp/B0BJ74DJXG?tag=eloabder-20&linkCode=osi&th=1&psc=1"><img src="https://m.media-amazon.com/images/I/31RefDglMLL._SL500_.jpg" alt="Product Image"></a><p>BYOMA Moisturizing Gel Cream - Barrier Repair Cream/Gel Face Lotion with Niacinamide and Green Tea - Ceramide Face Moisturizer for Dry Skin - Alcohol Free, Oil Free Face Moisturizer - 1.69 fl. oz</p><p> -25% 0FF </p><p>$11.19 ($6.36 / Ounce)</p><a href="https://www.amazon.com/dp/B0BJ74DJXG?tag=eloabder-20&linkCode=osi&th=1&psc=1">View Product</a></div><div class="product"><a href="https://www.amazon.com/dp/B09NXS395V?tag=eloabder-20&linkCode=osi&th=1&psc=1"><img src="https://m.media-amazon.com/images/I/41ZHn0qwWwL._SL500_.jpg" alt="Product Image"></a><p>NAZANO Under Eye Patches - 60 Pcs - 24K Gold Eye Mask- Puffy Eyes & Dark Circles Treatments,Reduce Under Eye Bags and Smooth Wrinkles,Eye Skin Care Pads With Collagen,Hyaluronic Acid & Castor Oil</p><p> -40% 0FF </p><p>$8.99 ($0.30 / Count)</p><a href="https://www.amazon.com/dp/B09NXS395V?tag=eloabder-20&linkCode=osi&th=1&psc=1">View Product</a></div><div class="product"><a href="https://www.amazon.com/dp/B01M9F9JYH?tag=eloabder-20&linkCode=osi&th=1&psc=1"><img src="https://m.media-amazon.com/images/I/41s-rn1v8+L._SL500_.jpg" alt="Product Image"></a><p>Garnier Micellar Cleansing Water, All-in-1 Makeup Remover and Facial Cleanser, For All Skin Types, 3.4 Fl Oz (100mL), 1 Count (Packaging May Vary)</p><p> -11% 0FF </p><p>$3.99 ($1.17 / Fl Oz)</p><a href="https://www.amazon.com/dp/B01M9F9JYH?tag=eloabder-20&linkCode=osi&th=1&psc=1">View Product</a></div>
<div class="product"><a href="https://www.amazon.com/dp/B00TTD9BRC?tag=eloabder-20&linkCode=osi&th=1&psc=1"><img src="https://m.media-amazon.com/images/I/41ba2zJNMXL._SL500_.jpg" alt="Product Image"></a><p>CeraVe Moisturizing Cream | Body and Face Moisturizer for Dry Skin | Body Cream with Hyaluronic Acid and Ceramides | Daily Moisturizer | Oil-Free | Fragrance Free | Non-Comedogenic | 19 Ounce</p><p> -9% 0FF </p><p>$17.78 ($0.94 / Ounce)</p><a href="https://www.amazon.com/dp/B00TTD9BRC?tag=eloabder-20&linkCode=osi&th=1&psc=1">View Product</a></div><div class="product"><a href="https://www.amazon.com/dp/B000YJ2SLG?tag=eloabder-20&linkCode=osi&th=1&psc=1"><img src="https://m.media-amazon.com/images/I/31kAQxeCY6L._SL500_.jpg" alt="Product Image"></a><p>CeraVe Daily Moisturizing Lotion for Dry Skin | Body Lotion & Face Moisturizer with Hyaluronic Acid and Ceramides | Daily Moisturizer | Fragrance Free | Oil-Free | 12 Ounce</p><p> -9% 0FF </p><p>$13.68 ($1.14 / Fl Oz)</p><a href="https://www.amazon.com/dp/B000YJ2SLG?tag=eloabder-20&linkCode=osi&th=1&psc=1">View Product</a></div><div class="product"><a href="https://www.amazon.com/dp/B08BW46XXK?tag=eloabder-20&linkCode=osi&th=1&psc=1"><img src="https://m.media-amazon.com/images/I/41oCJ4BF8oL._SL500_.jpg" alt="Product Image"></a><p>Vanicream Daily Facial Moisturizer With Ceramides and Hyaluronic Acid - Formulated Without Common Irritants for Those with Sensitive Skin, 3 fl oz (Pack of 1)</p><p> -13% 0FF </p><p>$12.97 ($4.32 / Fl Oz)</p><a href="https://www.amazon.com/dp/B08BW46XXK?tag=eloabder-20&linkCode=osi&th=1&psc=1">View Product</a></div><div class="product"><a href="https://www.amazon.com/dp/B00NR1YQHM?tag=eloabder-20&linkCode=osi&th=1&psc=1"><img src="https://m.media-amazon.com/images/I/41yzZFTW63L._SL500_.jpg" alt="Product Image"></a><p>Neutrogena Hydro Boost Face Moisturizer with Hyaluronic Acid for Dry Skin, Oil-Free and Non-Comedogenic Water Gel Face Lotion, 1.7 oz</p><p> -48% 0FF </p><p>$13.99 ($8.23 / Ounce)</p><a href="https://www.amazon.com/dp/B00NR1YQHM?tag=eloabder-20&linkCode=osi&th=1&psc=1">View Product</a></div><div class="product"><a href="https://www.amazon.com/dp/B00365DABC?tag=eloabder-20&linkCode=osi&th=1&psc=1"><img src="https://m.media-amazon.com/images/I/41rqUy3OtML._SL500_.jpg" alt="Product Image"></a><p>CeraVe PM Facial Moisturizing Lotion | Night Cream with Hyaluronic Acid and Niacinamide | Ultra-Lightweight, Oil-Free Moisturizer for Face | 3 Ounce</p><p> -25% 0FF </p><p>$14.99 ($5.00 / Ounce)</p><a href="https://www.amazon.com/dp/B00365DABC?tag=eloabder-20&linkCode=osi&th=1&psc=1">View Product</a></div><div class="product"><a href="https://www.amazon.com/dp/B0BBSP2JNQ?tag=eloabder-20&linkCode=osi&th=1&psc=1"><img src="https://m.media-amazon.com/images/I/51HjtwscPOL._SL500_.jpg" alt="Product Image"></a><p>SimplyVital Face Moisturizer Collagen Cream - Anti Aging Neck and Décolleté - Made in USA Day & Night Face Cream - Moisturizing, Lifting & Recovery – 1.7oz</p><p> -43% 0FF </p><p>$22.89 ($13.46 / Fl Oz)</p><a href="https://www.amazon.com/dp/B0BBSP2JNQ?tag=eloabder-20&linkCode=osi&th=1&psc=1">View Product</a></div>
<div class="product"><a href="https://www.amazon.com/dp/B01N34XW93?tag=eloabder-20&linkCode=osi&th=1&psc=1"><img src="https://m.media-amazon.com/images/I/41LiOnNJ79L._SL500_.jpg" alt="Product Image"></a><p>La Roche-Posay Toleriane Purifying Foaming Facial Cleanser, Oil Free Face Wash for Oily Skin and for Sensitive Skin with Niacinamide, Pore Cleanser Won’t Dry Out Skin, Unscented</p><p> -17% 0FF </p><p>$14.99 ($1.11 / Fl Oz)</p><a href="https://www.amazon.com/dp/B01N34XW93?tag=eloabder-20&linkCode=osi&th=1&psc=1">View Product</a></div><div class="product"><a href="https://www.amazon.com/dp/B01N7T7JKJ?tag=eloabder-20&linkCode=osi&th=1&psc=1"><img src="https://m.media-amazon.com/images/I/31VXK3y1KYL._SL500_.jpg" alt="Product Image"></a><p>La Roche-Posay Toleriane Hydrating Gentle Face Cleanser, Daily Facial Cleanser with Niacinamide and Ceramides for Sensitive Skin, Moisturizing Face Wash for Normal to Dry Skin, Fragrance Free</p><p> -17% 0FF </p><p>$14.99 ($1.11 / Fl Oz)</p><a href="https://www.amazon.com/dp/B01N7T7JKJ?tag=eloabder-20&linkCode=osi&th=1&psc=1">View Product</a></div><div class="product"><a href="https://www.amazon.com/dp/B01MSSDEPK?tag=eloabder-20&linkCode=osi&th=1&psc=1"><img src="https://m.media-amazon.com/images/I/41YuSwjJUIL._SL500_.jpg" alt="Product Image"></a><p>CeraVe Hydrating Facial Cleanser | Moisturizing Face Wash For Dry Skin | Hyaluronic Acid + Ceramides + Glycerin | Hydrating Cleanser For Normal To Dry Skin | National Eczema Association Certified</p><p> -14% 0FF </p><p>$15.48 ($0.97 / Fl Oz)</p><a href="https://www.amazon.com/dp/B01MSSDEPK?tag=eloabder-20&linkCode=osi&th=1&psc=1">View Product</a></div><div class="product"><a href="https://www.amazon.com/dp/B00U1YCRD8?tag=eloabder-20&linkCode=osi&th=1&psc=1"><img src="https://m.media-amazon.com/images/I/31LVb8KvKwL._SL500_.jpg" alt="Product Image"></a><p>CeraVe SA Cleanser | Salicylic Acid Cleanser with Hyaluronic Acid, Niacinamide & Ceramides| BHA Exfoliant for Face | Fragrance Free Non-Comedogenic | 8 Ounce</p><p> -23% 0FF </p><p>$12.37 ($1.55 / Ounce)</p><a href="https://www.amazon.com/dp/B00U1YCRD8?tag=eloabder-20&linkCode=osi&th=1&psc=1">View Product</a></div><div class="product"><a href="https://www.amazon.com/dp/B01N1LL62W?tag=eloabder-20&linkCode=osi&th=1&psc=1"><img src="https://m.media-amazon.com/images/I/41kwN8dWWzL._SL500_.jpg" alt="Product Image"></a><p>CeraVe Foaming Facial Cleanser | Daily Face Wash for Oily Skin with Hyaluronic Acid, Ceramides, and Niacinamide| Fragrance Free | 16 Fluid Ounce</p><p> -14% 0FF </p><p>$15.48 ($0.97 / Fl Oz)</p><a href="https://www.amazon.com/dp/B01N1LL62W?tag=eloabder-20&linkCode=osi&th=1&psc=1">View Product</a></div><div class="product"><a href="https://www.amazon.com/dp/B00QY1XZ4W?tag=eloabder-20&linkCode=osi&th=1&psc=1"><img src="https://m.media-amazon.com/images/I/319pG+OQZxL._SL500_.jpg" alt="Product Image"></a><p>Vanicream Gentle Facial Cleanser with Pump Dispenser - 8 fl oz - Formulated Without Common Irritants for Those with Sensitive Skin</p><p> -11% 0FF </p><p>$8.86 ($1.11 / Fl Oz)</p><a href="https://www.amazon.com/dp/B00QY1XZ4W?tag=eloabder-20&linkCode=osi&th=1&psc=1">View Product</a></div><div class="product"><a href="https://www.amazon.com/dp/B09Y4HHY1P?tag=eloabder-20&linkCode=osi&th=1&psc=1"><img src="https://m.media-amazon.com/images/I/41Crw80Q3yL._SL500_.jpg" alt="Product Image"></a><p>Face Wash by CETAPHIL, Daily Facial Cleanser for Sensitive, Combination to Oily Skin, NEW 16 Oz, Fragrance Free ,Gentle Foaming, Soap Free, Hypoallergenic</p><p> -30% 0FF </p><p>$11.97 ($0.75 / Fl Oz)</p><a href="https://www.amazon.com/dp/B09Y4HHY1P?tag=eloabder-20&linkCode=osi&th=1&psc=1">View Product</a></div>
<div class="product"><a href="https://www.amazon.com/dp/B08CMS8P67?tag=eloabder-20&linkCode=osi&th=1&psc=1"><img src="https://m.media-amazon.com/images/I/21t-OAmjNPL._SL500_.jpg" alt="Product Image"></a><p>Anua Heartleaf 77 Soothing Toner I pH 5.5 Trouble Care, Calming Skin, Refreshing, Hydrating, Purifying, Cruelty Free, Vegan,(250ml / 8.45 fl.oz.)</p><p> -14% 0FF </p><p>$19.69 ($2.33 / Fl Oz)</p><a href="https://www.amazon.com/dp/B08CMS8P67?tag=eloabder-20&linkCode=osi&th=1&psc=1">View Product</a></div><div class="product"><a href="https://www.amazon.com/dp/B007HD570Q?tag=eloabder-20&linkCode=osi&th=1&psc=1"><img src="https://m.media-amazon.com/images/I/31uC8ENEVqL._SL500_.jpg" alt="Product Image"></a><p>Thayers Alcohol-Free Rose Petal Witch Hazel Facial Toner for Glowing Skin, Soothing, Hydrating, Refreshing Toner for Normal and Combination Skin, 12oz</p><p> -16% 0FF </p><p>$9.17 ($0.76 / Fl Oz)</p><a href="https://www.amazon.com/dp/B007HD570Q?tag=eloabder-20&linkCode=osi&th=1&psc=1">View Product</a></div><div class="product"><a href="https://www.amazon.com/dp/B07K23HV61?tag=eloabder-20&linkCode=osi&th=1&psc=1"><img src="https://m.media-amazon.com/images/I/31KkgEtoFiL._SL500_.jpg" alt="Product Image"></a><p>I'm from Rice Toner, Milky Toner for Glowing Skin, 77.78% Korean Rice, Glow Essence with Niacinamide, Hydrating for Dry, Dull, Combination Skin, Vegan, Fragrance Free, Glass Skin 5.07 Fl Oz</p><p> -20% 0FF </p><p>$24.90 ($4.91 / Fl Oz)</p><a href="https://www.amazon.com/dp/B07K23HV61?tag=eloabder-20&linkCode=osi&th=1&psc=1">View Product</a></div><div class="product"><a href="https://www.amazon.com/dp/B07THCMGFP?tag=eloabder-20&linkCode=osi&th=1&psc=1"><img src="https://m.media-amazon.com/images/I/31n-zByuthL._SL500_.jpg" alt="Product Image"></a><p>Haruharu Wonder Black Rice Hyaluronic Toner 5.1 fl.oz / 150ml | Face Moisturizer, Facial Toner for All Skin Types | Vegan, Cruelty Free, EWG-Green</p><p> -11% 0FF </p><p>$13.35 ($2.62 / Fl Oz)</p><a href="https://www.amazon.com/dp/B07THCMGFP?tag=eloabder-20&linkCode=osi&th=1&psc=1">View Product</a></div><div class="product"><a href="https://www.amazon.com/dp/B07BYJF7L7?tag=eloabder-20&linkCode=osi&th=1&psc=1"><img src="https://m.media-amazon.com/images/I/31+G3Xc+J7L._SL500_.jpg" alt="Product Image"></a><p>SOME BY MI AHA BHA PHA 30 Days Miracle Toner - 5.07Oz, 150ml - Mild Exfoliating Skin Prep Korean Toner for All Skin Type - Daily Blackhead Removing Pore Minimizer for Face Texture - Korean Skin Care</p><p> -38% 0FF </p><p>$13.90 ($2.74 / Fl Oz)</p><a href="https://www.amazon.com/dp/B07BYJF7L7?tag=eloabder-20&linkCode=osi&th=1&psc=1">View Product</a></div>
<div class="product"><a href="https://www.amazon.com/dp/B00PBX3L7K?tag=eloabder-20&linkCode=osi&th=1&psc=1"><img src="https://m.media-amazon.com/images/I/31OiAm-FA8L._SL500_.jpg" alt="Product Image"></a><p>COSRX Snail Mucin 96% Power Repairing Essence 3.38 fl.oz 100ml, Hydrating Serum for Face with Snail Secretion Filtrate for Dull Skin & Fine Lines, Korean Skin Care</p><p> -32% 0FF </p><p>$16.99 ($5.03 / Fl Oz)</p><a href="https://www.amazon.com/dp/B00PBX3L7K?tag=eloabder-20&linkCode=osi&th=1&psc=1">View Product</a></div><div class="product"><a href="https://www.amazon.com/dp/B014PGEEO2?tag=eloabder-20&linkCode=osi&th=1&psc=1"><img src="https://m.media-amazon.com/images/I/51v+djIfQGL._SL500_.jpg" alt="Product Image"></a><p>Tree of Life Facial Skin Care Set, Brightening, Firming, Hydrating, Dry Face, Dermatologist Tested - Trio Power Kit, Vitamin C, Retinol and Hyaluronic Acid, 3 count of 1 Fl Oz</p><p> -14% 0FF </p><p>$29.99 ($10.00 / Fl Oz)</p><a href="https://www.amazon.com/dp/B014PGEEO2?tag=eloabder-20&linkCode=osi&th=1&psc=1">View Product</a></div><div class="product"><a href="https://www.amazon.com/dp/B01B5G45R6?tag=eloabder-20&linkCode=osi&th=1&psc=1"><img src="https://m.media-amazon.com/images/I/51Q5RBPeaLL._SL500_.jpg" alt="Product Image"></a><p>artnaturals Anti-Aging-Set with Vitamin-C Retinol and Hyaluronic-Acid - (3 x 1 Fl Oz / 30ml) Serum for Anti Wrinkle and Dark Circle Remover – All Natural and Moisturizing</p><p> -19% 0FF </p><p>$24.95 ($8.32 / Fl Oz)</p><a href="https://www.amazon.com/dp/B01B5G45R6?tag=eloabder-20&linkCode=osi&th=1&psc=1">View Product</a></div><div class="product"><a href="https://www.amazon.com/dp/B07VWSN95S?tag=eloabder-20&linkCode=osi&th=1&psc=1"><img src="https://m.media-amazon.com/images/I/411Y0nzh9zL._SL500_.jpg" alt="Product Image"></a><p>CeraVe Retinol Serum for Post-Acne Marks and Skin Texture | Pore Refining, Resurfacing, Brightening Facial Serum with Retinol and Niacinamide | Fragrance Free, Paraben Free & Non-Comedogenic| 1 Oz</p><p> -15% 0FF </p><p>$18.68</p><a href="https://www.amazon.com/dp/B07VWSN95S?tag=eloabder-20&linkCode=osi&th=1&psc=1">View Product</a></div><div class="product"><a href="https://www.amazon.com/dp/B07QFHZZZL?tag=eloabder-20&linkCode=osi&th=1&psc=1"><img src="https://m.media-amazon.com/images/I/41I2Z44ByOL._SL500_.jpg" alt="Product Image"></a><p>The Ordinary Face Serum Set! Caffeine Solution 5%+EGCG! Hyaluronic Acid 2%+B5! Niacinamide 10% + Zinc 1%! Help Fight Visible Blemishes And Improve The Look Of Skin Texture&Radiance</p><p> -8% 0FF </p><p>$27.00 ($9.00 / Ounce)</p><a href="https://www.amazon.com/dp/B07QFHZZZL?tag=eloabder-20&linkCode=osi&th=1&psc=1">View Product</a></div>
<div class="product"><a href="https://www.amazon.com/dp/B09HH8R1T8?tag=eloabder-20&linkCode=osi&th=1&psc=1"><img src="https://m.media-amazon.com/images/I/51wBTGbcqkL._SL500_.jpg" alt="Product Image"></a><p>UJFQBH 3 Pieces African Bath Sponge African Net Long Net Bath Sponge Exfoliating Shower Body Scrubber Back Scrubber Skin Smoother,Great for Daily Use (Pink,Yellow,Purple)</p><p> -47% 0FF </p><p>$7.99 ($2.66 / Count)</p><a href="https://www.amazon.com/dp/B09HH8R1T8?tag=eloabder-20&linkCode=osi&th=1&psc=1">View Product</a></div><div class="product"><a href="https://www.amazon.com/dp/B004GEV9JW?tag=eloabder-20&linkCode=osi&th=1&psc=1"><img src="https://m.media-amazon.com/images/I/41MgyDfHXfL._SL500_.jpg" alt="Product Image"></a><p>Buf-Puf Gentle Facial Sponge, Dermatologist Developed, Removes Deep Down Dirt & Makeup That Causes Breakouts and Blackheads, Reusable, Exfoliating, 1 Count</p><p> -22% 0FF </p><p>$7.84</p><a href="https://www.amazon.com/dp/B004GEV9JW?tag=eloabder-20&linkCode=osi&th=1&psc=1">View Product</a></div>

<div class="product"><a href="https://www.amazon.com/dp/B005IHT94S?tag=eloabder-20&linkCode=osi&th=1&psc=1"><img src="https://m.media-amazon.com/images/I/31YAXVCRMAL._SL500_.jpg" alt="Product Image"></a><p>Neutrogena Ultra Sheer Dry-Touch Water Resistant and Non-Greasy Sunscreen Lotion with Broad Spectrum SPF 70, 3 Fl Oz (Pack of 1)</p><p> -26% 0FF </p><p>$9.88 ($3.29 / Fl Oz)</p><a href="https://www.amazon.com/dp/B005IHT94S?tag=eloabder-20&linkCode=osi&th=1&psc=1">View Product</a></div><div class="product"><a href="https://www.amazon.com/dp/B01MQXX9US?tag=eloabder-20&linkCode=osi&th=1&psc=1"><img src="https://m.media-amazon.com/images/I/41Zi7BP15NL._SL500_.jpg" alt="Product Image"></a><p>Banana Boat Sport Ultra SPF 50 Sunscreen Spray Twin Pack | Banana Boat Sunscreen Spray SPF 50, Spray On Sunscreen, Water Resistant Sunscreen, Oxybenzone Free Sunscreen Pack, 6oz each</p><p> -26% 0FF </p><p>$13.97 ($1.16 / Ounce)</p><a href="https://www.amazon.com/dp/B01MQXX9US?tag=eloabder-20&linkCode=osi&th=1&psc=1">View Product</a></div><div class="product"><a href="https://www.amazon.com/dp/B0033ZL5YY?tag=eloabder-20&linkCode=osi&th=1&psc=1"><img src="https://m.media-amazon.com/images/I/41gbrGgbm6L._SL500_.jpg" alt="Product Image"></a><p>Banana Boat Sport Ultra SPF 50 Sunscreen Lotion, 8oz | Banana Boat Sunscreen SPF 50 Lotion, Oxybenzone Free Sunscreen, Sunblock Lotion Sunscreen, Banana Boat Lotion, Water Resistant Sunscreen, 8oz</p><p> -40% 0FF </p><p>$8.97 ($1.12 / Fl Oz)</p><a href="https://www.amazon.com/dp/B0033ZL5YY?tag=eloabder-20&linkCode=osi&th=1&psc=1">View Product</a></div><div class="product"><a href="https://www.amazon.com/dp/B004D2DR0Q?tag=eloabder-20&linkCode=osi&th=1&psc=1"><img src="https://m.media-amazon.com/images/I/41QwzCWNnFL._SL500_.jpg" alt="Product Image"></a><p>Neutrogena Ultra Sheer Dry-Touch Water Resistant and Non-Greasy Sunscreen Lotion with Broad Spectrum SPF 45, TSA-Compliant travel Size, 3 Fl Oz, Pack of 2, 6 Fl Oz</p><p> -38% 0FF </p><p>$13.99 ($2.33 / Fl Oz)</p><a href="https://www.amazon.com/dp/B004D2DR0Q?tag=eloabder-20&linkCode=osi&th=1&psc=1">View Product</a></div><div class="product"><a href="https://www.amazon.com/dp/B074W9HR72?tag=eloabder-20&linkCode=osi&th=1&psc=1"><img src="https://m.media-amazon.com/images/I/41X2bu9GahL._SL500_.jpg" alt="Product Image"></a><p>Coppertone Sport Sunscreen Spray SPF 30, Water Resistant Spray Sunscreen, Broad Spectrum SPF 30 Sunscreen, Bulk Sunscreen Pack, 5.5 Oz Bottle, Pack of 2</p><p> -28% 0FF </p><p>$9.99 ($0.91 / Ounce)</p><a href="https://www.amazon.com/dp/B074W9HR72?tag=eloabder-20&linkCode=osi&th=1&psc=1">View Product</a></div><div class="product"><a href="https://www.amazon.com/dp/B0031O5QF6?tag=eloabder-20&linkCode=osi&th=1&psc=1"><img src="https://m.media-amazon.com/images/I/31aJ6gPLVaL._SL500_.jpg" alt="Product Image"></a><p>Hawaiian Tropic Sheer Touch Ultra Radiance Lotion Sunscreen SPF 30, 8oz | Hawaiian Tropic Sunscreen SPF 30, Sunblock, Broad Spectrum Sunscreen, Oxybenzone Free Sunscreen, Body Sunscreen, 8oz</p><p> -14% 0FF </p><p>$8.98 ($1.12 / Fl Oz)</p><a href="https://www.amazon.com/dp/B0031O5QF6?tag=eloabder-20&linkCode=osi&th=1&psc=1">View Product</a></div><div class="product"><a href="https://www.amazon.com/dp/B00B81XR1Y?tag=eloabder-20&linkCode=osi&th=1&psc=1"><img src="https://m.media-amazon.com/images/I/41NtDXr-dML._SL500_.jpg" alt="Product Image"></a><p>Banana Boat Sport Ultra SPF 30 Sunscreen Spray Twin Pack | Banana Boat Sunscreen Spray SPF 30, Spray On Sunscreen, Water Resistant Sunscreen, Oxybenzone Free Sunscreen Pack, 6oz each</p><p> -25% 0FF </p><p>$13.47 ($1.12 / Ounce)</p><a href="https://www.amazon.com/dp/B00B81XR1Y?tag=eloabder-20&linkCode=osi&th=1&psc=1">View Product</a></div><div class="product"><a href="https://www.amazon.com/dp/B00AEN4QZ8?tag=eloabder-20&linkCode=osi&th=1&psc=1"><img src="https://m.media-amazon.com/images/I/31QMrCJPoeL._SL500_.jpg" alt="Product Image"></a><p>Neutrogena Beach Defense Water-Resistant Face & Body SPF 70 Sunscreen Lotion with Broad Spectrum UVA/UVB Protection, Oil-Free Fast-Absorbing Sunscreen Lotion, Oxybenzone-Free, 6.7 oz</p><p> -27% 0FF </p><p>$9.60 ($1.43 / Fl Oz)</p><a href="https://www.amazon.com/dp/B00AEN4QZ8?tag=eloabder-20&linkCode=osi&th=1&psc=1">View Product</a></div><div class="product"><a href="https://www.amazon.com/dp/B09DGPRM22?tag=eloabder-20&linkCode=osi&th=1&psc=1"><img src="https://m.media-amazon.com/images/I/31B9wKQM5vL._SL500_.jpg" alt="Product Image"></a><p>ROUND LAB Birch Juice Moisturizing Sunscreen (SPF50+ PA++++) | A moisturizing sunscreen, No White Cast, Strong UV Protection, Moist Essence Type, Ocean Friendly-Reef Safe (1.69fl.oz)</p><p> -32% 0FF </p><p>$18.99 ($11.24 / Fl Oz)</p><a href="https://www.amazon.com/dp/B09DGPRM22?tag=eloabder-20&linkCode=osi&th=1&psc=1">View Product</a></div>
<div class="product"><a href="https://www.amazon.com/dp/B0C9H6PD9B?tag=eloabder-20&linkCode=osi&th=1&psc=1"><img src="https://m.media-amazon.com/images/I/51MQp9qtYZL._SL500_.jpg" alt="Product Image"></a><p>Collagen Face Moisturizer with Airless Pump - Collagen Botanical Stem Cells Cream for Skin with Retinol, Niacinamide, Hyaluronic Acid - Anti-Aging Day & Night Cream - Made in USA (1.7 Oz)</p><p> -17% 0FF </p><p>$14.99 ($8.82 / Ounce)</p><a href="https://www.amazon.com/dp/B0C9H6PD9B?tag=eloabder-20&linkCode=osi&th=1&psc=1">View Product</a></div><div class="product"><a href="https://www.amazon.com/dp/B008EKY8VK?tag=eloabder-20&linkCode=osi&th=1&psc=1"><img src="https://m.media-amazon.com/images/I/417CElRN9WL._SL500_.jpg" alt="Product Image"></a><p>L'Oreal Paris Revitalift Triple Power Anti-Aging Face Moisturizer, Pro Retinol, Hyaluronic Acid & Vitamin C to Reduce Wrinkles, Firm & Brighten Skin, 1.7 Oz</p><p> -21% 0FF </p><p>$23.66 ($13.92 / Ounce)</p><a href="https://www.amazon.com/dp/B008EKY8VK?tag=eloabder-20&linkCode=osi&th=1&psc=1">View Product</a></div><div class="product"><a href="https://www.amazon.com/dp/B07XJ7XWLW?tag=eloabder-20&linkCode=osi&th=1&psc=1"><img src="https://m.media-amazon.com/images/I/41NLZaGIIvL._SL500_.jpg" alt="Product Image"></a><p>CeraVe Anti Aging Retinol Serum | Cream Serum for Smoothing Fine Lines and Skin Brightening | With Retinol, Hyaluronic Acid, Niacinamide, and Ceramides | 1 Ounce</p><p> -6% 0FF </p><p>$23.49</p><a href="https://www.amazon.com/dp/B07XJ7XWLW?tag=eloabder-20&linkCode=osi&th=1&psc=1">View Product</a></div><div class="product"><a href="https://www.amazon.com/dp/B002JDUMFO?tag=eloabder-20&linkCode=osi&th=1&psc=1"><img src="https://m.media-amazon.com/images/I/41h3+tOcptL._SL500_.jpg" alt="Product Image"></a><p>L’Oréal Paris Collagen Daily Face Moisturizer, Reduce Wrinkles, Face Cream 1.7 oz</p><p> -16% 0FF </p><p>$9.70 ($5.71 / Ounce)</p><a href="https://www.amazon.com/dp/B002JDUMFO?tag=eloabder-20&linkCode=osi&th=1&psc=1">View Product</a></div><div class="product"><a href="https://www.amazon.com/dp/B09JMDLSJR?tag=eloabder-20&linkCode=osi&th=1&psc=1"><img src="https://m.media-amazon.com/images/I/41dzg8Cq95L._SL500_.jpg" alt="Product Image"></a><p>RoC Retinol Correxion Deep Wrinkle Serum Facial Cleanser with Niacinamide for Anti-Aging and Fine Lines, Long-Wear Makeup Remover, Fragrance Free Skin Care, Opthalmologist Tested, 6 Ounces</p><p> -29% 0FF </p><p>$9.99 ($1.66 / Fl Oz)</p><a href="https://www.amazon.com/dp/B09JMDLSJR?tag=eloabder-20&linkCode=osi&th=1&psc=1">View Product</a></div><div class="product"><a href="https://www.amazon.com/dp/B01B7AGX2U?tag=eloabder-20&linkCode=osi&th=1&psc=1"><img src="https://m.media-amazon.com/images/I/31ZFZXsQryL._SL500_.jpg" alt="Product Image"></a><p>Neutrogena Retinol Treatment and Tinted Facial Moisturizer, Healthy Skin Anti-Aging Perfector with Broad Spectrum SPF 20 Sunscreen with Titanium Dioxide, 40 Neutral to Tan, 1 fl. oz</p><p> -50% 0FF </p><p>$10.20</p><a href="https://www.amazon.com/dp/B01B7AGX2U?tag=eloabder-20&linkCode=osi&th=1&psc=1">View Product</a></div>
<div class="product"><a href="https://www.amazon.com/dp/B000N758A2?tag=eloabder-20&linkCode=osi&th=1&psc=1"><img src="https://m.media-amazon.com/images/I/41YSvL8jS6L._SL500_.jpg" alt="Product Image"></a><p>OGX Nourishing + Coconut Milk Anti-Breakage Serum, 4 Fl Oz</p><p> -11% 0FF </p><p>$7.97 ($1.99 / Fl Oz)</p><a href="https://www.amazon.com/dp/B000N758A2?tag=eloabder-20&linkCode=osi&th=1&psc=1">View Product</a></div><div class="product"><a href="https://www.amazon.com/dp/B005LPN8R6?tag=eloabder-20&linkCode=osi&th=1&psc=1"><img src="https://m.media-amazon.com/images/I/41AX5ZL0F9L._SL500_.jpg" alt="Product Image"></a><p>Wet Brush Original Detangling Hair Brush, Classic Black - Ultra-Soft IntelliFlex Bristles - Detangler Brush Glide Through Tangles With Ease For All Hair Types - For Women, Men, Wet & Dry Hair</p><p> -30% 0FF </p><p>$7.00</p><a href="https://www.amazon.com/dp/B005LPN8R6?tag=eloabder-20&linkCode=osi&th=1&psc=1">View Product</a></div><div class="product"><a href="https://www.amazon.com/dp/B001126XOI?tag=eloabder-20&linkCode=osi&th=1&psc=1"><img src="https://m.media-amazon.com/images/I/31MeKMlDGLL._SL500_.jpg" alt="Product Image"></a><p>Conair Velvet Touch hair brush - Detangling hair brush - Ideal for all hair types - Paddle Cushion - Soft Touch Handle - Colors at random - 1 Count</p><p> -28% 0FF </p><p>$4.99</p><a href="https://www.amazon.com/dp/B001126XOI?tag=eloabder-20&linkCode=osi&th=1&psc=1">View Product</a></div><div class="product"><a href="https://www.amazon.com/dp/B00AINMFAC?tag=eloabder-20&linkCode=osi&th=1&psc=1"><img src="https://m.media-amazon.com/images/I/41D7x04cFtL._SL500_.jpg" alt="Product Image"></a><p>Nizoral Anti-Dandruff Shampoo with 1% Ketoconazole, Fresh Scent, 7 Fl Oz</p><p> -47% 0FF </p><p>$15.88 ($2.27 / Fl Oz)</p><a href="https://www.amazon.com/dp/B00AINMFAC?tag=eloabder-20&linkCode=osi&th=1&psc=1">View Product</a></div><div class="product"><a href="https://www.amazon.com/dp/B01LTIAUAG?tag=eloabder-20&linkCode=osi&th=1&psc=1"><img src="https://m.media-amazon.com/images/I/414cIBskUjL._SL500_.jpg" alt="Product Image"></a><p>Cantu Leave-In Conditioning Repair Cream with Argan Oil, 16 oz (Packaging May Vary)</p><p> -13% 0FF </p><p>$6.48 ($0.40 / Ounce)</p><a href="https://www.amazon.com/dp/B01LTIAUAG?tag=eloabder-20&linkCode=osi&th=1&psc=1">View Product</a></div><div class="product"><a href="https://www.amazon.com/dp/B0011DP24Y?tag=eloabder-20&linkCode=osi&th=1&psc=1"><img src="https://m.media-amazon.com/images/I/318wWjq3aeL._SL500_.jpg" alt="Product Image"></a><p>Avalon Organics Revitalizing Lavender Shampoo, For Smooth, Shiny, Touchably Soft Hair For Normal To Dry Hair, 32 Fluid Ounces</p><p> -9% 0FF </p><p>$17.69 ($0.55 / Fl Oz)</p><a href="https://www.amazon.com/dp/B0011DP24Y?tag=eloabder-20&linkCode=osi&th=1&psc=1">View Product</a></div><div class="product"><a href="https://www.amazon.com/dp/B015HTJDDS?tag=eloabder-20&linkCode=osi&th=1&psc=1"><img src="https://m.media-amazon.com/images/I/31TKfcsgYvL._SL500_.jpg" alt="Product Image"></a><p>The Honest Company Conditioning Hair Detangler | Leave-in Conditioner + Fortifying Spray | Tear-free, Cruelty-Free, Hypoallergenic | Citrus Vanilla Refresh, 4 fl oz</p><p> -7% 0FF </p><p>$6.99 ($1.75 / Fl Oz)</p><a href="https://www.amazon.com/dp/B015HTJDDS?tag=eloabder-20&linkCode=osi&th=1&psc=1">View Product</a></div><div class="product"><a href="https://www.amazon.com/dp/B019ZZB3O2?tag=eloabder-20&linkCode=osi&th=1&psc=1"><img src="https://m.media-amazon.com/images/I/41LErxWdadL._SL500_.jpg" alt="Product Image"></a><p>SugarbearPRO Hair Vitamin Extra Strength 6000mcg Biotin, Longer-Looking Hair Gummy for Women & Men,B12, MSM, Inositol, Omega 3, Elderberry, Growth, USA Patent Design, Kosher Halal Vegan 2 Month Supply</p><p> -23% 0FF </p><p>$29.99 ($0.50 / Count)</p><a href="https://www.amazon.com/dp/B019ZZB3O2?tag=eloabder-20&linkCode=osi&th=1&psc=1">View Product</a></div>
<div class="product"><a href="https://www.amazon.com/dp/B00ADRH2OM?tag=eloabder-20&linkCode=osi&th=1&psc=1"><img src="https://m.media-amazon.com/images/I/413WPcPNDbL._SL500_.jpg" alt="Product Image"></a><p>OGX Thick & Full + Biotin & Collagen Volumizing Shampoo, Nutrient-Infused Hair Shampoo with Vitamin B7 Biotin Gives Hair Volume & Body for 72+ Hours, Sulfate-Free Surfactants, 13 fl. oz</p><p> -25% 0FF </p><p>$6.97 ($0.54 / Fl Oz)</p><a href="https://www.amazon.com/dp/B00ADRH2OM?tag=eloabder-20&linkCode=osi&th=1&psc=1">View Product</a></div><div class="product"><a href="https://www.amazon.com/dp/B008J2GP9G?tag=eloabder-20&linkCode=osi&th=1&psc=1"><img src="https://m.media-amazon.com/images/I/31BkIKu3HgL._SL500_.jpg" alt="Product Image"></a><p>OGX Renewing Argan Oil of Morocco Shampoo - Strengthens and Repairs Dry, Damaged Hair - Paraben-Free, Sulfate-Free - 25.4 fl. oz</p><p> -27% 0FF </p><p>$11.99 ($0.47 / Fl Oz)</p><a href="https://www.amazon.com/dp/B008J2GP9G?tag=eloabder-20&linkCode=osi&th=1&psc=1">View Product</a></div><div class="product"><a href="https://www.amazon.com/dp/B008OL3UYK?tag=eloabder-20&linkCode=osi&th=1&psc=1"><img src="https://m.media-amazon.com/images/I/41h78nCTqqL._SL500_.jpg" alt="Product Image"></a><p>Avalon Organics Therapy Biotin B-Complex Thickening Shampoo, For an Energized Scalp and Thicker, Fuller-Looking Hair, 32 Fluid Ounces</p><p> -9% 0FF </p><p>$17.69 ($0.55 / Fl Oz)</p><a href="https://www.amazon.com/dp/B008OL3UYK?tag=eloabder-20&linkCode=osi&th=1&psc=1">View Product</a></div><div class="product"><a href="https://www.amazon.com/dp/B001UGL84U?tag=eloabder-20&linkCode=osi&th=1&psc=1"><img src="https://m.media-amazon.com/images/I/41TIFLFVNyL._SL500_.jpg" alt="Product Image"></a><p>Selsun Blue Medicated Anti-dandruff Shampoo with Menthol, 11 fl. oz., Maximum Strength, Selenium Sulfide 1%</p><p> -13% 0FF </p><p>$7.89 ($0.72 / Fl Oz)</p><a href="https://www.amazon.com/dp/B001UGL84U?tag=eloabder-20&linkCode=osi&th=1&psc=1">View Product</a></div>
<div class="product"><a href="https://www.amazon.com/dp/B0128QFSPK?tag=eloabder-20&linkCode=osi&th=1&psc=1"><img src="https://m.media-amazon.com/images/I/31lrVfnasLL._SL500_.jpg" alt="Product Image"></a><p>OGX Quenching + Coconut Curls Curl-Defining Conditioner, Nourishing Curly Hair Conditioner with Coconut /Citrus Oil & Honey, Paraben-Free with Sulfate-Free Surfactants, 13oz</p><p> -25% 0FF </p><p>$6.97 ($0.54 / Fl Oz)</p><a href="https://www.amazon.com/dp/B0128QFSPK?tag=eloabder-20&linkCode=osi&th=1&psc=1">View Product</a></div><div class="product"><a href="https://www.amazon.com/dp/B0048F38DY?tag=eloabder-20&linkCode=osi&th=1&psc=1"><img src="https://m.media-amazon.com/images/I/41GrHa75nWL._SL500_.jpg" alt="Product Image"></a><p>OGX Renewing + Argan Oil of Morocco Conditioner, 13 fl. oz - Repairs Dry, Damaged Hair, Paraben-Free, Sulfate-Free Surfactants, LipiPro Shield Technology, Citrus-Fresh Scent</p><p> -25% 0FF </p><p>$6.97 ($0.54 / Fl Oz)</p><a href="https://www.amazon.com/dp/B0048F38DY?tag=eloabder-20&linkCode=osi&th=1&psc=1">View Product</a></div><div class="product"><a href="https://www.amazon.com/dp/B01E9CSI44?tag=eloabder-20&linkCode=osi&th=1&psc=1"><img src="https://m.media-amazon.com/images/I/31eFC3P2y4L._SL500_.jpg" alt="Product Image"></a><p>OGX Thick & Full + Biotin & Collagen Volumizing Conditioner, Nutrient-Infused Conditioner + Vitamin B7 Biotin Gives Hair Volume & Body for 72+ Hours, Sulfate-Free Surfactants, 25.4 fl. oz</p><p> -27% 0FF </p><p>$11.99 ($0.47 / Fl Oz)</p><a href="https://www.amazon.com/dp/B01E9CSI44?tag=eloabder-20&linkCode=osi&th=1&psc=1">View Product</a></div><div class="product"><a href="https://www.amazon.com/dp/B000TG850M?tag=eloabder-20&linkCode=osi&th=1&psc=1"><img src="https://m.media-amazon.com/images/I/31TYCRS9xuL._SL500_.jpg" alt="Product Image"></a><p>OGX Nourishing + Coconut Milk Conditioner, Hydrating & Restoring Conditioner Moisturizes for Soft Hair After the First Use, Parabens-Free, Sulfate-Free Surfactants, 13 fl. Oz</p><p> -30% 0FF </p><p>$6.97 ($0.54 / Fl Oz)</p><a href="https://www.amazon.com/dp/B000TG850M?tag=eloabder-20&linkCode=osi&th=1&psc=1">View Product</a></div><div class="product"><a href="https://www.amazon.com/dp/B008OL3VW6?tag=eloabder-20&linkCode=osi&th=1&psc=1"><img src="https://m.media-amazon.com/images/I/31tIRt0xMJL._SL500_.jpg" alt="Product Image"></a><p>Avalon Organics Therapy Thickening Conditioner, Biotin B-Complex, 32 Oz</p><p> -9% 0FF </p><p>$17.69 ($0.55 / Fl Oz)</p><a href="https://www.amazon.com/dp/B008OL3VW6?tag=eloabder-20&linkCode=osi&th=1&psc=1">View Product</a></div>
<div class="product"><a href="https://www.amazon.com/dp/B000ZLVUYO?tag=eloabder-20&linkCode=osi&th=1&psc=1"><img src="https://m.media-amazon.com/images/I/41CNAwwnEqL._SL500_.jpg" alt="Product Image"></a><p>It's A 10 Haircare Miracle Hair Mask - 8 oz. - 1ct</p><p> -21% 0FF </p><p>$24.45 ($3.06 / Fl Oz)</p><a href="https://www.amazon.com/dp/B000ZLVUYO?tag=eloabder-20&linkCode=osi&th=1&psc=1">View Product</a></div><div class="product"><a href="https://www.amazon.com/dp/B002WTC37A?tag=eloabder-20&linkCode=osi&th=1&psc=1"><img src="https://m.media-amazon.com/images/I/41yD1U1SpnL._SL500_.jpg" alt="Product Image"></a><p>Macadamia Natural Deep Repair Hair Masque, 8 OZ</p><p> -7% 0FF </p><p>$16.80 ($2.10 / Fl Oz)</p><a href="https://www.amazon.com/dp/B002WTC37A?tag=eloabder-20&linkCode=osi&th=1&psc=1">View Product</a></div><div class="product"><a href="https://www.amazon.com/dp/B0CQDWM26G?tag=eloabder-20&linkCode=osi&th=1&psc=1"><img src="https://m.media-amazon.com/images/I/41Cg2H-fyrL._SL500_.jpg" alt="Product Image"></a><p>Fino Premium Touch Hair Mask, 180g / 8.11 Ounce by ode</p><p> -9% 0FF </p><p>$13.69 ($1.69 / Ounce)</p><a href="https://www.amazon.com/dp/B0CQDWM26G?tag=eloabder-20&linkCode=osi&th=1&psc=1">View Product</a></div>
<div class="product"><a href="https://www.amazon.com/dp/B0BBSDNX7W?tag=eloabder-20&linkCode=osi&th=1&psc=1"><img src="https://m.media-amazon.com/images/I/41Y91vJb1TL._SL500_.jpg" alt="Product Image"></a><p>Handcraft Blends Castor Oil with Rosemary Oil - 8 Fl Oz - 100% Pure and Natural - Premium Grade Oil for Hair Growth, Eyelashes and Eyebrows - Carrier Oil - Hair and Body Oil</p><p> -10% 0FF </p><p>$8.99 ($1.12 / Fl Oz)</p><a href="https://www.amazon.com/dp/B0BBSDNX7W?tag=eloabder-20&linkCode=osi&th=1&psc=1">View Product</a></div><div class="product"><a href="https://www.amazon.com/dp/B0019LTGOU?tag=eloabder-20&linkCode=osi&th=1&psc=1"><img src="https://m.media-amazon.com/images/I/31pK3I8DkWL._SL500_.jpg" alt="Product Image"></a><p>NOW Foods Solutions, Organic Jojoba Oil, Moisturizing Multi-Purpose Oil for Face, Hair and Body, 4-Ounce</p><p> -31% 0FF </p><p>$10.31 ($2.58 / Fl Oz)</p><a href="https://www.amazon.com/dp/B0019LTGOU?tag=eloabder-20&linkCode=osi&th=1&psc=1">View Product</a></div><div class="product"><a href="https://www.amazon.com/dp/B004Z209HS?tag=eloabder-20&linkCode=osi&th=1&psc=1"><img src="https://m.media-amazon.com/images/I/41iZC2aD-zL._SL500_.jpg" alt="Product Image"></a><p>PURA D'OR 4 Oz ORGANIC Moroccan Argan Oil - USDA Certified 100% Pure & Cold Pressed Virgin Premium Grade Natural Moisturizer Treatment For Dry, Damaged Skin, Hair, Face, Body & Scalp - Men & Women</p><p> -13% 0FF </p><p>$12.99 ($3.25 / Fl Oz)</p><a href="https://www.amazon.com/dp/B004Z209HS?tag=eloabder-20&linkCode=osi&th=1&psc=1">View Product</a></div><div class="product"><a href="https://www.amazon.com/dp/B08ZLLB1QP?tag=eloabder-20&linkCode=osi&th=1&psc=1"><img src="https://m.media-amazon.com/images/I/41Er838d1WL._SL500_.jpg" alt="Product Image"></a><p>HIQILI Rosemary Oil for Hair Growth, Skin, Scalp, 100% Pure Natural, Add to Shampoo & Conditioner - 3.38 Fl Oz</p><p> -38% 0FF </p><p>$7.99 ($2.36 / Fl Oz)</p><a href="https://www.amazon.com/dp/B08ZLLB1QP?tag=eloabder-20&linkCode=osi&th=1&psc=1">View Product</a></div>
<div class="product"><a href="https://www.amazon.com/dp/B00AIL783I?tag=eloabder-20&linkCode=osi&th=1&psc=1"><img src="https://m.media-amazon.com/images/I/31H0Iw6tmZL._SL500_.jpg" alt="Product Image"></a><p>CHI Straight Guard Smoothing Styling Cream, Eliminates Frizz For Sleek & Shiny Hair, Maximum Control, 8.5 Oz</p><p> -58% 0FF </p><p>$8.50 ($1.00 / Fl Oz)</p><a href="https://www.amazon.com/dp/B00AIL783I?tag=eloabder-20&linkCode=osi&th=1&psc=1">View Product</a></div><div class="product"><a href="https://www.amazon.com/dp/B0167HOOEC?tag=eloabder-20&linkCode=osi&th=1&psc=1"><img src="https://m.media-amazon.com/images/I/51z28ow-ggL._SL500_.jpg" alt="Product Image"></a><p>Smooth Viking Hair Clay for Men - Strong Hold, Clay Pomade, Hair Paste, Styling Clay with Matte Finish, Made in USA, 2oz</p><p> -23% 0FF </p><p>$12.99 ($6.50 / Ounce)</p><a href="https://www.amazon.com/dp/B0167HOOEC?tag=eloabder-20&linkCode=osi&th=1&psc=1">View Product</a></div>
<div class="product"><a href="https://www.amazon.com/dp/B004INIW1Y?tag=eloabder-20&linkCode=osi&th=1&psc=1"><img src="https://m.media-amazon.com/images/I/51QXVxOgEkL._SL500_.jpg" alt="Product Image"></a><p>L'Oreal Paris Excellence Creme Permanent Hair Color, 4 Dark Brown, 100 percent Gray Coverage Hair Dye, Pack of 1</p><p> -9% 0FF </p><p>$10.97</p><a href="https://www.amazon.com/dp/B004INIW1Y?tag=eloabder-20&linkCode=osi&th=1&psc=1">View Product</a></div><div class="product"><a href="https://www.amazon.com/dp/B004C0K018?tag=eloabder-20&linkCode=osi&th=1&psc=1"><img src="https://m.media-amazon.com/images/I/517WiYZFqBL._SL500_.jpg" alt="Product Image"></a><p>L'Oreal Paris Superior Preference Fade-Defying + Shine Permanent Hair Color, 5A Medium Ash Brown, Pack of 1, Hair Dye</p><p> -8% 0FF </p><p>$11.97</p><a href="https://www.amazon.com/dp/B004C0K018?tag=eloabder-20&linkCode=osi&th=1&psc=1">View Product</a></div><div class="product"><a href="https://www.amazon.com/dp/B004INCW9W?tag=eloabder-20&linkCode=osi&th=1&psc=1"><img src="https://m.media-amazon.com/images/I/41zrK6E6A7L._SL500_.jpg" alt="Product Image"></a><p>L'Oreal Paris Feria Multi-Faceted Shimmering Permanent Hair Color, 45 French Roast (Deep Bronzed Brown), Pack of 1, Hair Dye</p><p> -8% 0FF </p><p>$11.97</p><a href="https://www.amazon.com/dp/B004INCW9W?tag=eloabder-20&linkCode=osi&th=1&psc=1">View Product</a></div><div class="product"><a href="https://www.amazon.com/dp/B00TUMG2N8?tag=eloabder-20&linkCode=osi&th=1&psc=1"><img src="https://m.media-amazon.com/images/I/51AQGB6nt+L._SL500_.jpg" alt="Product Image"></a><p>Schwarzkopf Keratin Color Anti-Age Hair Color Cream, 8.0 Medium Blonde (Packaging May Vary)</p><p> -7% 0FF </p><p>$11.09</p><a href="https://www.amazon.com/dp/B00TUMG2N8?tag=eloabder-20&linkCode=osi&th=1&psc=1">View Product</a></div><div class="product"><a href="https://www.amazon.com/dp/B004DK8TUQ?tag=eloabder-20&linkCode=osi&th=1&psc=1"><img src="https://m.media-amazon.com/images/I/410IY7twavL._SL500_.jpg" alt="Product Image"></a><p>John Frieda Deep Cherry Brown 3VR Permanent Foam Hair Color, 1 Application</p><p> -8% 0FF </p><p>$11.92</p><a href="https://www.amazon.com/dp/B004DK8TUQ?tag=eloabder-20&linkCode=osi&th=1&psc=1">View Product</a></div><div class="product"><a href="https://www.amazon.com/dp/B000NSX3NU?tag=eloabder-20&linkCode=osi&th=1&psc=1"><img src="https://m.media-amazon.com/images/I/51ioG6p30AS._SL500_.jpg" alt="Product Image"></a><p>Just For Men Shampoo-In Color (Formerly Original Formula), Mens Hair Color with Keratin and Vitamin E for Stronger Hair - Real Black, H-55, Pack of 3</p><p> -10% 0FF </p><p>$26.88 ($8.96 / Count)</p><a href="https://www.amazon.com/dp/B000NSX3NU?tag=eloabder-20&linkCode=osi&th=1&psc=1">View Product</a></div>
<div class="product"><a href="https://www.amazon.com/dp/B07FP3686J?tag=eloabder-20&linkCode=osi&th=1&psc=1"><img src="https://m.media-amazon.com/images/I/51KOSA5dFEL._SL500_.jpg" alt="Product Image"></a><p>Kitsch Spiral Hair Ties for Women, Coil Hair Ties for Thick Hair, No Crease Hair Tie, Spiral Hair Ties No Damage, Hair Coils & Phone Cord Hair Ties for Thin Hair, Hair Ties Spiral, 8pcs (Brunette)</p><p> -9% 0FF </p><p>$7.99 ($1.00 / Count)</p><a href="https://www.amazon.com/dp/B07FP3686J?tag=eloabder-20&linkCode=osi&th=1&psc=1">View Product</a></div><div class="product"><a href="https://www.amazon.com/dp/B08H6V3Q5Y?tag=eloabder-20&linkCode=osi&th=1&psc=1"><img src="https://m.media-amazon.com/images/I/41NgYqBP9PL._SL500_.jpg" alt="Product Image"></a><p>Kitsch Nylon Hair Elastics, No Tangle & No Breakage Hair Ties for Ponytails, Updos & Braids, For All Hair Types, Seamless, Damage Free Hair Accessories for Girls & Women, Blush, 20pcs</p><p> -10% 0FF </p><p>$7.93 ($0.40 / Count)</p><a href="https://www.amazon.com/dp/B08H6V3Q5Y?tag=eloabder-20&linkCode=osi&th=1&psc=1">View Product</a></div><div class="product"><a href="https://www.amazon.com/dp/B009MGKQ0W?tag=eloabder-20&linkCode=osi&th=1&psc=1"><img src="https://m.media-amazon.com/images/I/41pGPMVGZ4L._SL500_.jpg" alt="Product Image"></a><p>GOODY Ouchless Elastic Hair Tie - 50 Count, Neutral Colors - 2MM for Fine to Medium Hair - Pain-Free Hair Accessories for Men, Women, Boys, and Girls - for Long Lasting Braids, Ponytails</p><p> -39% 0FF </p><p>$3.79 ($0.08 / Count)</p><a href="https://www.amazon.com/dp/B009MGKQ0W?tag=eloabder-20&linkCode=osi&th=1&psc=1">View Product</a></div><div class="product"><a href="https://www.amazon.com/dp/B005CSYTCU?tag=eloabder-20&linkCode=osi&th=1&psc=1"><img src="https://m.media-amazon.com/images/I/41og7wvl2GL._SL500_.jpg" alt="Product Image"></a><p>GOODY Ouchless Womens Polyband Elastic Hair Tie - 250 Count, Clear - Fine Hair Accessories to Style With Ease and Keep Your Hair Secured - Perfect for Fun and Unique Hairstyles - Pain-Free</p><p> -39% 0FF </p><p>$4.54 ($0.02 / Count)</p><a href="https://www.amazon.com/dp/B005CSYTCU?tag=eloabder-20&linkCode=osi&th=1&psc=1">View Product</a></div><div class="product"><a href="https://www.amazon.com/dp/B00DFSHD5O?tag=eloabder-20&linkCode=osi&th=1&psc=1"><img src="https://m.media-amazon.com/images/I/41U4OswVDQL._SL500_.jpg" alt="Product Image"></a><p>Goody Ouchless Women's Elastic Hair Ties - 27 Count, Black - 4MM for Medium Hair - Long-Lasting Braids, Ponytails, and More - Pain-Free Hair Accessories (Packaging May Vary)</p><p> -42% 0FF </p><p>$4.27 ($0.16 / Count)</p><a href="https://www.amazon.com/dp/B00DFSHD5O?tag=eloabder-20&linkCode=osi&th=1&psc=1">View Product</a></div><div class="product"><a href="https://www.amazon.com/dp/B001SXPSD2?tag=eloabder-20&linkCode=osi&th=1&psc=1"><img src="https://m.media-amazon.com/images/I/4197dro0RyL._SL500_.jpg" alt="Product Image"></a><p>Scunci by Conair jaw claw clips - hair accessories for women - claw clips for thick hair - claw clip - Black & Tortoise- 2 Count</p><p> -36% 0FF </p><p>$4.99 ($2.50 / Count)</p><a href="https://www.amazon.com/dp/B001SXPSD2?tag=eloabder-20&linkCode=osi&th=1&psc=1">View Product</a></div><div class="product"><a href="https://www.amazon.com/dp/B00DIWQDWQ?tag=eloabder-20&linkCode=osi&th=1&psc=1"><img src="https://m.media-amazon.com/images/I/41YEJFomuGL._SL500_.jpg" alt="Product Image"></a><p>Goody Ouchless Comfort Headwraps - 3 Count(Pack of 1), Assorted Made from Fabric that is Soft and Strong for a Comfortable Fit All Hair Types Pain-Free Accessories Women Girls</p><p> -73% 0FF </p><p>$2.98 ($0.99 / Count)</p><a href="https://www.amazon.com/dp/B00DIWQDWQ?tag=eloabder-20&linkCode=osi&th=1&psc=1">View Product</a></div>
<div class="product"><a href="https://www.amazon.com/dp/B000QXH4PK?tag=eloabder-20&linkCode=osi&th=1&psc=1"><img src="https://m.media-amazon.com/images/I/41SXL+-YzcL._SL500_.jpg" alt="Product Image"></a><p>Listerine Cool Mint Pocketpaks Breath Strips Kills Bad Breath Germs, 24-Strip Pack, 3 Pack</p><p> -18% 0FF </p><p>$5.72 ($0.08 / Count)</p><a href="https://www.amazon.com/dp/B000QXH4PK?tag=eloabder-20&linkCode=osi&th=1&psc=1">View Product</a></div><div class="product"><a href="https://www.amazon.com/dp/B00UB7BO16?tag=eloabder-20&linkCode=osi&th=1&psc=1"><img src="https://m.media-amazon.com/images/I/51JexKE3EDL._SL500_.jpg" alt="Product Image"></a><p>Oral-B Glide Complete with Scope Outlast Mint Flavor Floss Picks 75 Count</p><p> -20% 0FF </p><p>$3.96 ($0.05 / Count)</p><a href="https://www.amazon.com/dp/B00UB7BO16?tag=eloabder-20&linkCode=osi&th=1&psc=1">View Product</a></div><div class="product"><a href="https://www.amazon.com/dp/B0758F8KDC?tag=eloabder-20&linkCode=osi&th=1&psc=1"><img src="https://m.media-amazon.com/images/I/51JvxvVlcIL._SL500_.jpg" alt="Product Image"></a><p>TheraBreath Healthy Gums Mouthwash Clean Mint, Antigingivitis, Dentist Formulated, 16 Fl Oz (2-Pack)</p><p> -37% 0FF </p><p>$17.58 ($0.55 / Fl Oz)</p><a href="https://www.amazon.com/dp/B0758F8KDC?tag=eloabder-20&linkCode=osi&th=1&psc=1">View Product</a></div><div class="product"><a href="https://www.amazon.com/dp/B0BG52SJ5N?tag=eloabder-20&linkCode=osi&th=1&psc=1"><img src="https://m.media-amazon.com/images/I/51PpZUt1LYL._SL500_.jpg" alt="Product Image"></a><p>COSLUS Water Dental Flosser Teeth Pick: Portable Cordless Oral Irrigator 300ML Rechargeable Travel Irrigation Cleaner IPX7 Waterproof Electric Waterflosser Flossing Machine for Teeth Cleaning F5020E</p><p> -25% 0FF </p><p>$29.98</p><a href="https://www.amazon.com/dp/B0BG52SJ5N?tag=eloabder-20&linkCode=osi&th=1&psc=1">View Product</a></div>
<div class="product"><a href="https://www.amazon.com/dp/B005PLQIQ4?tag=eloabder-20&linkCode=osi&th=1&psc=1"><img src="https://m.media-amazon.com/images/I/51DOyE1fx2L._SL500_.jpg" alt="Product Image"></a><p>Crest + Scope Complete Whitening Toothpaste - Pack of 3, 5.4 Oz Tubes - Anticavity Fluoride Toothpaste - Fresh Breath, Kills Germs - Tartar Protection, Enamel Protection - Minty Fresh Flavor</p><p> -10% 0FF </p><p>$9.00 ($0.56 / Ounce)</p><a href="https://www.amazon.com/dp/B005PLQIQ4?tag=eloabder-20&linkCode=osi&th=1&psc=1">View Product</a></div><div class="product"><a href="https://www.amazon.com/dp/B0BLX8VSCH?tag=eloabder-20&linkCode=osi&th=1&psc=1"><img src="https://m.media-amazon.com/images/I/61dvpbGDJjL._SL500_.jpg" alt="Product Image"></a><p>Colgate Max Fresh Whitening Toothpaste with Mini Strips, Clean Mint Toothpaste for Bad Breath, Helps Fight Cavities, Whitens Teeth, and Freshens Breath, 6.3 Ounce (Pack of 4)</p><p> -24% 0FF </p><p>$10.65 ($0.42 / Ounce)</p><a href="https://www.amazon.com/dp/B0BLX8VSCH?tag=eloabder-20&linkCode=osi&th=1&psc=1">View Product</a></div><div class="product"><a href="https://www.amazon.com/dp/B0BLJ68F9R?tag=eloabder-20&linkCode=osi&th=1&psc=1"><img src="https://m.media-amazon.com/images/I/51ccJX66fBL._SL500_.jpg" alt="Product Image"></a><p>Crest Pro-Health Clean Mint Toothpaste (4.3oz) Triple Pack</p><p> -10% 0FF </p><p>$8.97 ($0.70 / Ounce)</p><a href="https://www.amazon.com/dp/B0BLJ68F9R?tag=eloabder-20&linkCode=osi&th=1&psc=1">View Product</a></div><div class="product"><a href="https://www.amazon.com/dp/B0CMW3X9ZK?tag=eloabder-20&linkCode=osi&th=1&psc=1"><img src="https://m.media-amazon.com/images/I/41Y4jxmQuBL._SL500_.jpg" alt="Product Image"></a><p>Crest 3D White Advanced Teeth Whitening Toothpaste, Radiant Mint, 3.3 oz, Pack of 2</p><p> -10% 0FF </p><p>$8.97 ($1.36 / Ounce)</p><a href="https://www.amazon.com/dp/B0CMW3X9ZK?tag=eloabder-20&linkCode=osi&th=1&psc=1">View Product</a></div><div class="product"><a href="https://www.amazon.com/dp/B01BNEWDFQ?tag=eloabder-20&linkCode=osi&th=1&psc=1"><img src="https://m.media-amazon.com/images/I/51ViNDjKZIL._SL500_.jpg" alt="Product Image"></a><p>Colgate Cavity Protection Toothpaste with Fluoride, Great Regular Flavor, 6 Ounce (Pack of 6)</p><p> -16% 0FF </p><p>$11.82 ($0.33 / Ounce)</p><a href="https://www.amazon.com/dp/B01BNEWDFQ?tag=eloabder-20&linkCode=osi&th=1&psc=1">View Product</a></div>
<div class="product"><a href="https://www.amazon.com/dp/B06XK2M3H3?tag=eloabder-20&linkCode=osi&th=1&psc=1"><img src="https://m.media-amazon.com/images/I/41tntn0c7BL._SL500_.jpg" alt="Product Image"></a><p>Oral-B Vivid Dual Action Whitening Toothbrushes, Soft, 4 Count (Packaging and Product Color May Vary)</p><p> -17% 0FF </p><p>$7.49 ($1.87 / Count)</p><a href="https://www.amazon.com/dp/B06XK2M3H3?tag=eloabder-20&linkCode=osi&th=1&psc=1">View Product</a></div><div class="product"><a href="https://www.amazon.com/dp/B00I7HPNHS?tag=eloabder-20&linkCode=osi&th=1&psc=1"><img src="https://m.media-amazon.com/images/I/51Bm+7CrZ2L._SL500_.jpg" alt="Product Image"></a><p>Colgate Toothbrushes Premier Extra Clean ( 12 Toothbrushes)</p><p> -20% 0FF </p><p>$7.99 ($0.67 / Count)</p><a href="https://www.amazon.com/dp/B00I7HPNHS?tag=eloabder-20&linkCode=osi&th=1&psc=1">View Product</a></div><div class="product"><a href="https://www.amazon.com/dp/B08JQCZ71B?tag=eloabder-20&linkCode=osi&th=1&psc=1"><img src="https://m.media-amazon.com/images/I/41Zvcj-EvDL._SL500_.jpg" alt="Product Image"></a><p>Reach Essentials Toothbrush with Toothbrush Caps, Multi-Zoned Angled Soft Bristles, Contoured Handle, Tongue Scraper, 6 Count</p><p> -20% 0FF </p><p>$3.98 ($0.66 / Count)</p><a href="https://www.amazon.com/dp/B08JQCZ71B?tag=eloabder-20&linkCode=osi&th=1&psc=1">View Product</a></div><div class="product"><a href="https://www.amazon.com/dp/B07S9GV83R?tag=eloabder-20&linkCode=osi&th=1&psc=1"><img src="https://m.media-amazon.com/images/I/41ziiRLsaEL._SL500_.jpg" alt="Product Image"></a><p>Colgate 360 Optic White Advanced Whitening Toothbrush, Adult Medium Toothbrush with Whitening Cups, Helps Whiten Teeth and Removes Odor Causing Bacteria, 2 Pack</p><p> -19% 0FF </p><p>$6.96 ($3.48 / Count)</p><a href="https://www.amazon.com/dp/B07S9GV83R?tag=eloabder-20&linkCode=osi&th=1&psc=1">View Product</a></div><div class="product"><a href="https://www.amazon.com/dp/B0BQ1CT7V7?tag=eloabder-20&linkCode=osi&th=1&psc=1"><img src="https://m.media-amazon.com/images/I/41afWttiPjL._SL500_.jpg" alt="Product Image"></a><p>Colgate 360 Whole Mouth Clean Toothbrush, Adult Medium Toothbrushes, 5 Count (Pack of 1)</p><p> -11% 0FF </p><p>$9.99 ($2.00 / Count)</p><a href="https://www.amazon.com/dp/B0BQ1CT7V7?tag=eloabder-20&linkCode=osi&th=1&psc=1">View Product</a></div><div class="product"><a href="https://www.amazon.com/dp/B08172V3Y5?tag=eloabder-20&linkCode=osi&th=1&psc=1"><img src="https://m.media-amazon.com/images/I/41kw3icbwXL._SL500_.jpg" alt="Product Image"></a><p>VIVAGO Biodegradable Bamboo Toothbrushes 10 Pack - BPA Free Soft Bristles Toothbrushes, Eco-Friendly, Compostable Natural Wooden Toothbrush</p><p> -10% 0FF </p><p>$8.98 ($0.90 / Count)</p><a href="https://www.amazon.com/dp/B08172V3Y5?tag=eloabder-20&linkCode=osi&th=1&psc=1">View Product</a></div>
<div class="product"><a href="https://www.amazon.com/dp/B00IRKRK9O?tag=eloabder-20&linkCode=osi&th=1&psc=1"><img src="https://m.media-amazon.com/images/I/51oNh1DLVjL._SL500_.jpg" alt="Product Image"></a><p>TheraBreath Fresh Breath Mouthwash, Icy Mint Flavor, Alcohol-Free, 16 Fl Oz (Pack of 2)</p><p> -15% 0FF </p><p>$15.34 ($0.48 / Fl Oz)</p><a href="https://www.amazon.com/dp/B00IRKRK9O?tag=eloabder-20&linkCode=osi&th=1&psc=1">View Product</a></div><div class="product"><a href="https://www.amazon.com/dp/B0126XBQK6?tag=eloabder-20&linkCode=osi&th=1&psc=1"><img src="https://m.media-amazon.com/images/I/51dT1Mhf3zL._SL500_.jpg" alt="Product Image"></a><p>Crest Pro-Health Advanced Mouthwash, Alcohol Free, Extra Whitening, Energizing Mint Flavor, 946 mL (32 fl oz)</p><p> -19% 0FF </p><p>$7.32 ($0.23 / Fl Oz)</p><a href="https://www.amazon.com/dp/B0126XBQK6?tag=eloabder-20&linkCode=osi&th=1&psc=1">View Product</a></div><div class="product"><a href="https://www.amazon.com/dp/B0B5Y7KCS8?tag=eloabder-20&linkCode=osi&th=1&psc=1"><img src="https://m.media-amazon.com/images/I/51Dmtgp-2ZL._SL500_.jpg" alt="Product Image"></a><p>Listerine Total Care Anticavity Fluoride Mouthwash, Kills 99.9% of Germs That Cause Bad Breath and Prevents Cavities, Fresh Mint Flavor, 1L (Pack of 2)</p><p> -30% 0FF </p><p>$15.96 ($0.24 / Fl Oz)</p><a href="https://www.amazon.com/dp/B0B5Y7KCS8?tag=eloabder-20&linkCode=osi&th=1&psc=1">View Product</a></div><div class="product"><a href="https://www.amazon.com/dp/B0C881GLNM?tag=eloabder-20&linkCode=osi&th=1&psc=1"><img src="https://m.media-amazon.com/images/I/51C2ohy2RWL._SL500_.jpg" alt="Product Image"></a><p>Crest Pro-Health Advanced Mouthwash, Alcohol Free, Multi-Protection, Fresh Mint, 1 L (33.8 fl oz), Pack of 2</p><p> -9% 0FF </p><p>$10.97 ($0.16 / Fl Oz)</p><a href="https://www.amazon.com/dp/B0C881GLNM?tag=eloabder-20&linkCode=osi&th=1&psc=1">View Product</a></div><div class="product"><a href="https://www.amazon.com/dp/B0B5Y2G4HH?tag=eloabder-20&linkCode=osi&th=1&psc=1"><img src="https://m.media-amazon.com/images/I/41KhoumiQGL._SL500_.jpg" alt="Product Image"></a><p>Listerine Freshburst Antiseptic Mouthwash for Bad Breath, Kills 99% of Germs That Cause Bad Breath & Fight Plaque & Gingivitis, ADA Accepted Mouthwash, Spearmint, 1 L, Pack of 2</p><p> -25% 0FF </p><p>$13.96 ($0.21 / Fl Oz)</p><a href="https://www.amazon.com/dp/B0B5Y2G4HH?tag=eloabder-20&linkCode=osi&th=1&psc=1">View Product</a></div><div class="product"><a href="https://www.amazon.com/dp/B005IHSPLQ?tag=eloabder-20&linkCode=osi&th=1&psc=1"><img src="https://m.media-amazon.com/images/I/41iKIAcP6+L._SL500_.jpg" alt="Product Image"></a><p>Listerine Zero Alcohol Mouthwash, Alcohol-Free Oral Rinse to Kill 99% of Germs That Cause Bad Breath for Fresh Breath & Clean Mouth, Less Intense Taste, Cool Mint Flavor, 1 L</p><p> -26% 0FF </p><p>$6.98 ($0.21 / Fl Oz)</p><a href="https://www.amazon.com/dp/B005IHSPLQ?tag=eloabder-20&linkCode=osi&th=1&psc=1">View Product</a></div>
<div class="product"><a href="https://www.amazon.com/dp/B013OKRGWW?tag=eloabder-20&linkCode=osi&th=1&psc=1"><img src="https://m.media-amazon.com/images/I/31JQij0qrGL._SL500_.jpg" alt="Product Image"></a><p>REACH Waxed Dental Floss, Mint, Plaque Remover, Shred Resistant, Extra Wide Cleaning, Gentle on Gums & Teeth, PFAS-Free, Oral Care, for Adults & Kids, 55yd, 1 Pack</p><p> -13% 0FF </p><p>$1.29 ($0.01 / Foot)</p><a href="https://www.amazon.com/dp/B013OKRGWW?tag=eloabder-20&linkCode=osi&th=1&psc=1">View Product</a></div><div class="product"><a href="https://www.amazon.com/dp/B00FZNMHZS?tag=eloabder-20&linkCode=osi&th=1&psc=1"><img src="https://m.media-amazon.com/images/I/31whYdSykoL._SL500_.jpg" alt="Product Image"></a><p>Johnson & Johnson Reach Mint Waxed Dental Floss, 5 Count</p><p> -32% 0FF </p><p>$9.50 ($0.01 / Foot)</p><a href="https://www.amazon.com/dp/B00FZNMHZS?tag=eloabder-20&linkCode=osi&th=1&psc=1">View Product</a></div><div class="product"><a href="https://www.amazon.com/dp/B07WFX1WD2?tag=eloabder-20&linkCode=osi&th=1&psc=1"><img src="https://m.media-amazon.com/images/I/51lqCql47sL._SL500_.jpg" alt="Product Image"></a><p>Oral-B Glide Dental Floss, Scope Flavor, 40m (Pack of 6)</p><p> -5% 0FF </p><p>$18.99 ($0.02 / Foot)</p><a href="https://www.amazon.com/dp/B07WFX1WD2?tag=eloabder-20&linkCode=osi&th=1&psc=1">View Product</a></div><div class="product"><a href="https://www.amazon.com/dp/B013EK49VI?tag=eloabder-20&linkCode=osi&th=1&psc=1"><img src="https://m.media-amazon.com/images/I/31nlcs4SdpL._SL500_.jpg" alt="Product Image"></a><p>REACH Waxed Dental Floss, 200 yds, Mint, Plaque Remover, Shred Resistant, Extra Wide Cleaning, Gentle on Gums & Teeth, PFAS-Free, Oral Care, for Adults & Kids, 1 Pack</p><p> -7% 0FF </p><p>$7.45 ($0.01 / Foot)</p><a href="https://www.amazon.com/dp/B013EK49VI?tag=eloabder-20&linkCode=osi&th=1&psc=1">View Product</a></div>
<div class="product"><a href="https://www.amazon.com/dp/B0BVT76MFH?tag=eloabder-20&linkCode=osi&th=1&psc=1"><img src="https://m.media-amazon.com/images/I/41-2mpIWfYL._SL500_.jpg" alt="Product Image"></a><p>Crest 3D Whitestrips Sensitive At-home Teeth Whitening Kit, 18 Treatments, Gently Removes 15 Years of Stains</p><p> -24% 0FF </p><p>$37.88 ($2.10 / Count)</p><a href="https://www.amazon.com/dp/B0BVT76MFH?tag=eloabder-20&linkCode=osi&th=1&psc=1">View Product</a></div><div class="product"><a href="https://www.amazon.com/dp/B00YPBHU5S?tag=eloabder-20&linkCode=osi&th=1&psc=1"><img src="https://m.media-amazon.com/images/I/51f2CfyycTL._SL500_.jpg" alt="Product Image"></a><p>Crest 3D Whitestrips, Professional Effects, Teeth Whitening Strip Kit, 44 Strips (22 Count Pack)</p><p> -23% 0FF </p><p>$39.94</p><a href="https://www.amazon.com/dp/B00YPBHU5S?tag=eloabder-20&linkCode=osi&th=1&psc=1">View Product</a></div><div class="product"><a href="https://www.amazon.com/dp/B0D7BM9PZB?tag=eloabder-20&linkCode=osi&th=1&psc=1"><img src="https://m.media-amazon.com/images/I/41Nc3jZFaqL._SL500_.jpg" alt="Product Image"></a><p>Teeth Whitening Strips for Sensitive Teeth - Annecal 28 White Strips Enamel Safe for Whiter Teeth, Non-Sensitive Formula, Deep Stains Removal Tooth Whitening, 14 Treatment Enhanced Brightness, Mint</p><p> -33% 0FF </p><p>$19.99 ($0.71 / Count)</p><a href="https://www.amazon.com/dp/B0D7BM9PZB?tag=eloabder-20&linkCode=osi&th=1&psc=1">View Product</a></div><div class="product"><a href="https://www.amazon.com/dp/B082TPDTM2?tag=eloabder-20&linkCode=osi&th=1&psc=1"><img src="https://m.media-amazon.com/images/I/41yMwYlzBGL._SL500_.jpg" alt="Product Image"></a><p>Lumineux Teeth Whitening Strips 21 Treatments – Peroxide Free - Enamel Safe for Whiter Teeth - Whitening Without The Sensitivity - Dentist Formulated and Certified Non-Toxic - Sensitivity Free</p><p> -10% 0FF </p><p>$44.99 ($1.07 / count)</p><a href="https://www.amazon.com/dp/B082TPDTM2?tag=eloabder-20&linkCode=osi&th=1&psc=1">View Product</a></div><div class="product"><a href="https://www.amazon.com/dp/B0B5HN65QQ?tag=eloabder-20&linkCode=osi&th=1&psc=1"><img src="https://m.media-amazon.com/images/I/517JKm6wCpL._SL500_.jpg" alt="Product Image"></a><p>InoPro Teeth Whitening Strips 14 Treatments Kit - Sensitive Teeth Whitener, Peroxide Free, Enamel Safe Green White Strips, Deep Stains Removal - Instant Teeth Whitening Without The Harm (28 Strips)</p><p> -23% 0FF </p><p>$29.99 ($1.07 / Count)</p><a href="https://www.amazon.com/dp/B0B5HN65QQ?tag=eloabder-20&linkCode=osi&th=1&psc=1">View Product</a></div>
<div class="product"><a href="https://www.amazon.com/dp/B0072K2BMG?tag=eloabder-20&linkCode=osi&th=1&psc=1"><img src="https://m.media-amazon.com/images/I/41jVFfZ76tL._SL500_.jpg" alt="Product Image"></a><p>vH essentials, Ph Balanced Daily Feminine Wash, Tea Tree Oil & Prebiotic, 6, Fl Oz, (Pack Of 1) 54306 Clear</p><p> -18% 0FF </p><p>$6.99 ($1.16 / Fl Oz)</p><a href="https://www.amazon.com/dp/B0072K2BMG?tag=eloabder-20&linkCode=osi&th=1&psc=1">View Product</a></div><div class="product"><a href="https://www.amazon.com/dp/B0D5FZGY8W?tag=eloabder-20&linkCode=osi&th=1&psc=1"><img src="https://m.media-amazon.com/images/I/51gWW6a+5uL._SL500_.jpg" alt="Product Image"></a><p>URO Vaginal Probiotics for Women pH Balance with Prebiotics & Lactobacillus Probiotic Blend - Women's Vaginal Health Supplement - Promote Healthy Vaginal Odor & Vaginal Flora, 60 Count (Pack of 1)</p><p> -10% 0FF </p><p>$28.79 ($0.48 / Count)</p><a href="https://www.amazon.com/dp/B0D5FZGY8W?tag=eloabder-20&linkCode=osi&th=1&psc=1">View Product</a></div><div class="product"><a href="https://www.amazon.com/dp/B01IULAUJG?tag=eloabder-20&linkCode=osi&th=1&psc=1"><img src="https://m.media-amazon.com/images/I/51gWC1MsOnL._SL500_.jpg" alt="Product Image"></a><p>Always Infinity Feminine Pads for Women, Size 2, 96 Count, Heavy Flow Absorbency, with Wings, Unscented 32 Count (Pack of 3)</p><p> -35% 0FF </p><p>$17.38 ($0.18 / Count)</p><a href="https://www.amazon.com/dp/B01IULAUJG?tag=eloabder-20&linkCode=osi&th=1&psc=1">View Product</a></div><div class="product"><a href="https://www.amazon.com/dp/B0BYPLPV5P?tag=eloabder-20&linkCode=osi&th=1&psc=1"><img src="https://m.media-amazon.com/images/I/31vw19c9DUL._SL500_.jpg" alt="Product Image"></a><p>The Honey Pot Company - Anti-Itch Soothing Wipes - At Home or On the Go Medicated Feminine Wipes. Temporary Relief of Itching and Discomfort. Maximum Strength - 30 ct.</p><p> -26% 0FF </p><p>$10.39 ($0.35 / Count)</p><a href="https://www.amazon.com/dp/B0BYPLPV5P?tag=eloabder-20&linkCode=osi&th=1&psc=1">View Product</a></div><div class="product"><a href="https://www.amazon.com/dp/B08L4Q75QP?tag=eloabder-20&linkCode=osi&th=1&psc=1"><img src="https://m.media-amazon.com/images/I/41Mo8N3g62L._SL500_.jpg" alt="Product Image"></a><p>Playtex Sport Tampons, Multipack (24ct Regular/24ct Super Absorbency), Fragrance-Free - 48ct</p><p> -29% 0FF </p><p>$9.97 ($0.21 / Count)</p><a href="https://www.amazon.com/dp/B08L4Q75QP?tag=eloabder-20&linkCode=osi&th=1&psc=1">View Product</a></div>
<div class="product"><a href="https://www.amazon.com/dp/B01NCUIII2?tag=eloabder-20&linkCode=osi&th=1&psc=1"><img src="https://m.media-amazon.com/images/I/516gNXGwbTL._SL500_.jpg" alt="Product Image"></a><p>Tampax Pearl Tampons Regular Absorbency, With Leakguard Braid, Unscented, 50 Count</p><p> -10% 0FF </p><p>$9.42 ($0.19 / Count)</p><a href="https://www.amazon.com/dp/B01NCUIII2?tag=eloabder-20&linkCode=osi&th=1&psc=1">View Product</a></div><div class="product"><a href="https://www.amazon.com/dp/B077NHF4FS?tag=eloabder-20&linkCode=osi&th=1&psc=1"><img src="https://m.media-amazon.com/images/I/51oCPmCaG2L._SL500_.jpg" alt="Product Image"></a><p>Tampax Radiant Tampons Multipack, Regular/Super/Super Plus Absorbency, With Leakguard Braid, Unscented, 28 Count X 4 Packs (112 Count Total)</p><p> -7% 0FF </p><p>$29.64 ($0.26 / Count)</p><a href="https://www.amazon.com/dp/B077NHF4FS?tag=eloabder-20&linkCode=osi&th=1&psc=1">View Product</a></div><div class="product"><a href="https://www.amazon.com/dp/B083M2GP97?tag=eloabder-20&linkCode=osi&th=1&psc=1"><img src="https://m.media-amazon.com/images/I/41RnK1xUDqL._SL500_.jpg" alt="Product Image"></a><p>U by Kotex Click Compact Tampons, Super Absorbency, Unscented, 45 Count</p><p> -17% 0FF </p><p>$9.97 ($0.22 / Count)</p><a href="https://www.amazon.com/dp/B083M2GP97?tag=eloabder-20&linkCode=osi&th=1&psc=1">View Product</a></div>
<div class="product"><a href="https://www.amazon.com/dp/B01M1BLRC1?tag=eloabder-20&linkCode=osi&th=1&psc=1"><img src="https://m.media-amazon.com/images/I/51-XQGHg6iL._SL500_.jpg" alt="Product Image"></a><p>Always Maxi Overnight Pads with Wings, Size 5, Extra Heavy Overnight, Unscented, 36 Count</p><p> -5% 0FF </p><p>$10.47 ($0.29 / Count)</p><a href="https://www.amazon.com/dp/B01M1BLRC1?tag=eloabder-20&linkCode=osi&th=1&psc=1">View Product</a></div><div class="product"><a href="https://www.amazon.com/dp/B01IZ5FDNA?tag=eloabder-20&linkCode=osi&th=1&psc=1"><img src="https://m.media-amazon.com/images/I/51EuvaPNa7L._SL500_.jpg" alt="Product Image"></a><p>Always Ultra Thin Feminine Pads with Wings for Women, Super Absorbency, Unscented, Size 2, 126 Count</p><p> -33% 0FF </p><p>$16.00 ($0.13 / Count)</p><a href="https://www.amazon.com/dp/B01IZ5FDNA?tag=eloabder-20&linkCode=osi&th=1&psc=1">View Product</a></div><div class="product"><a href="https://www.amazon.com/dp/B0BG45ZMLB?tag=eloabder-20&linkCode=osi&th=1&psc=1"><img src="https://m.media-amazon.com/images/I/511-kp7efTL._SL500_.jpg" alt="Product Image"></a><p>Always Ultra Thin Daytime Pads with Wings, Size 1, Regular, Unscented, 42 Counts x 3 Packs (126 Count Total)</p><p> -28% 0FF </p><p>$15.33 ($0.12 / Count)</p><a href="https://www.amazon.com/dp/B0BG45ZMLB?tag=eloabder-20&linkCode=osi&th=1&psc=1">View Product</a></div>
<div class="product"><a href="https://www.amazon.com/dp/B086JBZW48?tag=eloabder-20&linkCode=osi&th=1&psc=1"><img src="https://m.media-amazon.com/images/I/419mX5-k8XL._SL500_.jpg" alt="Product Image"></a><p>EcoBlossom Reusable Menstrual Cup Set - The Most Reliable Medical Grade Silicone Period Cups - Comfortably use for 12 Hours (Small & Large)</p><p> -25% 0FF </p><p>$14.99 ($7.50 / Count)</p><a href="https://www.amazon.com/dp/B086JBZW48?tag=eloabder-20&linkCode=osi&th=1&psc=1">View Product</a></div><div class="product"><a href="https://www.amazon.com/dp/B0CY2QM3Q3?tag=eloabder-20&linkCode=osi&th=1&psc=1"><img src="https://m.media-amazon.com/images/I/41GsZ8ifixL._SL500_.jpg" alt="Product Image"></a><p>Reusable Menstrual Cup with Sterilizing Cup | Tampon, Pad, and Disc Alternative</p><p> -23% 0FF </p><p>$9.99</p><a href="https://www.amazon.com/dp/B0CY2QM3Q3?tag=eloabder-20&linkCode=osi&th=1&psc=1">View Product</a></div><div class="product"><a href="https://www.amazon.com/dp/B019632Z0E?tag=eloabder-20&linkCode=osi&th=1&psc=1"><img src="https://m.media-amazon.com/images/I/41q2-srqXeL._SL500_.jpg" alt="Product Image"></a><p>Pixie Menstrual Cup - No Metals or Toxins - 100% Medical-Grade Silicone - Ranked 1 for The Most Soft Reusable Period Cup - Wear 12 Hours - Tampon Alternative - Buy One We Give One (Small)</p><p> -29% 0FF </p><p>$19.95 ($19.95 / Count)</p><a href="https://www.amazon.com/dp/B019632Z0E?tag=eloabder-20&linkCode=osi&th=1&psc=1">View Product</a></div><div class="product"><a href="https://www.amazon.com/dp/B000X29GY6?tag=eloabder-20&linkCode=osi&th=1&psc=1"><img src="https://m.media-amazon.com/images/I/31-khSMUfFL._SL500_.jpg" alt="Product Image"></a><p>Softdisc Menstrual Discs | Disposable Period Discs | Tampon, Pad, and Cup Alternative | Capacity of 3 Super Tampons | HSA or FSA Eligible | 14 Count</p><p> -10% 0FF </p><p>$14.79 ($1.06 / Count)</p><a href="https://www.amazon.com/dp/B000X29GY6?tag=eloabder-20&linkCode=osi&th=1&psc=1">View Product</a></div>
<div class="product"><a href="https://www.amazon.com/dp/B01ARVVTYW?tag=eloabder-20&linkCode=osi&th=1&psc=1"><img src="https://m.media-amazon.com/images/I/41x8sgpA-CL._SL500_.jpg" alt="Product Image"></a><p>Carefree Panty Liners for Women, Regular, Wrapped, Unscented, 54ct | Pantiliners, Carefree Liners, Daily Liners for Women, Light Periods and Leaks, 8-Hour Odor Control | 54ct (Packaging May Vary)</p><p> -33% 0FF </p><p>$3.35 ($0.06 / Count)</p><a href="https://www.amazon.com/dp/B01ARVVTYW?tag=eloabder-20&linkCode=osi&th=1&psc=1">View Product</a></div><div class="product"><a href="https://www.amazon.com/dp/B00NJNJ6O6?tag=eloabder-20&linkCode=osi&th=1&psc=1"><img src="https://m.media-amazon.com/images/I/41J8A9AcBLL._SL500_.jpg" alt="Product Image"></a><p>Carefree Panty Liners for Women, Regular, Unwrapped, Unscented, 120ct | Pantiliners, Carefree Liners, Daily Liners for Women, Light Periods and Leaks, 8-Hour Odor Control | 120ct (Packaging May Vary)</p><p> -35% 0FF </p><p>$6.14 ($0.05 / Count)</p><a href="https://www.amazon.com/dp/B00NJNJ6O6?tag=eloabder-20&linkCode=osi&th=1&psc=1">View Product</a></div><div class="product"><a href="https://www.amazon.com/dp/B00UASJJX6?tag=eloabder-20&linkCode=osi&th=1&psc=1"><img src="https://m.media-amazon.com/images/I/41NJQqZQrOL._SL500_.jpg" alt="Product Image"></a><p>U by Kotex Balance Wrapped Panty Liners, Regular Length, 80 Count (Packaging May Vary)</p><p> -38% 0FF </p><p>$4.99 ($0.06 / Count)</p><a href="https://www.amazon.com/dp/B00UASJJX6?tag=eloabder-20&linkCode=osi&th=1&psc=1">View Product</a></div><div class="product"><a href="https://www.amazon.com/dp/B00UASJM1K?tag=eloabder-20&linkCode=osi&th=1&psc=1"><img src="https://m.media-amazon.com/images/I/41m0POFpI4L._SL500_.jpg" alt="Product Image"></a><p>U by Kotex Balance Daily Wrapped Panty Liners, Light Absorbency, Regular Length, 100 Count (Packaging May Vary)</p><p> -22% 0FF </p><p>$6.24 ($0.06 / Count)</p><a href="https://www.amazon.com/dp/B00UASJM1K?tag=eloabder-20&linkCode=osi&th=1&psc=1">View Product</a></div>
<div class="product"><a href="https://www.amazon.com/dp/B076HFFX3J?tag=eloabder-20&linkCode=osi&th=1&psc=1"><img src="https://m.media-amazon.com/images/I/410TtiZGkvL._SL500_.jpg" alt="Product Image"></a><p>Summer's Eve Simply Sensitive Daily Gentle Feminine Wipes, Removes Odor, pH balanced, 32 count, 4 Pack</p><p> -11% 0FF </p><p>$15.12 ($0.12 / Count)</p><a href="https://www.amazon.com/dp/B076HFFX3J?tag=eloabder-20&linkCode=osi&th=1&psc=1">View Product</a></div><div class="product"><a href="https://www.amazon.com/dp/B01FV02YZ2?tag=eloabder-20&linkCode=osi&th=1&psc=1"><img src="https://m.media-amazon.com/images/I/41mq0T4rupL._SL500_.jpg" alt="Product Image"></a><p>Always Feminine Wipes, Fresh & Clean, Soft Pack, 32 Count</p><p> -42% 0FF </p><p>$3.79 ($0.12 / Count)</p><a href="https://www.amazon.com/dp/B01FV02YZ2?tag=eloabder-20&linkCode=osi&th=1&psc=1">View Product</a></div><div class="product"><a href="https://www.amazon.com/dp/B0D1KXV9ZS?tag=eloabder-20&linkCode=osi&th=1&psc=1"><img src="https://m.media-amazon.com/images/I/311Liu9BWoL._SL500_.jpg" alt="Product Image"></a><p>Vagisil pH Balance Daily Freshening Wipes for Feminine Hygiene in Resealable Pouch, Gynecologist Tested & Hypoallergenic, 20 Wipes (Pack of 1)</p><p> -40% 0FF </p><p>$2.97 ($0.15 / Count)</p><a href="https://www.amazon.com/dp/B0D1KXV9ZS?tag=eloabder-20&linkCode=osi&th=1&psc=1">View Product</a></div><div class="product"><a href="https://www.amazon.com/dp/B078JG7HWT?tag=eloabder-20&linkCode=osi&th=1&psc=1"><img src="https://m.media-amazon.com/images/I/31xeOLgbUdL._SL500_.jpg" alt="Product Image"></a><p>The Honey Pot Company - Feminine Wipes - Daily PH Balancing, Fragrance & Sulfate Free Wipes for Intimate Parts, Body, or Face - Feminine Products - Sensitive 30 ct.</p><p> -28% 0FF </p><p>$7.91 ($0.26 / Count)</p><a href="https://www.amazon.com/dp/B078JG7HWT?tag=eloabder-20&linkCode=osi&th=1&psc=1">View Product</a></div>
<div class="product"><a href="https://www.amazon.com/dp/B0735Q681B?tag=eloabder-20&linkCode=osi&th=1&psc=1"><img src="https://m.media-amazon.com/images/I/41GSnrtq3-L._SL500_.jpg" alt="Product Image"></a><p>SKYN Elite – 36 Count – Ultra-Thin, Lubricated Latex-Free Condoms</p><p> -16% 0FF </p><p>$15.99 ($0.44 / Count)</p><a href="https://www.amazon.com/dp/B0735Q681B?tag=eloabder-20&linkCode=osi&th=1&psc=1">View Product</a></div><div class="product"><a href="https://www.amazon.com/dp/B0073RKL2U?tag=eloabder-20&linkCode=osi&th=1&psc=1"><img src="https://m.media-amazon.com/images/I/51sxGCFULDL._SL500_.jpg" alt="Product Image"></a><p>TROJAN Pleasure Pack Assorted Condoms, Lubricated Condoms Value Pack, 36 Count</p><p> -32% 0FF </p><p>$11.97 ($0.33 / Count)</p><a href="https://www.amazon.com/dp/B0073RKL2U?tag=eloabder-20&linkCode=osi&th=1&psc=1">View Product</a></div><div class="product"><a href="https://www.amazon.com/dp/B0073RBUZ2?tag=eloabder-20&linkCode=osi&th=1&psc=1"><img src="https://m.media-amazon.com/images/I/41xsciTqR7L._SL500_.jpg" alt="Product Image"></a><p>TROJAN Ultra Thin Condoms For Ultra Sensitivity, Lubricated Condoms for Men, America’s Number One Condom, 36 Count Value Pack</p><p> -30% 0FF </p><p>$11.24 ($0.31 / Count)</p><a href="https://www.amazon.com/dp/B0073RBUZ2?tag=eloabder-20&linkCode=osi&th=1&psc=1">View Product</a></div><div class="product"><a href="https://www.amazon.com/dp/B0946VTR1Y?tag=eloabder-20&linkCode=osi&th=1&psc=1"><img src="https://m.media-amazon.com/images/I/41VsQAsg3DL._SL500_.jpg" alt="Product Image"></a><p>TROJAN BareSkin Raw Thin Condoms, Lubricated Condoms For Men, America’s Number One Condom Brand, 24 Count Pack</p><p> -25% 0FF </p><p>$13.07 ($0.54 / Count)</p><a href="https://www.amazon.com/dp/B0946VTR1Y?tag=eloabder-20&linkCode=osi&th=1&psc=1">View Product</a></div><div class="product"><a href="https://www.amazon.com/dp/B0073R7TWU?tag=eloabder-20&linkCode=osi&th=1&psc=1"><img src="https://m.media-amazon.com/images/I/414DiUf9FbL._SL500_.jpg" alt="Product Image"></a><p>TROJAN ENZ Lubricated Condoms, Latex Condoms For Contraception and STI Protection, America’s Number One Condom, 36 Count Value Pack</p><p> -54% 0FF </p><p>$9.26 ($0.26 / Count)</p><a href="https://www.amazon.com/dp/B0073R7TWU?tag=eloabder-20&linkCode=osi&th=1&psc=1">View Product</a></div><div class="product"><a href="https://www.amazon.com/dp/B097F5B2CW?tag=eloabder-20&linkCode=osi&th=1&psc=1"><img src="https://m.media-amazon.com/images/I/51bEsCRMIxL._SL500_.jpg" alt="Product Image"></a><p>Trojan Bareskin Variety Pack Every Thin Premium Lubricated Condoms - 24 Count</p><p> -28% 0FF </p><p>$11.49 ($0.48 / Count)</p><a href="https://www.amazon.com/dp/B097F5B2CW?tag=eloabder-20&linkCode=osi&th=1&psc=1">View Product</a></div><div class="product"><a href="https://www.amazon.com/dp/B004WDRCTI?tag=eloabder-20&linkCode=osi&th=1&psc=1"><img src="https://m.media-amazon.com/images/I/51arxJlXsUL._SL500_.jpg" alt="Product Image"></a><p>TROJAN EXTENDED PLEASURE Climax Control Extended Pleasure Condoms, 12 Count</p><p> -27% 0FF </p><p>$7.98 ($0.66 / Count)</p><a href="https://www.amazon.com/dp/B004WDRCTI?tag=eloabder-20&linkCode=osi&th=1&psc=1">View Product</a></div><div class="product"><a href="https://www.amazon.com/dp/B0083HLPLA?tag=eloabder-20&linkCode=osi&th=1&psc=1"><img src="https://m.media-amazon.com/images/I/51EQMHCwVYL._SL500_.jpg" alt="Product Image"></a><p>TROJAN Magnum Lubricated Large Condoms, Comfortable and Smooth Lubricated Condoms for Men, America’s Number One Condom, 36 Count Pack</p><p> -36% 0FF </p><p>$15.47 ($0.43 / Count)</p><a href="https://www.amazon.com/dp/B0083HLPLA?tag=eloabder-20&linkCode=osi&th=1&psc=1">View Product</a></div><div class="product"><a href="https://www.amazon.com/dp/B004N731ZM?tag=eloabder-20&linkCode=osi&th=1&psc=1"><img src="https://m.media-amazon.com/images/I/41woyNNX1QL._SL500_.jpg" alt="Product Image"></a><p>Lifestyles Skyn Polyisoprene Condoms, 12 Count (Pack of 1)</p><p> -13% 0FF </p><p>$6.99 ($0.58 / Count)</p><a href="https://www.amazon.com/dp/B004N731ZM?tag=eloabder-20&linkCode=osi&th=1&psc=1">View Product</a></div><div class="product"><a href="https://www.amazon.com/dp/B0CD85PD5K?tag=eloabder-20&linkCode=osi&th=1&psc=1"><img src="https://m.media-amazon.com/images/I/51YMzd0CMKL._SL500_.jpg" alt="Product Image"></a><p>Durex Condoms Adventure Pack | Mix of Smooth & Ribbed Condoms Bulk | Condom Variety Pack | Regular Fit Latex Condoms (Includes Durex Extra Sensitive Smooth, Stimulating, & Performax Intense), 144 ct</p><p> -20% 0FF </p><p>$28.00 ($0.19 / Count)</p><a href="https://www.amazon.com/dp/B0CD85PD5K?tag=eloabder-20&linkCode=osi&th=1&psc=1">View Product</a></div>
<div class="product"><a href="https://www.amazon.com/dp/B000CLTYCW?tag=eloabder-20&linkCode=osi&th=1&psc=1"><img src="https://m.media-amazon.com/images/I/41OOYdcG-QL._SL500_.jpg" alt="Product Image"></a><p>Astroglide Water Based Lube (5oz), Liquid Personal Lubricant, Sex Lube, Long-Lasting for Men, Women and Couples, Safe for Toys</p><p> -38% 0FF </p><p>$7.48 ($1.50 / Fl Oz)</p><a href="https://www.amazon.com/dp/B000CLTYCW?tag=eloabder-20&linkCode=osi&th=1&psc=1">View Product</a></div><div class="product"><a href="https://www.amazon.com/dp/B00008NFL0?tag=eloabder-20&linkCode=osi&th=1&psc=1"><img src="https://m.media-amazon.com/images/I/41ZksVV7iHL._SL500_.jpg" alt="Product Image"></a><p>Astroglide Water Based Lube (4oz), Ultra Gentle Gel Personal Lubricant for Vaginal and Anal Sex, Stays Put with No Drip, Sex Lube, Long-Lasting for Men, Women and Couples, Safe for Toys</p><p> -11% 0FF </p><p>$3.98 ($1.00 / Ounce)</p><a href="https://www.amazon.com/dp/B00008NFL0?tag=eloabder-20&linkCode=osi&th=1&psc=1">View Product</a></div><div class="product"><a href="https://www.amazon.com/dp/B00B29WMIQ?tag=eloabder-20&linkCode=osi&th=1&psc=1"><img src="https://m.media-amazon.com/images/I/41N3u7LtJBL._SL500_.jpg" alt="Product Image"></a><p>Lubricant, Durex Massage Gel & Personal Lubricant, Durex Massage & Play 2 in 1 Lubricant, 6.76 oz., Soothing Touch with Aloe Vera</p><p> -11% 0FF </p><p>$9.68 ($1.43 / Fl Oz)</p><a href="https://www.amazon.com/dp/B00B29WMIQ?tag=eloabder-20&linkCode=osi&th=1&psc=1">View Product</a></div><div class="product"><a href="https://www.amazon.com/dp/B004GW9GXU?tag=eloabder-20&linkCode=osi&th=1&psc=1"><img src="https://m.media-amazon.com/images/I/41ubL2N3JBL._SL500_.jpg" alt="Product Image"></a><p>K-Y Ultragel Water Based Personal Lubricant, pH Balanced Lube, Paraben Free, Non-Sticky, Non-Staining, 4.5 fl oz</p><p> -28% 0FF </p><p>$9.99 ($2.22 / Fl Oz)</p><a href="https://www.amazon.com/dp/B004GW9GXU?tag=eloabder-20&linkCode=osi&th=1&psc=1">View Product</a></div>
<div class="product"><a href="https://www.amazon.com/dp/B07BGLT25K?tag=eloabder-20&linkCode=osi&th=1&psc=1"><img src="https://m.media-amazon.com/images/I/51E4cTD1y1L._SL500_.jpg" alt="Product Image"></a><p>Scott ComfortPlus Toilet Paper, 12 Double Rolls, 231 Sheets per Roll, Septic-Safe, 1-Ply Toilet Tissue</p><p> -12% 0FF </p><p>$5.68 ($0.20 / 100 Sheets)</p><a href="https://www.amazon.com/dp/B07BGLT25K?tag=eloabder-20&linkCode=osi&th=1&psc=1">View Product</a></div><div class="product"><a href="https://www.amazon.com/dp/B08L7KWMBQ?tag=eloabder-20&linkCode=osi&th=1&psc=1"><img src="https://m.media-amazon.com/images/I/41Fk482WEaL._SL500_.jpg" alt="Product Image"></a><p>kingheroes Electric Toothbrush Set, Comes with 8 Brush Heads & Travel Case,4 Modes with 2 Minutes Built in Smart Timer, One Charge for 60 Days, 42000 VPM Motor (Pink)</p><p> -75% 0FF </p><p>$9.99</p><a href="https://www.amazon.com/dp/B08L7KWMBQ?tag=eloabder-20&linkCode=osi&th=1&psc=1">View Product</a></div><div class="product"><a href="https://www.amazon.com/dp/B0CFHDV2S8?tag=eloabder-20&linkCode=osi&th=1&psc=1"><img src="https://m.media-amazon.com/images/I/41xOOYd+igL._SL500_.jpg" alt="Product Image"></a><p>Breiboz Pimple Patches for Face, Hydrocolloid Acne Patches, Zit Patches for Day and Night Invisible with Tea Tree, Salicylic Acid & Cica Oil</p><p> -82% 0FF </p><p>$9.09 ($0.03 / Count)</p><a href="https://www.amazon.com/dp/B0CFHDV2S8?tag=eloabder-20&linkCode=osi&th=1&psc=1">View Product</a></div><div class="product"><a href="https://www.amazon.com/dp/B0CDZJ9JJC?tag=eloabder-20&linkCode=osi&th=1&psc=1"><img src="https://m.media-amazon.com/images/I/51eaQ4M7l3L._SL500_.jpg" alt="Product Image"></a><p>Charmin Ultra Soft Toilet Paper 6 Mega Rolls = 24 Regular Rolls</p><p> -27% 0FF </p><p>$7.97 ($0.59 / 100 Sheets)</p><a href="https://www.amazon.com/dp/B0CDZJ9JJC?tag=eloabder-20&linkCode=osi&th=1&psc=1">View Product</a></div><div class="product"><a href="https://www.amazon.com/dp/B09NW92T8Q?tag=eloabder-20&linkCode=osi&th=1&psc=1"><img src="https://m.media-amazon.com/images/I/5125ACWy+CL._SL500_.jpg" alt="Product Image"></a><p>Sparkle Pick-A-Size Paper Towels, 6 Double Rolls = 12 Regular Rolls, Everyday Value Paper Towel With Full And Half Sheets</p><p> -13% 0FF </p><p>$7.28 ($1.10 / 100 Sheets)</p><a href="https://www.amazon.com/dp/B09NW92T8Q?tag=eloabder-20&linkCode=osi&th=1&psc=1">View Product</a></div><div class="product"><a href="https://www.amazon.com/dp/B0CKK43XXS?tag=eloabder-20&linkCode=osi&th=1&psc=1"><img src="https://m.media-amazon.com/images/I/51H5mXFgbsL._SL500_.jpg" alt="Product Image"></a><p>Scott Paper Towels, Choose-A-Sheet, 6 Double Rolls = 12 Regular Rolls (100 Sheets Per Roll)</p><p> -20% 0FF </p><p>$6.84 ($1.14 / 100 Sheets)</p><a href="https://www.amazon.com/dp/B0CKK43XXS?tag=eloabder-20&linkCode=osi&th=1&psc=1">View Product</a></div><div class="product"><a href="https://www.amazon.com/dp/B09NW83XJ2?tag=eloabder-20&linkCode=osi&th=1&psc=1"><img src="https://m.media-amazon.com/images/I/51vCc1LlPYL._SL500_.jpg" alt="Product Image"></a><p>Sparkle Pick-A-Size Paper Towels, Spirited Prints, 6 Double Rolls = 12 Regular Rolls, Everyday Value Paper Towel With Full And Half Sheets</p><p> -13% 0FF </p><p>$7.28 ($1.10 / 100 Sheets)</p><a href="https://www.amazon.com/dp/B09NW83XJ2?tag=eloabder-20&linkCode=osi&th=1&psc=1">View Product</a></div>



<div class="product"><a href="https://www.amazon.com/dp/B07KRMQ8W6?tag=eloabder-20&linkCode=osi&th=1&psc=1"><img src="https://m.media-amazon.com/images/I/31-2HjYAfiL._SL500_.jpg" alt="Product Image"></a><p>Bactine MAX First Aid Spray - Pain Relief Cleansing Spray with 4% Lidocaine - Numbing Lidocaine Spray Kills 99.9% of Germs - Pain + Itch Relief for Minor Cuts & Scrapes, Burns & Bug Bites - 5oz</p><p> -28% 0FF </p><p>$5.74 ($1.15 / Fl Oz)</p><a href="https://www.amazon.com/dp/B07KRMQ8W6?tag=eloabder-20&linkCode=osi&th=1&psc=1">View Product</a></div><div class="product"><a href="https://www.amazon.com/dp/B010VE7BS8?tag=eloabder-20&linkCode=osi&th=1&psc=1"><img src="https://m.media-amazon.com/images/I/41qfuMfsQoL._SL500_.jpg" alt="Product Image"></a><p>Band-Aid Brand Cushion Care Non-Stick Gauze Pads, Individually-Wrapped, Medium, 3 in x 3 in, 10 ct</p><p> -33% 0FF </p><p>$2.28 ($0.23 / Count)</p><a href="https://www.amazon.com/dp/B010VE7BS8?tag=eloabder-20&linkCode=osi&th=1&psc=1">View Product</a></div><div class="product"><a href="https://www.amazon.com/dp/B09RD87NGV?tag=eloabder-20&linkCode=osi&th=1&psc=1"><img src="https://m.media-amazon.com/images/I/418Vl5rxFQL._SL500_.jpg" alt="Product Image"></a><p>Nexcare Gentle Paper Tape, Medical Paper Tape, Secures Dressings and Lifts Away Gently - 1 In x 10 Yds, 2 Rolls of Tape</p><p> -37% 0FF </p><p>$3.99 ($2.00 / Count)</p><a href="https://www.amazon.com/dp/B09RD87NGV?tag=eloabder-20&linkCode=osi&th=1&psc=1">View Product</a></div><div class="product"><a href="https://www.amazon.com/dp/B0BQWYRXPT?tag=eloabder-20&linkCode=osi&th=1&psc=1"><img src="https://m.media-amazon.com/images/I/411xH4LwE1L._SL500_.jpg" alt="Product Image"></a><p>Dermoplast Wound Wipes Medicated First Aid Cloths, Analgesic & Antiseptic Wipes for Treating Minor Cuts, Scrapes and Burns on The Go, Sting Free Formula, 10 Individual Cloths (Packaging May Vary)</p><p> -38% 0FF </p><p>$8.00 ($0.80 / Count)</p><a href="https://www.amazon.com/dp/B0BQWYRXPT?tag=eloabder-20&linkCode=osi&th=1&psc=1">View Product</a></div><div class="product"><a href="https://www.amazon.com/dp/B09N1R2WSS?tag=eloabder-20&linkCode=osi&th=1&psc=1"><img src="https://m.media-amazon.com/images/I/31Y2u8YVFiL._SL500_.jpg" alt="Product Image"></a><p>Band-Aid Brand Pain Relieving Antiseptic Cleansing Spray, Pramoxine HCl, 8 fl. Oz</p><p> -5% 0FF </p><p>$8.02 ($1.00 / Fl Oz)</p><a href="https://www.amazon.com/dp/B09N1R2WSS?tag=eloabder-20&linkCode=osi&th=1&psc=1">View Product</a></div><div class="product"><a href="https://www.amazon.com/dp/B076FS9RYL?tag=eloabder-20&linkCode=osi&th=1&psc=1"><img src="https://m.media-amazon.com/images/I/51A3wOry1oL._SL500_.jpg" alt="Product Image"></a><p>General Medi 160 Piece First Aid Kit Bag Refill Kit - Includes Eyewash, Instant Cold Pack, Bandages,Emergency Blanket, Moleskin Pad, Gauze - Extra Replacement Medical Supplies for First Aid</p><p> -25% 0FF </p><p>$14.95</p><a href="https://www.amazon.com/dp/B076FS9RYL?tag=eloabder-20&linkCode=osi&th=1&psc=1">View Product</a></div>
<div class="product"><a href="https://www.amazon.com/dp/B07W7BHM2R?tag=eloabder-20&linkCode=osi&th=1&psc=1"><img src="https://m.media-amazon.com/images/I/41tq1TfsR6L._SL500_.jpg" alt="Product Image"></a><p>Fanwer Toilet Aids for Wiping - 15.7" Long Reach Comfort Butt Wiper Tools - Bathroom Bottom Buddy Wiping Self Assist for Disabled,Elderly,Pregnant,Overweight People and Back Surgery Recovery (2 Pack)</p><p> -12% 0FF </p><p>$14.99 ($7.50 / Count)</p><a href="https://www.amazon.com/dp/B07W7BHM2R?tag=eloabder-20&linkCode=osi&th=1&psc=1">View Product</a></div><div class="product"><a href="https://www.amazon.com/dp/B0151FP9AY?tag=eloabder-20&linkCode=osi&th=1&psc=1"><img src="https://m.media-amazon.com/images/I/31aU3GgS78S._SL500_.jpg" alt="Product Image"></a><p>Juvo Toilet Aid - 18” Long Reach Personal Wiping Aid with Hygienic Cover - Easy Use Comfort Self Wiper for Toileting (SATA01)</p><p> -11% 0FF </p><p>$24.99</p><a href="https://www.amazon.com/dp/B0151FP9AY?tag=eloabder-20&linkCode=osi&th=1&psc=1">View Product</a></div><div class="product"><a href="https://www.amazon.com/dp/B0BFB93583?tag=eloabder-20&linkCode=osi&th=1&psc=1"><img src="https://m.media-amazon.com/images/I/310TRP10uvL._SL500_.jpg" alt="Product Image"></a><p>Toilet Aids Set for Wiping - Long Handle Butt Wiper for People Overweight, Elderly and Disabled, Bottom Buddy Wiping Aid for Bathroom ( 4PCS Personal Hygiene Kit )</p><p> -43% 0FF </p><p>$19.95 ($19.95 / Count)</p><a href="https://www.amazon.com/dp/B0BFB93583?tag=eloabder-20&linkCode=osi&th=1&psc=1">View Product</a></div>



<div class="product"><a href="https://www.amazon.com/dp/B000Q6WAFG?tag=eloabder-20&linkCode=osi&th=1&psc=1"><img src="https://m.media-amazon.com/images/I/31LASXSqc+L._SL500_.jpg" alt="Product Image"></a><p>Gillette Shaving Cream</p><p> -5% 0FF </p><p>$2.47 ($0.22 / Ounce)</p><a href="https://www.amazon.com/dp/B000Q6WAFG?tag=eloabder-20&linkCode=osi&th=1&psc=1">View Product</a></div><div class="product"><a href="https://www.amazon.com/dp/B01CKC8O9Y?tag=eloabder-20&linkCode=osi&th=1&psc=1"><img src="https://m.media-amazon.com/images/I/31e7qUv0w3L._SL500_.jpg" alt="Product Image"></a><p>Cremo Barber Grade Cooling Shave Cream, Astonishingly Superior Ultra-Slick Shaving Cream for Men, Fights Nicks, Cuts and Razor Burn, 6 Fl Oz</p><p> -20% 0FF </p><p>$7.97 ($1.33 / Ounce)</p><a href="https://www.amazon.com/dp/B01CKC8O9Y?tag=eloabder-20&linkCode=osi&th=1&psc=1">View Product</a></div><div class="product"><a href="https://www.amazon.com/dp/B08QB3V7HK?tag=eloabder-20&linkCode=osi&th=1&psc=1"><img src="https://m.media-amazon.com/images/I/51C8qpNYbWL._SL500_.jpg" alt="Product Image"></a><p>Skintimate Coconut Delight Shave Gel for Women, 3 Pack | Skintimate Shaving Cream for Women, Womens Shaving Cream, Shave Cream, Shaving Foam, Womens Shave Gel, Pack of 3, 7oz each</p><p> -19% 0FF </p><p>$9.71 ($0.46 / Ounce)</p><a href="https://www.amazon.com/dp/B08QB3V7HK?tag=eloabder-20&linkCode=osi&th=1&psc=1">View Product</a></div><div class="product"><a href="https://www.amazon.com/dp/B07C8XGF63?tag=eloabder-20&linkCode=osi&th=1&psc=1"><img src="https://m.media-amazon.com/images/I/41EST2aAOmL._SL500_.jpg" alt="Product Image"></a><p>Cremo Barber Grade Original Shave Cream Classic Citrus Moisturizing Formula, Astonishingly Superior Ultra-Slick Shaving Cream Fights Nicks, Cuts and Razor Burn, 6 Fl Oz (2 Pack)</p><p> -20% 0FF </p><p>$15.94 ($1.33 / Fl Oz)</p><a href="https://www.amazon.com/dp/B07C8XGF63?tag=eloabder-20&linkCode=osi&th=1&psc=1">View Product</a></div><div class="product"><a href="https://www.amazon.com/dp/B00Q1L9Q0W?tag=eloabder-20&linkCode=osi&th=1&psc=1"><img src="https://m.media-amazon.com/images/I/41m5NDPkYuL._SL500_.jpg" alt="Product Image"></a><p>Barbasol Thick & Rich Shaving Cream, Original 10 oz (Value Pack of 3)</p><p> -40% 0FF </p><p>$11.44 ($3.81 / Count)</p><a href="https://www.amazon.com/dp/B00Q1L9Q0W?tag=eloabder-20&linkCode=osi&th=1&psc=1">View Product</a></div>
<div class="product"><a href="https://www.amazon.com/dp/B0001LQGPG?tag=eloabder-20&linkCode=osi&th=1&psc=1"><img src="https://m.media-amazon.com/images/I/51V5N3IVEwL._SL500_.jpg" alt="Product Image"></a><p>Gillette Sensor3 Sensitive Men's Disposable Razor, 4 Razors</p><p> -22% 0FF </p><p>$6.97 ($1.74 / Count)</p><a href="https://www.amazon.com/dp/B0001LQGPG?tag=eloabder-20&linkCode=osi&th=1&psc=1">View Product</a></div><div class="product"><a href="https://www.amazon.com/dp/B002L5WFT6?tag=eloabder-20&linkCode=osi&th=1&psc=1"><img src="https://m.media-amazon.com/images/I/413g3af4kiL._SL500_.jpg" alt="Product Image"></a><p>BIC Soleil Smooth Scented Women’s Disposable Razor, 3 Blades with a Moisture Strip For a Silky Shave, Assorted, 4 Piece Razor Set</p><p> -51% 0FF </p><p>$4.92 ($1.23 / Count)</p><a href="https://www.amazon.com/dp/B002L5WFT6?tag=eloabder-20&linkCode=osi&th=1&psc=1">View Product</a></div><div class="product"><a href="https://www.amazon.com/dp/B0787JNN97?tag=eloabder-20&linkCode=osi&th=1&psc=1"><img src="https://m.media-amazon.com/images/I/41H+SqazA0L._SL500_.jpg" alt="Product Image"></a><p>BIC Soleil Smooth Colors Women's Disposable Razors With Aloe Vera and vitamin E Lubricating Strip for Enhanced Glide, With 3 Blades, 14 Count</p><p> -39% 0FF </p><p>$13.95 ($1.00 / Count)</p><a href="https://www.amazon.com/dp/B0787JNN97?tag=eloabder-20&linkCode=osi&th=1&psc=1">View Product</a></div><div class="product"><a href="https://www.amazon.com/dp/B08J94S65H?tag=eloabder-20&linkCode=osi&th=1&psc=1"><img src="https://m.media-amazon.com/images/I/51K2Cnt2eRL._SL500_.jpg" alt="Product Image"></a><p>Schick Xtreme 3 Original Razor — Disposable Head Razor for Sensitive Skin, 12 Count</p><p> -12% 0FF </p><p>$14.97 ($1.25 / Count)</p><a href="https://www.amazon.com/dp/B08J94S65H?tag=eloabder-20&linkCode=osi&th=1&psc=1">View Product</a></div>
<div class="product"><a href="https://www.amazon.com/dp/B01HTJTPZA?tag=eloabder-20&linkCode=osi&th=1&psc=1"><img src="https://m.media-amazon.com/images/I/618IrjjMkUL._SL500_.jpg" alt="Product Image"></a><p>Dove Advanced Care Antiperspirant Deodorant Stick Cool Essentials 4 ct for helping your skin barrier repair after shaving 72 hour odor control and sweat protection with Pro Ceramide Technology 2.6 oz</p><p> -43% 0FF </p><p>$13.98 ($1.34 / Ounce)</p><a href="https://www.amazon.com/dp/B01HTJTPZA?tag=eloabder-20&linkCode=osi&th=1&psc=1">View Product</a></div><div class="product"><a href="https://www.amazon.com/dp/B01HTJTMF8?tag=eloabder-20&linkCode=osi&th=1&psc=1"><img src="https://m.media-amazon.com/images/I/61k+x5yZyML._SL500_.jpg" alt="Product Image"></a><p>Dove Men + Care Antiperspirant Deodorant, 72hr Sweat & Odor Protection, Vitamin E, Triple Moisturizer, 4 Pack</p><p> -21% 0FF </p><p>$15.48 ($1.43 / Ounce)</p><a href="https://www.amazon.com/dp/B01HTJTMF8?tag=eloabder-20&linkCode=osi&th=1&psc=1">View Product</a></div><div class="product"><a href="https://www.amazon.com/dp/B072J2ZBPY?tag=eloabder-20&linkCode=osi&th=1&psc=1"><img src="https://m.media-amazon.com/images/I/41Th2KQyzlL._SL500_.jpg" alt="Product Image"></a><p>Degree Men UltraClear Antiperspirant Deodorant Black + White 72-Hour Sweat & Odor Protection Antiperspirant For Men With MotionSense Technology 2.7 Ounce (Pack of 4)</p><p> -19% 0FF </p><p>$15.96 ($1.48 / Ounce)</p><a href="https://www.amazon.com/dp/B072J2ZBPY?tag=eloabder-20&linkCode=osi&th=1&psc=1">View Product</a></div><div class="product"><a href="https://www.amazon.com/dp/B0080PEM3S?tag=eloabder-20&linkCode=osi&th=1&psc=1"><img src="https://m.media-amazon.com/images/I/61a+r3V48HL._SL500_.jpg" alt="Product Image"></a><p>Degree Advanced Protection Antiperspirant Deodorant White Flowers & Lychee for 72-Hour Sweat & Odor Control for Women, with Body Heat Activated Technology, 2.6 oz</p><p> -6% 0FF </p><p>$4.99 ($1.92 / Ounce)</p><a href="https://www.amazon.com/dp/B0080PEM3S?tag=eloabder-20&linkCode=osi&th=1&psc=1">View Product</a></div><div class="product"><a href="https://www.amazon.com/dp/B08ZH6P1NY?tag=eloabder-20&linkCode=osi&th=1&psc=1"><img src="https://m.media-amazon.com/images/I/51D2Klixa3L._SL500_.jpg" alt="Product Image"></a><p>Speed Stick Men's Deodorant, Regular, 3 Ounce, 4 Pack</p><p> -10% 0FF </p><p>$8.97 ($0.75 / Ounce)</p><a href="https://www.amazon.com/dp/B08ZH6P1NY?tag=eloabder-20&linkCode=osi&th=1&psc=1">View Product</a></div><div class="product"><a href="https://www.amazon.com/dp/B002VUAM46?tag=eloabder-20&linkCode=osi&th=1&psc=1"><img src="https://m.media-amazon.com/images/I/51+tUdTWg0L._SL500_.jpg" alt="Product Image"></a><p>Degree Men Antiperspirant Deodorant Adventure Freshness and Odor Protection Deodorant for Men 2.7 Oz, (Pack of 4) Woodsy, Stick</p><p> -39% 0FF </p><p>$11.98 ($1.11 / Ounce)</p><a href="https://www.amazon.com/dp/B002VUAM46?tag=eloabder-20&linkCode=osi&th=1&psc=1">View Product</a></div>
<div class="product"><a href="https://www.amazon.com/dp/B0BV4SCSBH?tag=eloabder-20&linkCode=osi&th=1&psc=1"><img src="https://m.media-amazon.com/images/I/61TxQVLN5DL._SL500_.jpg" alt="Product Image"></a><p>Dove Body Wash Deep Moisture 4 Count For Dry Skin Moisturizing Skin Cleanser with 24hr Renewing MicroMoisture Nourishes The Driest Skin 20 oz</p><p> -24% 0FF </p><p>$19.70 ($0.25 / Fl Oz)</p><a href="https://www.amazon.com/dp/B0BV4SCSBH?tag=eloabder-20&linkCode=osi&th=1&psc=1">View Product</a></div><div class="product"><a href="https://www.amazon.com/dp/B082QB23YG?tag=eloabder-20&linkCode=osi&th=1&psc=1"><img src="https://m.media-amazon.com/images/I/31QPAuuaLwL._SL500_.jpg" alt="Product Image"></a><p>NIVEA Refreshing White Peach and Jasmine Body Wash, Scented Body Wash with Nourishing Serum, Plant-Derived Oils, Essential Skin Lipids and Vitamins, 20 Fl Oz Bottle</p><p> -25% 0FF </p><p>$6.00 ($0.30 / Fl Oz)</p><a href="https://www.amazon.com/dp/B082QB23YG?tag=eloabder-20&linkCode=osi&th=1&psc=1">View Product</a></div><div class="product"><a href="https://www.amazon.com/dp/B0BT1VXDGD?tag=eloabder-20&linkCode=osi&th=1&psc=1"><img src="https://m.media-amazon.com/images/I/217eAv7yKyL._SL500_.jpg" alt="Product Image"></a><p>Method Body Wash, Pure Peace, Paraben and Phthalate Free, Biodegradable Formula, 28 oz (Pack of 1)</p><p> -13% 0FF </p><p>$9.99 ($0.36 / Fl Oz)</p><a href="https://www.amazon.com/dp/B0BT1VXDGD?tag=eloabder-20&linkCode=osi&th=1&psc=1">View Product</a></div><div class="product"><a href="https://www.amazon.com/dp/B0CK51LYDN?tag=eloabder-20&linkCode=osi&th=1&psc=1"><img src="https://m.media-amazon.com/images/I/51oaEavRWNL._SL500_.jpg" alt="Product Image"></a><p>Dr Teal's Body Wash with Pure Epsom Salt, Glow & Radiance with Vitamin C & Citrus Essential Oils, 24oz (Pack of 2) (Packaging May Vary)</p><p> -23% 0FF </p><p>$10.00 ($0.21 / Fl Oz)</p><a href="https://www.amazon.com/dp/B0CK51LYDN?tag=eloabder-20&linkCode=osi&th=1&psc=1">View Product</a></div><div class="product"><a href="https://www.amazon.com/dp/B0BT1WN3ZD?tag=eloabder-20&linkCode=osi&th=1&psc=1"><img src="https://m.media-amazon.com/images/I/21GMn0pFzCL._SL500_.jpg" alt="Product Image"></a><p>Method Body Wash, Sea + Surf, Paraben and Phthalate Free, Biodegradable Formula, 28 oz, (Pack of 1)</p><p> -13% 0FF </p><p>$9.99 ($0.36 / Fl Oz)</p><a href="https://www.amazon.com/dp/B0BT1WN3ZD?tag=eloabder-20&linkCode=osi&th=1&psc=1">View Product</a></div><div class="product"><a href="https://www.amazon.com/dp/B0BT1WL6KY?tag=eloabder-20&linkCode=osi&th=1&psc=1"><img src="https://m.media-amazon.com/images/I/21jeYtt0GbL._SL500_.jpg" alt="Product Image"></a><p>Method Body Wash, Simply Nourish, Paraben and Phthalate Free, Biodegradable Formula, 28 oz (Pack of 1)</p><p> -20% 0FF </p><p>$11.00 ($0.39 / Fl Oz)</p><a href="https://www.amazon.com/dp/B0BT1WL6KY?tag=eloabder-20&linkCode=osi&th=1&psc=1">View Product</a></div><div class="product"><a href="https://www.amazon.com/dp/B082QBPDJC?tag=eloabder-20&linkCode=osi&th=1&psc=1"><img src="https://m.media-amazon.com/images/I/31tC4JDwHQL._SL500_.jpg" alt="Product Image"></a><p>NIVEA Coconut and Almond Milk Body Wash with Nourishing Serum, 20 Fl Oz Bottle</p><p> -34% 0FF </p><p>$5.29 ($0.26 / Fl Oz)</p><a href="https://www.amazon.com/dp/B082QBPDJC?tag=eloabder-20&linkCode=osi&th=1&psc=1">View Product</a></div><div class="product"><a href="https://www.amazon.com/dp/B09GN14Y2S?tag=eloabder-20&linkCode=osi&th=1&psc=1"><img src="https://m.media-amazon.com/images/I/41UAqKPL6XL._SL500_.jpg" alt="Product Image"></a><p>Irish Spring Mens Body Wash, Moisture Blast Body Wash for Men, Feel Fresh All Day, 30 Oz Pump Bottle</p><p> -13% 0FF </p><p>$6.94 ($0.23 / Fl Oz)</p><a href="https://www.amazon.com/dp/B09GN14Y2S?tag=eloabder-20&linkCode=osi&th=1&psc=1">View Product</a></div><div class="product"><a href="https://www.amazon.com/dp/B09M7SPFSJ?tag=eloabder-20&linkCode=osi&th=1&psc=1"><img src="https://m.media-amazon.com/images/I/31EHpflVh5L._SL500_.jpg" alt="Product Image"></a><p>Ivory Gentle Body Wash, Designed for the Whole Family, Free of Dyes Heavy Perfumes Parabens Phthalates & Silicones, Original Scent, 35 oz</p><p> -15% 0FF </p><p>$5.97 ($0.17 / Fl Oz)</p><a href="https://www.amazon.com/dp/B09M7SPFSJ?tag=eloabder-20&linkCode=osi&th=1&psc=1">View Product</a></div>


<div class="product"><a href="https://www.amazon.com/dp/B086V843R8?tag=eloabder-20&linkCode=osi&th=1&psc=1"><img src="https://m.media-amazon.com/images/I/410evC+SQHL._SL500_.jpg" alt="Product Image"></a><p>ANAI RUI Turmeric Clay Mask - Green Tea Clay Mask - Dead Sea Minerals Mud Mask, Spa Facial Mask Set, Face Mask Gift Set 2.5 oz each</p><p> -23% 0FF </p><p>$22.99</p><a href="https://www.amazon.com/dp/B086V843R8?tag=eloabder-20&linkCode=osi&th=1&psc=1">View Product</a></div><div class="product"><a href="https://www.amazon.com/dp/B0BSZ23FTF?tag=eloabder-20&linkCode=osi&th=1&psc=1"><img src="https://m.media-amazon.com/images/I/31GRN7P2p8L._SL500_.jpg" alt="Product Image"></a><p>Bubble Skincare Slam Dunk Face Moisturizer - Hydrating Face Cream for Dry Skin Made with Vitamin E + Aloe Vera Juice for a Glowing Complexion - Skin Care with Blue Light Protection (50ml)</p><p> -12% 0FF </p><p>$14.98 ($8.81 / Ounce)</p><a href="https://www.amazon.com/dp/B0BSZ23FTF?tag=eloabder-20&linkCode=osi&th=1&psc=1">View Product</a></div><div class="product"><a href="https://www.amazon.com/dp/B000VPPUEA?tag=eloabder-20&linkCode=osi&th=1&psc=1"><img src="https://m.media-amazon.com/images/I/31e4JzjWhkL._SL500_.jpg" alt="Product Image"></a><p>Bio-Oil Skincare Body Oil, Vitamin E, Serum for Scars & Stretchmarks, Face & Body Moisturizer, 2 oz, All Skin Types</p><p> -18% 0FF </p><p>$11.12 ($5.56 / Fl Oz)</p><a href="https://www.amazon.com/dp/B000VPPUEA?tag=eloabder-20&linkCode=osi&th=1&psc=1">View Product</a></div>

<div class="product"><a href="https://www.amazon.com/dp/B0719GRD5R?tag=eloabder-20&linkCode=osi&th=1&psc=1"><img src="https://m.media-amazon.com/images/I/31d9NvTUowL._SL500_.jpg" alt="Product Image"></a><p>Clean & Clear Deep Action Exfoliating Cleanser with Pro-Vitamin B5, Gentle Exfoliating Daily Face Scrub Cleans Deep Down to the Pore for Soft, Smooth, Hydrated Skin, Oil Free Face Wash, 7 FL OZ</p><p> -39% 0FF </p><p>$5.97 ($0.85 / Fl Oz)</p><a href="https://www.amazon.com/dp/B0719GRD5R?tag=eloabder-20&linkCode=osi&th=1&psc=1">View Product</a></div>

<div class="product"><a href="https://www.amazon.com/dp/B00U2KYUAY?tag=eloabder-20&linkCode=osi&th=1&psc=1"><img src="https://m.media-amazon.com/images/I/516ldzLw1iL._SL500_.jpg" alt="Product Image"></a><p>PURELL Advanced Hand Sanitizer Soothing Gel, Fresh Scent, 8 fl oz Pump Bottle (Pack of 4), 9674-06-ECDECO</p><p> -25% 0FF </p><p>$14.99 ($0.47 / Fl Oz)</p><a href="https://www.amazon.com/dp/B00U2KYUAY?tag=eloabder-20&linkCode=osi&th=1&psc=1">View Product</a></div><div class="product"><a href="https://www.amazon.com/dp/B087781VTJ?tag=eloabder-20&linkCode=osi&th=1&psc=1"><img src="https://m.media-amazon.com/images/I/31OkRWcr12L._SL500_.jpg" alt="Product Image"></a><p>PURELL Advanced Hand Sanitizer Refreshing Gel, Clean Scent, 1 Liter Pump Bottle (Pack of 1) - 9632-04-CMR</p><p> -27% 0FF </p><p>$10.99 ($0.33 / Fl Oz)</p><a href="https://www.amazon.com/dp/B087781VTJ?tag=eloabder-20&linkCode=osi&th=1&psc=1">View Product</a></div><div class="product"><a href="https://www.amazon.com/dp/B08D6V7BLY?tag=eloabder-20&linkCode=osi&th=1&psc=1"><img src="https://m.media-amazon.com/images/I/31jNnpJBhbL._SL500_.jpg" alt="Product Image"></a><p>Purell 64 Oz. Advanced Instant Hand Sanitizer Gel Refill</p><p> -17% 0FF </p><p>$9.95 ($0.16 / Fl Oz)</p><a href="https://www.amazon.com/dp/B08D6V7BLY?tag=eloabder-20&linkCode=osi&th=1&psc=1">View Product</a></div><div class="product"><a href="https://www.amazon.com/dp/B0889WWM49?tag=eloabder-20&linkCode=osi&th=1&psc=1"><img src="https://m.media-amazon.com/images/I/51KTBSE1ZwL._SL500_.jpg" alt="Product Image"></a><p>Germ-X Original Hand Sanitizer, Moisturizing Gel with Vitamin E, Instant and No Rinse Formula, Back to School Supplies College, 8 Fl Oz Pump Bottle (Pack of 12)</p><p> -35% 0FF </p><p>$23.64 ($0.25 / Fl Oz)</p><a href="https://www.amazon.com/dp/B0889WWM49?tag=eloabder-20&linkCode=osi&th=1&psc=1">View Product</a></div>
<div class="product"><a href="https://www.amazon.com/dp/B00A8S6HM4?tag=eloabder-20&linkCode=osi&th=1&psc=1"><img src="https://m.media-amazon.com/images/I/31tIssP5CQL._SL500_.jpg" alt="Product Image"></a><p>Gold Bond Healing Hand Cream, 3 oz., With Aloe, Moisture That Lasts Through Handwashing</p><p> -12% 0FF </p><p>$3.97 ($1.32 / Ounce)</p><a href="https://www.amazon.com/dp/B00A8S6HM4?tag=eloabder-20&linkCode=osi&th=1&psc=1">View Product</a></div><div class="product"><a href="https://www.amazon.com/dp/B0034F9K36?tag=eloabder-20&linkCode=osi&th=1&psc=1"><img src="https://m.media-amazon.com/images/I/319i3EFVPvL._SL500_.jpg" alt="Product Image"></a><p>Jergens Ultra Healing Dry Skin Moisturizer, Body and Hand Lotion for Dry Skin, for Quick Absorption into Extra Dry Skin, with HYDRALUCENCE blend, Vitamins C, E, and B5, 32 Ounce</p><p> -33% 0FF </p><p>$8.17 ($0.26 / Fl Oz)</p><a href="https://www.amazon.com/dp/B0034F9K36?tag=eloabder-20&linkCode=osi&th=1&psc=1">View Product</a></div><div class="product"><a href="https://www.amazon.com/dp/B00008J2XQ?tag=eloabder-20&linkCode=osi&th=1&psc=1"><img src="https://m.media-amazon.com/images/I/419MsgGjzvL._SL500_.jpg" alt="Product Image"></a><p>Aveeno Skin Relief Intense Moisture Hand Cream with Soothing Prebiotic Oat for Dry Skin, Sensitive Skin Cream Softens & Smooths Hands & Lasts Through Hand Washing, Fragrance-Free, 3.5 oz</p><p> -31% 0FF </p><p>$8.79 ($2.51 / Fl Oz)</p><a href="https://www.amazon.com/dp/B00008J2XQ?tag=eloabder-20&linkCode=osi&th=1&psc=1">View Product</a></div><div class="product"><a href="https://www.amazon.com/dp/B0CWVSNVG6?tag=eloabder-20&linkCode=osi&th=1&psc=1"><img src="https://m.media-amazon.com/images/I/31hjLpzc8DL._SL500_.jpg" alt="Product Image"></a><p>Gold Bond Healing Hydrating Lotion with Aloe Moisturizes, Heals & Smooths Dry Skin, Delivers Immediate 24-Hour Hydration, Value Size, 24 oz.</p><p> -26% 0FF </p><p>$9.99 ($0.42 / Fl Oz)</p><a href="https://www.amazon.com/dp/B0CWVSNVG6?tag=eloabder-20&linkCode=osi&th=1&psc=1">View Product</a></div><div class="product"><a href="https://www.amazon.com/dp/B07QBN245V?tag=eloabder-20&linkCode=osi&th=1&psc=1"><img src="https://m.media-amazon.com/images/I/31N7vGLuV0L._SL500_.jpg" alt="Product Image"></a><p>Jergens Lavender Body Butter Body and Hand Lotion, Moisturizer for Women, 7 Fl Oz (Pack of 1), with Essential Oils for Indulgent Moisturization White</p><p> -15% 0FF </p><p>$7.97 ($1.14 / Fl Oz)</p><a href="https://www.amazon.com/dp/B07QBN245V?tag=eloabder-20&linkCode=osi&th=1&psc=1">View Product</a></div><div class="product"><a href="https://www.amazon.com/dp/B00J2L5TOK?tag=eloabder-20&linkCode=osi&th=1&psc=1"><img src="https://m.media-amazon.com/images/I/31ur4kqsEOL._SL500_.jpg" alt="Product Image"></a><p>Gold Bond Healing Skin Therapy Lotion with aloe 5.5 oz., Non-Greasy & Hypoallergenic</p><p> -25% 0FF </p><p>$5.98 ($1.09 / Ounce)</p><a href="https://www.amazon.com/dp/B00J2L5TOK?tag=eloabder-20&linkCode=osi&th=1&psc=1">View Product</a></div><div class="product"><a href="https://www.amazon.com/dp/B003JT8PKQ?tag=eloabder-20&linkCode=osi&th=1&psc=1"><img src="https://m.media-amazon.com/images/I/31TFisQDpKL._SL500_.jpg" alt="Product Image"></a><p>Lubriderm Daily Moisture Lotion + Pro-Ceramide with Shea Butter and Glycerin Helps Moisturize Dry Skin, Hydrating Face, Hand and Body Lotion, Lightly Scented, Non-Greasy, 24 FL OZ</p><p> -13% 0FF </p><p>$12.72 ($0.53 / Fl Oz)</p><a href="https://www.amazon.com/dp/B003JT8PKQ?tag=eloabder-20&linkCode=osi&th=1&psc=1">View Product</a></div><div class="product"><a href="https://www.amazon.com/dp/B00B3R2YVM?tag=eloabder-20&linkCode=osi&th=1&psc=1"><img src="https://m.media-amazon.com/images/I/31F7qr3VMQL._SL500_.jpg" alt="Product Image"></a><p>J.R. Watkins Natural Moisturizing Hand Cream, Hydrating Hand Moisturizer with Shea Butter, Cocoa Butter, and Avocado Oil, USA Made and Cruelty Free, 3.3oz, Aloe & Green Tea, Single</p><p> -7% 0FF </p><p>$5.03 ($1.52 / Fl Oz)</p><a href="https://www.amazon.com/dp/B00B3R2YVM?tag=eloabder-20&linkCode=osi&th=1&psc=1">View Product</a></div>
<div class="product"><a href="https://www.amazon.com/dp/B000BI1Z9Q?tag=eloabder-20&linkCode=osi&th=1&psc=1"><img src="https://m.media-amazon.com/images/I/413HU0cbbrL._SL500_.jpg" alt="Product Image"></a><p>Dynarex BZK Antiseptic Towelettes - 5"x7" - Benzalkonium Chloride, Hand Sanitizing Wipes or First Aid Wound Wipes, 1 Case of 1000 (Packaging May Vary)</p><p> -17% 0FF </p><p>$32.99 ($0.03 / Count)</p><a href="https://www.amazon.com/dp/B000BI1Z9Q?tag=eloabder-20&linkCode=osi&th=1&psc=1">View Product</a></div><div class="product"><a href="https://www.amazon.com/dp/B06XS38XH6?tag=eloabder-20&linkCode=osi&th=1&psc=1"><img src="https://m.media-amazon.com/images/I/41+1GOsXdPL._SL500_.jpg" alt="Product Image"></a><p>Care Touch Alcohol Wipes Individually Wrapped - Prep Pads with 70% Isopropyl Alcohol, Great for Home, Medical & First Aid Kits Sterilized, Antiseptic 2-Ply Swabs 400 Count</p><p> -13% 0FF </p><p>$10.99 ($0.03 / Count)</p><a href="https://www.amazon.com/dp/B06XS38XH6?tag=eloabder-20&linkCode=osi&th=1&psc=1">View Product</a></div>
<div class="product"><a href="https://www.amazon.com/dp/B00006IDL6?tag=eloabder-20&linkCode=osi&th=1&psc=1"><img src="https://m.media-amazon.com/images/I/51SFTNQg7-L._SL500_.jpg" alt="Product Image"></a><p>Band-Aid Brand Flexible Fabric Adhesive Bandages for Wound Care and First Aid, All One Size, 100 Count</p><p> -35% 0FF </p><p>$7.70 ($0.08 / Count)</p><a href="https://www.amazon.com/dp/B00006IDL6?tag=eloabder-20&linkCode=osi&th=1&psc=1">View Product</a></div><div class="product"><a href="https://www.amazon.com/dp/B000GCPW8C?tag=eloabder-20&linkCode=osi&th=1&psc=1"><img src="https://m.media-amazon.com/images/I/51vXh4MmDrL._SL500_.jpg" alt="Product Image"></a><p>Band-Aid Brand Tru-Stay Adhesive Pads, Large Sterile Bandages for Wound Care, Large Size, 10 ct</p><p> -28% 0FF </p><p>$3.77 ($0.38 / Count)</p><a href="https://www.amazon.com/dp/B000GCPW8C?tag=eloabder-20&linkCode=osi&th=1&psc=1">View Product</a></div><div class="product"><a href="https://www.amazon.com/dp/B01M18DYAH?tag=eloabder-20&linkCode=osi&th=1&psc=1"><img src="https://m.media-amazon.com/images/I/411HWhlyuxL._SL500_.jpg" alt="Product Image"></a><p>Band-Aid Brand Skin-Flex Adhesive Bandages for First Aid and Wound Care of Minor Cuts and Scrapes & Burns, Flexible Sterile Bandages for Fingers & Knees, Extra Large, All One Size, 7 ct</p><p> -34% 0FF </p><p>$3.77 ($0.54 / Count)</p><a href="https://www.amazon.com/dp/B01M18DYAH?tag=eloabder-20&linkCode=osi&th=1&psc=1">View Product</a></div><div class="product"><a href="https://www.amazon.com/dp/B09N1PJFH4?tag=eloabder-20&linkCode=osi&th=1&psc=1"><img src="https://m.media-amazon.com/images/I/414tb0lZk2L._SL500_.jpg" alt="Product Image"></a><p>Band-Aid Brand Adhesive Bandages for Sensitive Skin, Hypoallergenic First Aid Bandages with Painless Removal, Stays on When Wet & Suitable for Eczema Prone Skin, Extra Large Size, 7 ct</p><p> -34% 0FF </p><p>$3.77 ($0.54 / Count)</p><a href="https://www.amazon.com/dp/B09N1PJFH4?tag=eloabder-20&linkCode=osi&th=1&psc=1">View Product</a></div><div class="product"><a href="https://www.amazon.com/dp/B09B32CSJ5?tag=eloabder-20&linkCode=osi&th=1&psc=1"><img src="https://m.media-amazon.com/images/I/510JDYafj9L._SL500_.jpg" alt="Product Image"></a><p>Band-Aid Brand Flexible Fabric Adhesive Bandages for Comfortable Flexible Protection, Twin Pack, 2 x 100 ct</p><p> -19% 0FF </p><p>$16.96 ($8.48 / Count)</p><a href="https://www.amazon.com/dp/B09B32CSJ5?tag=eloabder-20&linkCode=osi&th=1&psc=1">View Product</a></div><div class="product"><a href="https://www.amazon.com/dp/B0014CQ7C8?tag=eloabder-20&linkCode=osi&th=1&psc=1"><img src="https://m.media-amazon.com/images/I/511SbCVd5iL._SL500_.jpg" alt="Product Image"></a><p>Band-Aid Brand Flexible Fabric Adhesive Bandages, Comfortable Sterile Protection & Wound Care for Minor Cuts & Burns, Quilt-Aid Technology to Cushion Painful Wounds, Assorted Sizes, 30 ct</p><p> -26% 0FF </p><p>$3.77</p><a href="https://www.amazon.com/dp/B0014CQ7C8?tag=eloabder-20&linkCode=osi&th=1&psc=1">View Product</a></div>
<div class="product"><a href="https://www.amazon.com/dp/B08B8BDG42?tag=eloabder-20&linkCode=osi&th=1&psc=1"><img src="https://m.media-amazon.com/images/I/41irwh1BfnL._SL500_.jpg" alt="Product Image"></a><p>Boncare Thermometer for Adults with 10 Seconds Fast Reading, Digital Oral Thermometer for Fever (Light Blue)</p><p> -30% 0FF </p><p>$6.99</p><a href="https://www.amazon.com/dp/B08B8BDG42?tag=eloabder-20&linkCode=osi&th=1&psc=1">View Product</a></div><div class="product"><a href="https://www.amazon.com/dp/B0824XNJSW?tag=eloabder-20&linkCode=osi&th=1&psc=1"><img src="https://m.media-amazon.com/images/I/31JdU9LcpxL._SL500_.jpg" alt="Product Image"></a><p>No-Touch Thermometer for Adults and Kids, Accurate Digital Baby Thermometer, FSA HSA Eligible, Fever Alarm & Silent Mode, 2 in 1 Forehead & Object Thermometer</p><p> -33% 0FF </p><p>$19.99</p><a href="https://www.amazon.com/dp/B0824XNJSW?tag=eloabder-20&linkCode=osi&th=1&psc=1">View Product</a></div><div class="product"><a href="https://www.amazon.com/dp/B08B7V2RG3?tag=eloabder-20&linkCode=osi&th=1&psc=1"><img src="https://m.media-amazon.com/images/I/41vXfFSaN4L._SL500_.jpg" alt="Product Image"></a><p>Boncare 10 Second Thermometer for Adults - Fast Reading, Accurate Fever Thermometer, Basal Digital Thermometer</p><p> -25% 0FF </p><p>$7.49</p><a href="https://www.amazon.com/dp/B08B7V2RG3?tag=eloabder-20&linkCode=osi&th=1&psc=1">View Product</a></div><div class="product"><a href="https://www.amazon.com/dp/B0C82Z3479?tag=eloabder-20&linkCode=osi&th=1&psc=1"><img src="https://m.media-amazon.com/images/I/21m2oNvDqiL._SL500_.jpg" alt="Product Image"></a><p>Vicks ComfortFlex Digital Thermometer – Accurate, Color Coded Reading in 8 Seconds – Digital Thermometer for Oral, Rectal or Under Arm Use</p><p> -38% 0FF </p><p>$10.48</p><a href="https://www.amazon.com/dp/B0C82Z3479?tag=eloabder-20&linkCode=osi&th=1&psc=1">View Product</a></div><div class="product"><a href="https://www.amazon.com/dp/B0C3B2VZLJ?tag=eloabder-20&linkCode=osi&th=1&psc=1"><img src="https://m.media-amazon.com/images/I/31JdU9LcpxL._SL500_.jpg" alt="Product Image"></a><p>No-Touch Thermometer for Adults and Kids, Fast Accurate Digital Thermometer with Fever Alarm & Silent Mode, FSA HSA Eligible, Easy-to-use, Forehead Thermometer for Babies, Kids & Elderly</p><p> -47% 0FF </p><p>$15.95</p><a href="https://www.amazon.com/dp/B0C3B2VZLJ?tag=eloabder-20&linkCode=osi&th=1&psc=1">View Product</a></div><div class="product"><a href="https://www.amazon.com/dp/B075QQ8VZW?tag=eloabder-20&linkCode=osi&th=1&psc=1"><img src="https://m.media-amazon.com/images/I/31XPaGGJcyL._SL500_.jpg" alt="Product Image"></a><p>iHealth No-Touch Forehead Thermometer, Infrared Digital Thermometer for Adults and Kids, Touchless Baby Thermometer, 3 Ultra-Sensitive Sensors, Large LED Digits, Quiet Vibration Feedback, Non Contact</p><p> -44% 0FF </p><p>$19.99</p><a href="https://www.amazon.com/dp/B075QQ8VZW?tag=eloabder-20&linkCode=osi&th=1&psc=1">View Product</a></div><div class="product"><a href="https://www.amazon.com/dp/B00MUK6M82?tag=eloabder-20&linkCode=osi&th=1&psc=1"><img src="https://m.media-amazon.com/images/I/31fl3MSNmuL._SL500_.jpg" alt="Product Image"></a><p>Vicks Braun Digital Ear Thermometer, ThermoScan 5 IRT6500, Ear Thermometer for Babies, Kids, Toddlers and Adults, Display is Digital and Accurate, Thermometer for Precise Fever Tracking at Home</p><p> -15% 0FF </p><p>$42.44</p><a href="https://www.amazon.com/dp/B00MUK6M82?tag=eloabder-20&linkCode=osi&th=1&psc=1">View Product</a></div><div class="product"><a href="https://www.amazon.com/dp/B0B513SHYR?tag=eloabder-20&linkCode=osi&th=1&psc=1"><img src="https://m.media-amazon.com/images/I/41erMNtrL8L._SL500_.jpg" alt="Product Image"></a><p>Forehead Thermometer for Adults and Kids, Digital Infrared Thermometer for Home with Fever Alarm, FSA HSA Eligible,1s Reading and 3-Color Indicator, No-Touch, Accurate</p><p> -45% 0FF </p><p>$13.59</p><a href="https://www.amazon.com/dp/B0B513SHYR?tag=eloabder-20&linkCode=osi&th=1&psc=1">View Product</a></div>
<div class="product"><a href="https://www.amazon.com/dp/B01C5QS1T8?tag=eloabder-20&linkCode=osi&th=1&psc=1"><img src="https://m.media-amazon.com/images/I/41DgEaoOjaL._SL500_.jpg" alt="Product Image"></a><p>iHealth Track Smart Upper Arm Blood Pressure Monitor with Wide Range Cuff That fits Standard to Large Adult Arms, Bluetooth Compatible for iOS & Android Devices</p><p> -20% 0FF </p><p>$39.99</p><a href="https://www.amazon.com/dp/B01C5QS1T8?tag=eloabder-20&linkCode=osi&th=1&psc=1">View Product</a></div><div class="product"><a href="https://www.amazon.com/dp/B0BF9YHRFM?tag=eloabder-20&linkCode=osi&th=1&psc=1"><img src="https://m.media-amazon.com/images/I/41Hd1YfS0VL._SL500_.jpg" alt="Product Image"></a><p>Blood Pressure Monitor,AILE blood pressure machine Upper Arm Large Cuff(8.7"-16.5"Adjustable),automatic high blood pressure cuff for home use,(BP)blood pressure monitor,2*99 memory,Easy to use/travel</p><p> -17% 0FF </p><p>$24.99</p><a href="https://www.amazon.com/dp/B0BF9YHRFM?tag=eloabder-20&linkCode=osi&th=1&psc=1">View Product</a></div><div class="product"><a href="https://www.amazon.com/dp/B0BFQWYSWR?tag=eloabder-20&linkCode=osi&th=1&psc=1"><img src="https://m.media-amazon.com/images/I/51lb5nRMBnL._SL500_.jpg" alt="Product Image"></a><p>Blood Pressure Monitors for Home Use Upper Arm, Accurate cuff 8.7”-15.7” Monitor with Large Backlight Display 2 Users 240 Sets Memory & HR Detection, Digital BP Machine with Carrying Case</p><p> -40% 0FF </p><p>$29.99</p><a href="https://www.amazon.com/dp/B0BFQWYSWR?tag=eloabder-20&linkCode=osi&th=1&psc=1">View Product</a></div><div class="product"><a href="https://www.amazon.com/dp/B07RYBKNC2?tag=eloabder-20&linkCode=osi&th=1&psc=1"><img src="https://m.media-amazon.com/images/I/41EBBbpDipL._SL500_.jpg" alt="Product Image"></a><p>OMRON Silver Blood Pressure Monitor, Upper Arm Cuff, Digital Bluetooth Blood Pressure Machine, Stores Up to 80 Readings</p><p> -6% 0FF </p><p>$52.88</p><a href="https://www.amazon.com/dp/B07RYBKNC2?tag=eloabder-20&linkCode=osi&th=1&psc=1">View Product</a></div>
<div class="product"><a href="https://www.amazon.com/dp/B084CQ41M2?tag=eloabder-20&linkCode=osi&th=1&psc=1"><img src="https://m.media-amazon.com/images/I/311ThQv0JoL._SL500_.jpg" alt="Product Image"></a><p>Fitbit Charge 4 Fitness and Activity Tracker with Built-in GPS, Heart Rate, Sleep & Swim Tracking, Black/Black, One Size (S &L Bands Included)</p><p> -17% 0FF </p><p>$124.00</p><a href="https://www.amazon.com/dp/B084CQ41M2?tag=eloabder-20&linkCode=osi&th=1&psc=1">View Product</a></div><div class="product"><a href="https://www.amazon.com/dp/B07GM59D12?tag=eloabder-20&linkCode=osi&th=1&psc=1"><img src="https://m.media-amazon.com/images/I/417I7hV3oaL._SL500_.jpg" alt="Product Image"></a><p>Garmin vivosmart 4, Activity and Fitness Tracker w/ Pulse Ox and Heart Rate Monitor, Black, Large Band</p><p> -33% 0FF </p><p>$64.99</p><a href="https://www.amazon.com/dp/B07GM59D12?tag=eloabder-20&linkCode=osi&th=1&psc=1">View Product</a></div><div class="product"><a href="https://www.amazon.com/dp/B00MWHUOSM?tag=eloabder-20&linkCode=osi&th=1&psc=1"><img src="https://m.media-amazon.com/images/I/514A9FIZMeL._SL500_.jpg" alt="Product Image"></a><p>3DTriSport Walking 3D Pedometer with Clip and Strap, Free eBook | 30 Days Memory, Accurate Step Counter, Walking Distance Miles/Km, Calorie Counter (Holdable, Grey)</p><p> -38% 0FF </p><p>$24.99</p><a href="https://www.amazon.com/dp/B00MWHUOSM?tag=eloabder-20&linkCode=osi&th=1&psc=1">View Product</a></div><div class="product"><a href="https://www.amazon.com/dp/B08JX22N4G?tag=eloabder-20&linkCode=osi&th=1&psc=1"><img src="https://m.media-amazon.com/images/I/413rXPXOmzL._SL500_.jpg" alt="Product Image"></a><p>Garmin vivofit jr. 3, Fitness Tracker for Kids, Includes Interactive App Experience, Swim-Friendly, Up To 1-year Battery Life, Lilac Floral</p><p> -22% 0FF </p><p>$69.99</p><a href="https://www.amazon.com/dp/B08JX22N4G?tag=eloabder-20&linkCode=osi&th=1&psc=1">View Product</a></div>
<div class="product"><a href="https://www.amazon.com/dp/B01HI1W1V4?tag=eloabder-20&linkCode=osi&th=1&psc=1"><img src="https://m.media-amazon.com/images/I/41xSV5KCm+L._SL500_.jpg" alt="Product Image"></a><p>Etekcity Bathroom Scale for Body Weight, Digital Weighing Machine for People, Accurate & Large LCD Backlight Display, 6mm Tempered Glass, 400 lbs</p><p> -20% 0FF </p><p>$15.89</p><a href="https://www.amazon.com/dp/B01HI1W1V4?tag=eloabder-20&linkCode=osi&th=1&psc=1">View Product</a></div><div class="product"><a href="https://www.amazon.com/dp/B01N1UX8RW?tag=eloabder-20&linkCode=osi&th=1&psc=1"><img src="https://m.media-amazon.com/images/I/41jK19A68DL._SL500_.jpg" alt="Product Image"></a><p>RENPHO Smart Scale for Body Weight, FSA HSA Eligible, Digital Bathroom Scale BMI Weighing Bluetooth Body Fat Scale, Body Composition Monitor Health Analyzer with Smartphone App, 400 lbs - Elis 1</p><p> -31% 0FF </p><p>$23.99</p><a href="https://www.amazon.com/dp/B01N1UX8RW?tag=eloabder-20&linkCode=osi&th=1&psc=1">View Product</a></div><div class="product"><a href="https://www.amazon.com/dp/B095YJW56C?tag=eloabder-20&linkCode=osi&th=1&psc=1"><img src="https://m.media-amazon.com/images/I/41vhjbr6FRL._SL500_.jpg" alt="Product Image"></a><p>Etekcity Smart Scale for Body Weight FSA HSA Store Eligible, Bathroom Digital Weighing Scale with BMI, Body Fat, Muscle Mass, Accurate Bluetooth Home User Health Equipment Sync Apps</p><p> -17% 0FF </p><p>$19.99</p><a href="https://www.amazon.com/dp/B095YJW56C?tag=eloabder-20&linkCode=osi&th=1&psc=1">View Product</a></div><div class="product"><a href="https://www.amazon.com/dp/B07S9PTLNZ?tag=eloabder-20&linkCode=osi&th=1&psc=1"><img src="https://m.media-amazon.com/images/I/21wW7Xf7Q+L._SL500_.jpg" alt="Product Image"></a><p>RENPHO Scale for Body Weight, Digital Bathroom Scale with Backlit LED Display, Highly Accurate & Measures Weight up to 400 lb/180kg, Batteries Included, Black-Core 1S</p><p> -42% 0FF </p><p>$13.99</p><a href="https://www.amazon.com/dp/B07S9PTLNZ?tag=eloabder-20&linkCode=osi&th=1&psc=1">View Product</a></div><div class="product"><a href="https://www.amazon.com/dp/B0CHRSYP3D?tag=eloabder-20&linkCode=osi&th=1&psc=1"><img src="https://m.media-amazon.com/images/I/41f-WUPPMQL._SL500_.jpg" alt="Product Image"></a><p>Ovutek Bathroom Scale for Body Weight, Highly Accurate Digital Weighing Machine for People, Upgraded Batteries Included, Compact Size, LED Display, Physician Scale with Sturdy Tempered Glass, 400lb</p><p> -26% 0FF </p><p>$13.99</p><a href="https://www.amazon.com/dp/B0CHRSYP3D?tag=eloabder-20&linkCode=osi&th=1&psc=1">View Product</a></div><div class="product"><a href="https://www.amazon.com/dp/B0C5DCTH9M?tag=eloabder-20&linkCode=osi&th=1&psc=1"><img src="https://m.media-amazon.com/images/I/31eXDYPTnbL._SL500_.jpg" alt="Product Image"></a><p>RunSTAR 550lb Bathroom Digital Scale for Body Weight with Ultra-Wide Platform and Large LCD Display, Accurate High Precision Scale with Extra-High Capacity</p><p> -40% 0FF </p><p>$33.99</p><a href="https://www.amazon.com/dp/B0C5DCTH9M?tag=eloabder-20&linkCode=osi&th=1&psc=1">View Product</a></div><div class="product"><a href="https://www.amazon.com/dp/B08839L43J?tag=eloabder-20&linkCode=osi&th=1&psc=1"><img src="https://m.media-amazon.com/images/I/41ijx4JiG5L._SL500_.jpg" alt="Product Image"></a><p>Posture Scale for Body Weight, Digital Bathroom Smart Scale LED Display, 13 Body Composition Analyzer Sync Weight Scale BMl Health Monitor Sync Apps 400lbs - Black</p><p> -60% 0FF </p><p>$25.24</p><a href="https://www.amazon.com/dp/B08839L43J?tag=eloabder-20&linkCode=osi&th=1&psc=1">View Product</a></div><div class="product"><a href="https://www.amazon.com/dp/B0BX1GVDBS?tag=eloabder-20&linkCode=osi&th=1&psc=1"><img src="https://m.media-amazon.com/images/I/31sSNdlJQOL._SL500_.jpg" alt="Product Image"></a><p>iHome Digital Scale Step-On Bathroom Scale - iHome High Precision Body Weight Scale - 400 lbs, Battery Powered with LED Display - Batteries Included -Great for Home Gym (Black)</p><p> -22% 0FF </p><p>$18.99</p><a href="https://www.amazon.com/dp/B0BX1GVDBS?tag=eloabder-20&linkCode=osi&th=1&psc=1">View Product</a></div>
<div class="product"><a href="https://www.amazon.com/dp/B079HXLZGY?tag=eloabder-20&linkCode=osi&th=1&psc=1"><img src="https://m.media-amazon.com/images/I/51O0z0rymgL._SL500_.jpg" alt="Product Image"></a><p>Amazon Basic Care Nighttime Sleep Aid Tablets for Adults, Doxylamine Succinate 25 mg, 96 Count</p><p> -13% 0FF </p><p>$10.93 ($0.11 / Count)</p><a href="https://www.amazon.com/dp/B079HXLZGY?tag=eloabder-20&linkCode=osi&th=1&psc=1">View Product</a></div><div class="product"><a href="https://www.amazon.com/dp/B0848WCZFM?tag=eloabder-20&linkCode=osi&th=1&psc=1"><img src="https://m.media-amazon.com/images/I/41Rzyzjg2UL._SL500_.jpg" alt="Product Image"></a><p>HealthA2Z Sleep Aid, Diphenhydramine Softgels, 50mg, Supports Deeper, Restful Sleeping, Non Habit-Forming (250 Counts)</p><p> -29% 0FF </p><p>$9.85 ($0.04 / Count)</p><a href="https://www.amazon.com/dp/B0848WCZFM?tag=eloabder-20&linkCode=osi&th=1&psc=1">View Product</a></div><div class="product"><a href="https://www.amazon.com/dp/B00NJ1BQZA?tag=eloabder-20&linkCode=osi&th=1&psc=1"><img src="https://m.media-amazon.com/images/I/41q8bT3bu0L._SL500_.jpg" alt="Product Image"></a><p>Relaxium Sleep Aid for Adults, Melatonin 5mg with Magnesium Glycinate, Sleep-Promoting Valerest & Ashwagandha, Non-Habit Forming Sleep Supplement, 60 Capsules, 30-Day Supply</p><p> -14% 0FF </p><p>$29.99 ($0.50 / count)</p><a href="https://www.amazon.com/dp/B00NJ1BQZA?tag=eloabder-20&linkCode=osi&th=1&psc=1">View Product</a></div><div class="product"><a href="https://www.amazon.com/dp/B07BZW88NY?tag=eloabder-20&linkCode=osi&th=1&psc=1"><img src="https://m.media-amazon.com/images/I/51HD9BxwlWL._SL500_.jpg" alt="Product Image"></a><p>Kirkland Signature Sleep Aid, 192 Tablets</p><p> -8% 0FF </p><p>$13.72 ($6.86 / Count)</p><a href="https://www.amazon.com/dp/B07BZW88NY?tag=eloabder-20&linkCode=osi&th=1&psc=1">View Product</a></div><div class="product"><a href="https://www.amazon.com/dp/B07PXT5LYR?tag=eloabder-20&linkCode=osi&th=1&psc=1"><img src="https://m.media-amazon.com/images/I/41Pu3C1zvML._SL500_.jpg" alt="Product Image"></a><p>Nature's Bounty Sleep3 Melatonin 10mg, Maximum Strength 100% Drug Free Sleep Aid, Dietary Supplement, L-Theanine & Nighttime Herbal Blend Time Release Technology, 60 Tri-Layered Tablets</p><p> -38% 0FF </p><p>$13.68 ($0.23 / Count)</p><a href="https://www.amazon.com/dp/B07PXT5LYR?tag=eloabder-20&linkCode=osi&th=1&psc=1">View Product</a></div><div class="product"><a href="https://www.amazon.com/dp/B002L4M4M0?tag=eloabder-20&linkCode=osi&th=1&psc=1"><img src="https://m.media-amazon.com/images/I/41S9lyFQZzL._SL500_.jpg" alt="Product Image"></a><p>KIRKLAND SIGNATURE Sleep Aid Doxylamine Succinate 25 Mg X Tabs (53201812) No Flavor 96 Count, Packaging May Vary</p><p> -29% 0FF </p><p>$7.75 ($0.08 / Count)</p><a href="https://www.amazon.com/dp/B002L4M4M0?tag=eloabder-20&linkCode=osi&th=1&psc=1">View Product</a></div><div class="product"><a href="https://www.amazon.com/dp/B01683HFGY?tag=eloabder-20&linkCode=osi&th=1&psc=1"><img src="https://m.media-amazon.com/images/I/51hFnh0pfXL._SL500_.jpg" alt="Product Image"></a><p>Unisom SleepTabs, Nighttime Sleep-aid, Doxylamine Succinate, 80 Tablets</p><p> -30% 0FF </p><p>$13.98 ($0.17 / Count)</p><a href="https://www.amazon.com/dp/B01683HFGY?tag=eloabder-20&linkCode=osi&th=1&psc=1">View Product</a></div><div class="product"><a href="https://www.amazon.com/dp/B08Y74HSSH?tag=eloabder-20&linkCode=osi&th=1&psc=1"><img src="https://m.media-amazon.com/images/I/41WtHEKTuML._SL500_.jpg" alt="Product Image"></a><p>ZzzQuil ULTRA, Sleep Aid, Nighttime Sleep Aid, 25 mg Doxylamine Succinate, From Makers of Nyquil, Non- Habit Forming, Fall Asleep Fast, Stay Asleep Longer, 48 Count</p><p> -11% 0FF </p><p>$19.63 ($0.41 / Count)</p><a href="https://www.amazon.com/dp/B08Y74HSSH?tag=eloabder-20&linkCode=osi&th=1&psc=1">View Product</a></div><div class="product"><a href="https://www.amazon.com/dp/B07613ZLWT?tag=eloabder-20&linkCode=osi&th=1&psc=1"><img src="https://m.media-amazon.com/images/I/41TljMCBnsL._SL500_.jpg" alt="Product Image"></a><p>Unisom Nighttime Sleep-Aid Gels, Diphenhydramine HCI 50mg, 100 Count</p><p> -6% 0FF </p><p>$16.38 ($0.16 / Count)</p><a href="https://www.amazon.com/dp/B07613ZLWT?tag=eloabder-20&linkCode=osi&th=1&psc=1">View Product</a></div>

<div class="product"><a href="https://www.amazon.com/dp/B009ITR4EY?tag=eloabder-20&linkCode=osi&th=1&psc=1"><img src="https://m.media-amazon.com/images/I/5108J1lmIxL._SL500_.jpg" alt="Product Image"></a><p>Tylenol Cold + Flu Severe Medicine Caplets for Fever, Pain, Cough & Congestion, 24 ct.</p><p> -28% 0FF </p><p>$7.67 ($0.32 / Count)</p><a href="https://www.amazon.com/dp/B009ITR4EY?tag=eloabder-20&linkCode=osi&th=1&psc=1">View Product</a></div><div class="product"><a href="https://www.amazon.com/dp/B019DL5KCO?tag=eloabder-20&linkCode=osi&th=1&psc=1"><img src="https://m.media-amazon.com/images/I/51i-U6pGMjL._SL500_.jpg" alt="Product Image"></a><p>Coricidin HBP Decongestant-Free Cough and Cold Medicine - Specially Designed Relief for High Blood Pressure, Cough, Runny Nose, Sneezing and Cold Symptoms (16 Count)</p><p> -6% 0FF </p><p>$8.49 ($0.53 / Count)</p><a href="https://www.amazon.com/dp/B019DL5KCO?tag=eloabder-20&linkCode=osi&th=1&psc=1">View Product</a></div><div class="product"><a href="https://www.amazon.com/dp/B0B63WW9H4?tag=eloabder-20&linkCode=osi&th=1&psc=1"><img src="https://m.media-amazon.com/images/I/51zjSOAQyTL._SL500_.jpg" alt="Product Image"></a><p>Coricidin HBP, Decongestant-Free Cold Symptom Relief for People with High Blood Pressure, Maximum Strength, Flu & Chest Congestion Liquid Gels, 24 Count</p><p> -21% 0FF </p><p>$8.29 ($0.35 / Count)</p><a href="https://www.amazon.com/dp/B0B63WW9H4?tag=eloabder-20&linkCode=osi&th=1&psc=1">View Product</a></div><div class="product"><a href="https://www.amazon.com/dp/B000WAWN8K?tag=eloabder-20&linkCode=osi&th=1&psc=1"><img src="https://m.media-amazon.com/images/I/41MhHkkpCQL._SL500_.jpg" alt="Product Image"></a><p>Zicam Cold Remedy Zinc Rapidmelts, Citrus Flavor, 25 Count (Pack of 1)</p><p> -21% 0FF </p><p>$10.30 ($0.41 / Count)</p><a href="https://www.amazon.com/dp/B000WAWN8K?tag=eloabder-20&linkCode=osi&th=1&psc=1">View Product</a></div><div class="product"><a href="https://www.amazon.com/dp/B08836KTVQ?tag=eloabder-20&linkCode=osi&th=1&psc=1"><img src="https://m.media-amazon.com/images/I/51kNMcIeJPL._SL500_.jpg" alt="Product Image"></a><p>Mucinex Fast-Max Cold and Flu & Nightshift Severe Cold and Flu Medicine for Adults, Over-the-Counter Medication Combo Pack for Sore Throat Relief, Decongestant, Cough & Cold Medicines, 2 x 6 Fl Oz</p><p> -17% 0FF </p><p>$18.65 ($1.55 / Fl Oz)</p><a href="https://www.amazon.com/dp/B08836KTVQ?tag=eloabder-20&linkCode=osi&th=1&psc=1">View Product</a></div><div class="product"><a href="https://www.amazon.com/dp/B01DZ0CN6A?tag=eloabder-20&linkCode=osi&th=1&psc=1"><img src="https://m.media-amazon.com/images/I/41DVIB8+QVL._SL500_.jpg" alt="Product Image"></a><p>Hyland's Baby Mucus and Cold Relief, Daytime Baby Cold Medicine, Infant Cold and Cough Remedy, Decongestant, 4 Fluid Ounce</p><p> -46% 0FF </p><p>$7.00 ($1.75 / Fl Oz)</p><a href="https://www.amazon.com/dp/B01DZ0CN6A?tag=eloabder-20&linkCode=osi&th=1&psc=1">View Product</a></div><div class="product"><a href="https://www.amazon.com/dp/B00L3LAK7S?tag=eloabder-20&linkCode=osi&th=1&psc=1"><img src="https://m.media-amazon.com/images/I/41acNMiAH7L._SL500_.jpg" alt="Product Image"></a><p>Hyland's Kids Cold & Cough, Day and Night Combo Pack, Cold Medicine for Ages 2+, Syrup Cough Medicine for Kids, Nasal Decongestant, Allergy Relief, 4 Fl Oz (Pack of 2)</p><p> -37% 0FF </p><p>$12.59 ($3.15 / Fl Oz)</p><a href="https://www.amazon.com/dp/B00L3LAK7S?tag=eloabder-20&linkCode=osi&th=1&psc=1">View Product</a></div><div class="product"><a href="https://www.amazon.com/dp/B08938GBKJ?tag=eloabder-20&linkCode=osi&th=1&psc=1"><img src="https://m.media-amazon.com/images/I/41T41ChZ9KL._SL500_.jpg" alt="Product Image"></a><p>Cold-EEZE Natural Cherry Zinc Lozenges, Homeopathic Cold Remedy, Reduces Duration of the Common Cold, Sore Throat, Cough, Congestion and Post Nasal Drip, 25 Count</p><p> -25% 0FF </p><p>$9.33 ($0.37 / Count)</p><a href="https://www.amazon.com/dp/B08938GBKJ?tag=eloabder-20&linkCode=osi&th=1&psc=1">View Product</a></div>

<div class="product"><a href="https://www.amazon.com/dp/B0012BNVE8?tag=eloabder-20&linkCode=osi&th=1&psc=1"><img src="https://m.media-amazon.com/images/I/51AbEqW79jL._SL500_.jpg" alt="Product Image"></a><p>Men's Rogaine 5% Minoxidil Topical Aerosol Hair Regrowth Treatment Foam, 3 Month Supply (Each Can 2.11 Ounce - 60 Gram)</p><p> -25% 0FF </p><p>$58.83 ($9.29 / Ounce)</p><a href="https://www.amazon.com/dp/B0012BNVE8?tag=eloabder-20&linkCode=osi&th=1&psc=1">View Product</a></div><div class="product"><a href="https://www.amazon.com/dp/B0000Y8H3S?tag=eloabder-20&linkCode=osi&th=1&psc=1"><img src="https://m.media-amazon.com/images/I/41HVx2izbyL._SL500_.jpg" alt="Product Image"></a><p>Men's Rogaine Extra Strength 5% Minoxidil Topical Solution for Thin Hair, Hair Loss Treatment to Regrow Fuller, Thicker Hair, 3-Month Supply, 3 x 2 fl. oz</p><p> -39% 0FF </p><p>$47.82 ($7.97 / Fl Oz)</p><a href="https://www.amazon.com/dp/B0000Y8H3S?tag=eloabder-20&linkCode=osi&th=1&psc=1">View Product</a></div><div class="product"><a href="https://www.amazon.com/dp/B00M6I5SMY?tag=eloabder-20&linkCode=osi&th=1&psc=1"><img src="https://m.media-amazon.com/images/I/415RcmGI84L._SL500_.jpg" alt="Product Image"></a><p>Rogaine 5% Minoxidil Foam, Topical Once-A-Day Hair Loss Treatment for Women to Regrow Fuller, Thicker Hair, Unscented, 2-Month Supply, 2.11 oz</p><p> -28% 0FF </p><p>$31.37 ($14.87 / Ounce)</p><a href="https://www.amazon.com/dp/B00M6I5SMY?tag=eloabder-20&linkCode=osi&th=1&psc=1">View Product</a></div><div class="product"><a href="https://www.amazon.com/dp/B0BVTD8JYP?tag=eloabder-20&linkCode=osi&th=1&psc=1"><img src="https://m.media-amazon.com/images/I/51j7YLVoqqL._SL500_.jpg" alt="Product Image"></a><p>5% Minoxidil Hair Growth for Men and Women - 60mL Hair Growth Serum - Minoxidil Spray for Hair and Beard Regrowth - Hair Loss treatment - 1 Month Supply</p><p> -24% 0FF </p><p>$12.99 ($6.50 / Fl Oz)</p><a href="https://www.amazon.com/dp/B0BVTD8JYP?tag=eloabder-20&linkCode=osi&th=1&psc=1">View Product</a></div><div class="product"><a href="https://www.amazon.com/dp/B0BWZTV1V7?tag=eloabder-20&linkCode=osi&th=1&psc=1"><img src="https://m.media-amazon.com/images/I/412B7e7oK+L._SL500_.jpg" alt="Product Image"></a><p>Nature's Bounty Hair Growth Supplement, 1 Per Day, Clinically Shown to Support Thicker, Fuller Hair, with Biotin, Silicon & Arginine, 30 Capsules</p><p> -6% 0FF </p><p>$16.98 ($0.57 / Count)</p><a href="https://www.amazon.com/dp/B0BWZTV1V7?tag=eloabder-20&linkCode=osi&th=1&psc=1">View Product</a></div>
<div class="product"><a href="https://www.amazon.com/dp/B00NNZRJ2G?tag=eloabder-20&linkCode=osi&th=1&psc=1"><img src="https://m.media-amazon.com/images/I/41YWG-0RKpL._SL500_.jpg" alt="Product Image"></a><p>OCuSOFT Lid Scrub Original Eyelid Cleanser - Pre-Moistened Eyelid Wipes for Mild to Moderate Conditions - Eyelid Cleanser to Clean, Comfort & Soothe Irritated Eyelids - 30 Count</p><p> -10% 0FF </p><p>$11.97 ($0.40 / Count)</p><a href="https://www.amazon.com/dp/B00NNZRJ2G?tag=eloabder-20&linkCode=osi&th=1&psc=1">View Product</a></div><div class="product"><a href="https://www.amazon.com/dp/B00DJUK8HS?tag=eloabder-20&linkCode=osi&th=1&psc=1"><img src="https://m.media-amazon.com/images/I/51oBE3IVUkL._SL500_.jpg" alt="Product Image"></a><p>PreserVision AREDS 2 Eye Vitamin & Mineral Supplement, Contains Lutein, Vitamin C, Zeaxanthin, Zinc & Vitamin E, 120 Softgels (Packaging May Vary)</p><p> -12% 0FF </p><p>$35.99 ($0.30 / Count)</p><a href="https://www.amazon.com/dp/B00DJUK8HS?tag=eloabder-20&linkCode=osi&th=1&psc=1">View Product</a></div><div class="product"><a href="https://www.amazon.com/dp/B00DJUK8IM?tag=eloabder-20&linkCode=osi&th=1&psc=1"><img src="https://m.media-amazon.com/images/I/51LPoH2nRnL._SL500_.jpg" alt="Product Image"></a><p>Ocuvite Eye Vitamin & Mineral Supplement, Contains Zinc, Vitamins C, E, Omega 3, Lutein, & Zeaxanthin, 90 Softgels (Packaging May Vary)</p><p> -19% 0FF </p><p>$23.47 ($0.26 / Count)</p><a href="https://www.amazon.com/dp/B00DJUK8IM?tag=eloabder-20&linkCode=osi&th=1&psc=1">View Product</a></div><div class="product"><a href="https://www.amazon.com/dp/B00JJPMXDO?tag=eloabder-20&linkCode=osi&th=1&psc=1"><img src="https://m.media-amazon.com/images/I/41xUbY21ojL._SL500_.jpg" alt="Product Image"></a><p>CeraVe Eye Repair Cream | Under Eye Cream For Puffiness And Bags Under Eyes | Hyaluronic Acid + Niacinamide + Marine Botanical Complex | Hydrating Eye Cream | Oil Free & Opthalmologist Tested</p><p> -28% 0FF </p><p>$14.44 ($28.88 / Ounce)</p><a href="https://www.amazon.com/dp/B00JJPMXDO?tag=eloabder-20&linkCode=osi&th=1&psc=1">View Product</a></div><div class="product"><a href="https://www.amazon.com/dp/B00008BRR8?tag=eloabder-20&linkCode=osi&th=1&psc=1"><img src="https://m.media-amazon.com/images/I/41RscSZokiL._SL500_.jpg" alt="Product Image"></a><p>Refresh Tears, Lubricant Eye Drops, 2 Bottles .5 fl oz (15 ml)</p><p> -7% 0FF </p><p>$14.68</p><a href="https://www.amazon.com/dp/B00008BRR8?tag=eloabder-20&linkCode=osi&th=1&psc=1">View Product</a></div><div class="product"><a href="https://www.amazon.com/dp/B0B45LL4DD?tag=eloabder-20&linkCode=osi&th=1&psc=1"><img src="https://m.media-amazon.com/images/I/31ZNIWikbtL._SL500_.jpg" alt="Product Image"></a><p>Beauty of Joseon Revive Eye Serum with Retinal Niacinamide Correction for Puffy Eye Bags Fine Lines Dark Circles Wrinkles, Korean Skin Care 30ml, 1 fl.oz</p><p> -12% 0FF </p><p>$14.50 ($14.50 / Fl Oz)</p><a href="https://www.amazon.com/dp/B0B45LL4DD?tag=eloabder-20&linkCode=osi&th=1&psc=1">View Product</a></div><div class="product"><a href="https://www.amazon.com/dp/B07BVYZL88?tag=eloabder-20&linkCode=osi&th=1&psc=1"><img src="https://m.media-amazon.com/images/I/41Nyltw77SL._SL500_.jpg" alt="Product Image"></a><p>LUMIFY Redness Reliever Eye Drops 0.25 Ounce (7.5mL)</p><p> -9% 0FF </p><p>$19.99 ($79.01 / Fl Oz)</p><a href="https://www.amazon.com/dp/B07BVYZL88?tag=eloabder-20&linkCode=osi&th=1&psc=1">View Product</a></div>
<div class="product"><a href="https://www.amazon.com/dp/B072N7WNTK?tag=eloabder-20&linkCode=osi&th=1&psc=1"><img src="https://m.media-amazon.com/images/I/4109e6u0vfL._SL500_.jpg" alt="Product Image"></a><p>Renu Contact Lens Solution Multipurpose Disinfectant, Advanced Formula Lens Cleaner, Cleans & Moisturizes Soft & Silicon Hydrogel Lenses, 12 Fl Oz</p><p> -5% 0FF </p><p>$8.58 ($0.72 / Fl Oz)</p><a href="https://www.amazon.com/dp/B072N7WNTK?tag=eloabder-20&linkCode=osi&th=1&psc=1">View Product</a></div><div class="product"><a href="https://www.amazon.com/dp/B010GD3NUY?tag=eloabder-20&linkCode=osi&th=1&psc=1"><img src="https://m.media-amazon.com/images/I/51J4K0ac2IL._SL500_.jpg" alt="Product Image"></a><p>Clear Care Plus Cleaning Solution with Lens Case, Twin Pack, Multi, 12 Oz, Pack of 2</p><p> -18% 0FF </p><p>$17.98 ($0.75 / Fl Oz)</p><a href="https://www.amazon.com/dp/B010GD3NUY?tag=eloabder-20&linkCode=osi&th=1&psc=1">View Product</a></div>
<div class="product"><a href="https://www.amazon.com/dp/B09XW9LBLF?tag=eloabder-20&linkCode=osi&th=1&psc=1"><img src="https://m.media-amazon.com/images/I/51n47pJYTJL._SL500_.jpg" alt="Product Image"></a><p>Arm & Hammer Simply Saline Daily Care Nasal Mist 4.4oz, Saline Nasal Spray, Drug-Free, 3-Pack</p><p> -28% 0FF </p><p>$13.67 ($1.04 / Ounce)</p><a href="https://www.amazon.com/dp/B09XW9LBLF?tag=eloabder-20&linkCode=osi&th=1&psc=1">View Product</a></div><div class="product"><a href="https://www.amazon.com/dp/B073MY31H6?tag=eloabder-20&linkCode=osi&th=1&psc=1"><img src="https://m.media-amazon.com/images/I/51pzJS3WS1L._SL500_.jpg" alt="Product Image"></a><p>Vicks Sinex SEVERE Nasal Spray, Original Ultra Fine Mist, Decongestant Medicine, Relief from Stuffy Nose due to Cold or Allergy, & Nasal Congestion, Sinus Pressure Relief, 265 Sprays x 2</p><p> -14% 0FF </p><p>$14.97</p><a href="https://www.amazon.com/dp/B073MY31H6?tag=eloabder-20&linkCode=osi&th=1&psc=1">View Product</a></div><div class="product"><a href="https://www.amazon.com/dp/B08R2SRN88?tag=eloabder-20&linkCode=osi&th=1&psc=1"><img src="https://m.media-amazon.com/images/I/51psI6ed71L._SL500_.jpg" alt="Product Image"></a><p>KIRKLAND SIGNATURE Aller-Flo Fluticasone Propionate (Glucorticoid) 5 Bottles x 120 Metered Sprays 0.54 Fl OZ per Bottle (15.8 mL x 5) 2.70 OZ Total (79 mL Total) 600 Total Sprays Total, 1-Pack</p><p> -24% 0FF </p><p>$27.35 ($10.13 / Fl Oz)</p><a href="https://www.amazon.com/dp/B08R2SRN88?tag=eloabder-20&linkCode=osi&th=1&psc=1">View Product</a></div><div class="product"><a href="https://www.amazon.com/dp/B000M4W2E6?tag=eloabder-20&linkCode=osi&th=1&psc=1"><img src="https://m.media-amazon.com/images/I/41ThKOpdtsL._SL500_.jpg" alt="Product Image"></a><p>Xlear Nasal Spray with Xylitol, 1.5 fl oz (Pack of 1)</p><p> -6% 0FF </p><p>$11.79 ($7.86 / Fl Oz)</p><a href="https://www.amazon.com/dp/B000M4W2E6?tag=eloabder-20&linkCode=osi&th=1&psc=1">View Product</a></div><div class="product"><a href="https://www.amazon.com/dp/B07PDJ138X?tag=eloabder-20&linkCode=osi&th=1&psc=1"><img src="https://m.media-amazon.com/images/I/51ZjUYn3qjL._SL500_.jpg" alt="Product Image"></a><p>FamilyCare Nasal Relief Spray, Pump Mist, Anti-drip, Severe Congestion, (Oxymetazoline HCI) 12 Hours, 3 Pack</p><p> -39% 0FF </p><p>$7.34 ($4.89 / Fl Oz)</p><a href="https://www.amazon.com/dp/B07PDJ138X?tag=eloabder-20&linkCode=osi&th=1&psc=1">View Product</a></div>
<div class="product"><a href="https://www.amazon.com/dp/B013IJPTFK?tag=eloabder-20&linkCode=osi&th=1&psc=1"><img src="https://m.media-amazon.com/images/I/41xvjpmyhUL._SL500_.jpg" alt="Product Image"></a><p>Pure Enrichment MistAire Ultrasonic Cool Mist Humidifier - Quiet Air Humidifier for Bedroom, Nursery, Office, & Indoor Plants - Lasts Up To 25 Hours</p><p> -20% 0FF </p><p>$39.99</p><a href="https://www.amazon.com/dp/B013IJPTFK?tag=eloabder-20&linkCode=osi&th=1&psc=1">View Product</a></div><div class="product"><a href="https://www.amazon.com/dp/B00F8MJXMG?tag=eloabder-20&linkCode=osi&th=1&psc=1"><img src="https://m.media-amazon.com/images/I/31JYco8Dz4L._SL500_.jpg" alt="Product Image"></a><p>Vicks Filter-Free Ultrasonic Humidifier. #1 Brand Recommended by Pediatricians*. 1.2 Gal Ultrasonic cool mist humidifier for medium to large Bedrooms, Kids Rooms, and More. Use with Vicks VapoPads.</p><p> -13% 0FF </p><p>$56.45</p><a href="https://www.amazon.com/dp/B00F8MJXMG?tag=eloabder-20&linkCode=osi&th=1&psc=1">View Product</a></div><div class="product"><a href="https://www.amazon.com/dp/B01MR4Y0CZ?tag=eloabder-20&linkCode=osi&th=1&psc=1"><img src="https://m.media-amazon.com/images/I/31FL7raWviL._SL500_.jpg" alt="Product Image"></a><p>ASAKUKI 500ml Premium, Essential Oil Diffuser with Remote Control, 5 in 1 Ultrasonic Aromatherapy Fragrant Oil Humidifier Vaporizer, Timer and Auto-Off Safety Switch Brown</p><p> -41% 0FF </p><p>$21.23</p><a href="https://www.amazon.com/dp/B01MR4Y0CZ?tag=eloabder-20&linkCode=osi&th=1&psc=1">View Product</a></div><div class="product"><a href="https://www.amazon.com/dp/B001FWXKTA?tag=eloabder-20&linkCode=osi&th=1&psc=1"><img src="https://m.media-amazon.com/images/I/31Rb8V-nAVL._SL500_.jpg" alt="Product Image"></a><p>Vicks Warm Mist Humidifier Small to Large Room for Baby, Kids and Adults, 1 Gallon Tank</p><p> -5% 0FF </p><p>$40.99</p><a href="https://www.amazon.com/dp/B001FWXKTA?tag=eloabder-20&linkCode=osi&th=1&psc=1">View Product</a></div><div class="product"><a href="https://www.amazon.com/dp/B07C683MBH?tag=eloabder-20&linkCode=osi&th=1&psc=1"><img src="https://m.media-amazon.com/images/I/31PvUTEoMCL._SL500_.jpg" alt="Product Image"></a><p>HealthSmart Essential Oil Diffuser, Cool Mist Humidifier and Aromatherapy Diffuser, FSA HSA Eligible with 500ML Tank for Large Rooms, Adjustable Timer, Mist Mode and 7 LED Light Colors, White</p><p> -47% 0FF </p><p>$25.49</p><a href="https://www.amazon.com/dp/B07C683MBH?tag=eloabder-20&linkCode=osi&th=1&psc=1">View Product</a></div><div class="product"><a href="https://www.amazon.com/dp/B01NBHQDNI?tag=eloabder-20&linkCode=osi&th=1&psc=1"><img src="https://m.media-amazon.com/images/I/41NnU7iAezL._SL500_.jpg" alt="Product Image"></a><p>Crane EE-5202 Inhaler & Warm Mist Humidifier, 0.5 Gallon, Blue & White</p><p> -24% 0FF </p><p>$45.49</p><a href="https://www.amazon.com/dp/B01NBHQDNI?tag=eloabder-20&linkCode=osi&th=1&psc=1">View Product</a></div><div class="product"><a href="https://www.amazon.com/dp/B073WJ5M1B?tag=eloabder-20&linkCode=osi&th=1&psc=1"><img src="https://m.media-amazon.com/images/I/41mWTAIAAiL._SL500_.jpg" alt="Product Image"></a><p>Pure Enrichment MistAire Silver Ultrasonic Cool Mist Humidifier for Bedroom, Office, Nursery & Indoor Plants - Lasts Up to 25 Hours, Whisper-Quiet Operation, Optional Night Light, & Auto Shut-Off</p><p> -20% 0FF </p><p>$39.99</p><a href="https://www.amazon.com/dp/B073WJ5M1B?tag=eloabder-20&linkCode=osi&th=1&psc=1">View Product</a></div>
<div class="product"><a href="https://www.amazon.com/dp/B086W2L7LZ?tag=eloabder-20&linkCode=osi&th=1&psc=1"><img src="https://m.media-amazon.com/images/I/41wQEdZ+aNL._SL500_.jpg" alt="Product Image"></a><p>MERIDIAN Body Hair Trimmer for Men, Bikini Trimmer for Women, Ball Trimmer Men, Pubic Hair, No Nick, No Cut, No Razor Burn, Groin and Body Shaver - Waterproof & Rechargeable Body Groomer - Sage</p><p> -33% 0FF </p><p>$49.99 ($49.99 / Count)</p><a href="https://www.amazon.com/dp/B086W2L7LZ?tag=eloabder-20&linkCode=osi&th=1&psc=1">View Product</a></div><div class="product"><a href="https://www.amazon.com/dp/B09QDRJ8ZX?tag=eloabder-20&linkCode=osi&th=1&psc=1"><img src="https://m.media-amazon.com/images/I/41jcrP+03XL._SL500_.jpg" alt="Product Image"></a><p>Finishing Touch Flawless Bikini Shaver and Trimmer Hair Remover for Women, Dry Use Electric Razor, Personal Groomer for Intimate Ladies Shaving, No Bump, Smooth Shave</p><p> -16% 0FF </p><p>$16.82</p><a href="https://www.amazon.com/dp/B09QDRJ8ZX?tag=eloabder-20&linkCode=osi&th=1&psc=1">View Product</a></div><div class="product"><a href="https://www.amazon.com/dp/B07HXK5J58?tag=eloabder-20&linkCode=osi&th=1&psc=1"><img src="https://m.media-amazon.com/images/I/31S-GgYdFYL._SL500_.jpg" alt="Product Image"></a><p>Wahl Lithium Pen Detail Trimmer with Interchangeable Heads for Nose, Ear, Neckline, Eyebrow, & Other Detailing – Rinseable Blades for Hygienic Grooming & Easy Cleaning – Blue – Model 5643-400</p><p> -13% 0FF </p><p>$13.04</p><a href="https://www.amazon.com/dp/B07HXK5J58?tag=eloabder-20&linkCode=osi&th=1&psc=1">View Product</a></div>
<div class="product"><a href="https://www.amazon.com/dp/B00006IVEN?tag=eloabder-20&linkCode=osi&th=1&psc=1"><img src="https://m.media-amazon.com/images/I/51xyn7u5V1L._SL500_.jpg" alt="Product Image"></a><p>Wahl Clipper USA Color Pro Complete Haircutting Kit with Easy Color Coded Guide Combs - Corded Clipper for Hair clipping & Grooming Men, Women, & Children - Model 79300-1001M</p><p> -25% 0FF </p><p>$29.99</p><a href="https://www.amazon.com/dp/B00006IVEN?tag=eloabder-20&linkCode=osi&th=1&psc=1">View Product</a></div><div class="product"><a href="https://www.amazon.com/dp/B0CRSZ9F1Y?tag=eloabder-20&linkCode=osi&th=1&psc=1"><img src="https://m.media-amazon.com/images/I/412g4VU8wDL._SL500_.jpg" alt="Product Image"></a><p>Ufree Hair Clippers for Men, Professional Clippers and Trimmers Set, Cordless Clippers for Hair Cutting, Beard Trimmer, Barber Clippers, Rechargeable Electric Shaver, Gifts for Men</p><p> -17% 0FF </p><p>$29.99</p><a href="https://www.amazon.com/dp/B0CRSZ9F1Y?tag=eloabder-20&linkCode=osi&th=1&psc=1">View Product</a></div><div class="product"><a href="https://www.amazon.com/dp/B0D1C9D1RC?tag=eloabder-20&linkCode=osi&th=1&psc=1"><img src="https://m.media-amazon.com/images/I/51seCL0pKkL._SL500_.jpg" alt="Product Image"></a><p>Jack & Rose Cordless Hair Clippers, Mens Hair Clippers, Wireless Clippers for Men, Barber kit Professional Clippers for Men</p><p> -40% 0FF </p><p>$29.99</p><a href="https://www.amazon.com/dp/B0D1C9D1RC?tag=eloabder-20&linkCode=osi&th=1&psc=1">View Product</a></div><div class="product"><a href="https://www.amazon.com/dp/B0D45VM3V8?tag=eloabder-20&linkCode=osi&th=1&psc=1"><img src="https://m.media-amazon.com/images/I/51QKYshKrXL._SL500_.jpg" alt="Product Image"></a><p>VGRPRO Hair Clippers for Men, Professional Cordless Hair Clippers and Trimmer Set, 4 in 1 Mens Beard Trimmer and Nose Ear Trimmer with Package Box</p><p> -29% 0FF </p><p>$49.99</p><a href="https://www.amazon.com/dp/B0D45VM3V8?tag=eloabder-20&linkCode=osi&th=1&psc=1">View Product</a></div>
<div class="product"><a href="https://www.amazon.com/dp/B0CZ4D2BXK?tag=eloabder-20&linkCode=osi&th=1&psc=1"><img src="https://m.media-amazon.com/images/I/61K04euiQlL._SL500_.jpg" alt="Product Image"></a><p>Electric Razor for Men, SHPAVVER Electric Shaver for Men, Rechargeable Wet Dry Shaver with Pop Up Trimmer, Waterproof Cordless Portable Razor</p><p> -15% 0FF </p><p>$21.24 ($21.24 / Count)</p><a href="https://www.amazon.com/dp/B0CZ4D2BXK?tag=eloabder-20&linkCode=osi&th=1&psc=1">View Product</a></div><div class="product"><a href="https://www.amazon.com/dp/B0115I2DRI?tag=eloabder-20&linkCode=osi&th=1&psc=1"><img src="https://m.media-amazon.com/images/I/51teVsMVjiL._SL500_.jpg" alt="Product Image"></a><p>Braun Electric Series 3 Razor with Precision Trimmer, Rechargeable, Wet & Dry Foil Shaver for Men, Blue/Black, 4 Piece</p><p> -25% 0FF </p><p>$59.99</p><a href="https://www.amazon.com/dp/B0115I2DRI?tag=eloabder-20&linkCode=osi&th=1&psc=1">View Product</a></div><div class="product"><a href="https://www.amazon.com/dp/B01M31O317?tag=eloabder-20&linkCode=osi&th=1&psc=1"><img src="https://m.media-amazon.com/images/I/41OAg4SbATL._SL500_.jpg" alt="Product Image"></a><p>Braun Electric Razor for Men, Series 3 310s Electric Foil Shaver, Rechargeable, Wet & Dry</p><p> -27% 0FF </p><p>$39.94</p><a href="https://www.amazon.com/dp/B01M31O317?tag=eloabder-20&linkCode=osi&th=1&psc=1">View Product</a></div><div class="product"><a href="https://www.amazon.com/dp/B00BB5YHEI?tag=eloabder-20&linkCode=osi&th=1&psc=1"><img src="https://m.media-amazon.com/images/I/4119p-23FFL._SL500_.jpg" alt="Product Image"></a><p>Remington Foil Shaver, Electric Razor for Men, Cordless Rechargeable with Pop Up Trimmer, Pivot & FlexFoil Technology, Lightweight Handheld Design, Black</p><p> -25% 0FF </p><p>$44.97</p><a href="https://www.amazon.com/dp/B00BB5YHEI?tag=eloabder-20&linkCode=osi&th=1&psc=1">View Product</a></div><div class="product"><a href="https://www.amazon.com/dp/B0CRMR45S2?tag=eloabder-20&linkCode=osi&th=1&psc=1"><img src="https://m.media-amazon.com/images/I/41onMcdpgCL._SL500_.jpg" alt="Product Image"></a><p>Braun Electric Shaver for Men, Series 5 5150cs, Wet & Dry Shave, Turbo Shaving Mode, Foil Shaver, with Beard Trimmer, Body Groomer and Charging Stand, Blue</p><p> -10% 0FF </p><p>$89.94</p><a href="https://www.amazon.com/dp/B0CRMR45S2?tag=eloabder-20&linkCode=osi&th=1&psc=1">View Product</a></div>
<div class="product"><a href="https://www.amazon.com/dp/B00LE99PA2?tag=eloabder-20&linkCode=osi&th=1&psc=1"><img src="https://m.media-amazon.com/images/I/518ViTgYdGL._SL500_.jpg" alt="Product Image"></a><p>Amopé Pedi Perfect Electric Callus Remover Foot File w/ Diamond Crystals, Pedicure Tool for Feet, Removes Hard & Dead Skin, Feet Scrubber & Buffer, Splashproof, w/ Extra Coarse Roller Head, 1 Count</p><p> -32% 0FF </p><p>$20.49</p><a href="https://www.amazon.com/dp/B00LE99PA2?tag=eloabder-20&linkCode=osi&th=1&psc=1">View Product</a></div><div class="product"><a href="https://www.amazon.com/dp/B07HRYCWQZ?tag=eloabder-20&linkCode=osi&th=1&psc=1"><img src="https://m.media-amazon.com/images/I/41foQatg2ZL._SL500_.jpg" alt="Product Image"></a><p>Extra Strength Callus Remover for Feet - Callus Remover Gel Foot Scrubber for Dead Skin - Professional Pedicure Foot Spa Essential, 6oz</p><p> -40% 0FF </p><p>$8.95</p><a href="https://www.amazon.com/dp/B07HRYCWQZ?tag=eloabder-20&linkCode=osi&th=1&psc=1">View Product</a></div><div class="product"><a href="https://www.amazon.com/dp/B01NCMJPOQ?tag=eloabder-20&linkCode=osi&th=1&psc=1"><img src="https://m.media-amazon.com/images/I/31lxdO7tvoL._SL500_.jpg" alt="Product Image"></a><p>Lee Beauty Professional Callus Remover for Feet - Original, Powerful Formulation - Extra Strength Gel, Home Pedicure Foot Spa Results - Cracked & Dead Dry Skin Supplies - 8 Oz</p><p> -21% 0FF </p><p>$14.99 ($1.87 / Ounce)</p><a href="https://www.amazon.com/dp/B01NCMJPOQ?tag=eloabder-20&linkCode=osi&th=1&psc=1">View Product</a></div>
<div class="product"><a href="https://www.amazon.com/dp/B0B3GCCRVH?tag=eloabder-20&linkCode=osi&th=1&psc=1"><img src="https://m.media-amazon.com/images/I/41EdCdrw-AL._SL500_.jpg" alt="Product Image"></a><p>CeraVe Skin Renewing Eye Cream For Wrinkles | Under Eye Cream With Peptides + Caffeine + Niacinamide | Anti Aging Eye Cream For Wrinkles & Crows Feet | Paraben Free & Opthalmologist Tested</p><p> -16% 0FF </p><p>$18.49 ($36.98 / Ounce)</p><a href="https://www.amazon.com/dp/B0B3GCCRVH?tag=eloabder-20&linkCode=osi&th=1&psc=1">View Product</a></div><div class="product"><a href="https://www.amazon.com/dp/B0009RFB76?tag=eloabder-20&linkCode=osi&th=1&psc=1"><img src="https://m.media-amazon.com/images/I/31tA7bKP49L._SL500_.jpg" alt="Product Image"></a><p>RoC Retinol Correxion Under Eye Cream for Dark Circles & Puffiness, Daily Wrinkle Cream, Anti Aging Line Smoothing Skin Care Treatment for Women and Men, 0.5 oz (Packaging May Vary)</p><p> -37% 0FF </p><p>$18.76 ($37.52 / Fl Oz)</p><a href="https://www.amazon.com/dp/B0009RFB76?tag=eloabder-20&linkCode=osi&th=1&psc=1">View Product</a></div><div class="product"><a href="https://www.amazon.com/dp/B00005333I?tag=eloabder-20&linkCode=osi&th=1&psc=1"><img src="https://m.media-amazon.com/images/I/31webfO63dL._SL500_.jpg" alt="Product Image"></a><p>L'Oreal Paris Dermo-Expertise Eye Defense Eye Cream with Caffeine and Hyaluronic Acid 0.5 oz</p><p> -23% 0FF </p><p>$12.27 ($24.54 / Ounce)</p><a href="https://www.amazon.com/dp/B00005333I?tag=eloabder-20&linkCode=osi&th=1&psc=1">View Product</a></div><div class="product"><a href="https://www.amazon.com/dp/B000KOLXKM?tag=eloabder-20&linkCode=osi&th=1&psc=1"><img src="https://m.media-amazon.com/images/I/31AyRPc8dQL._SL500_.jpg" alt="Product Image"></a><p>L'Oreal Paris Skincare Revitalift Anti-Wrinkle and Firming Eye Cream with Pro Retinol, Treatment to Reduce Dark Circles, Fragrance Free, 0.5 oz.</p><p> -31% 0FF </p><p>$13.72 ($27.44 / Ounce)</p><a href="https://www.amazon.com/dp/B000KOLXKM?tag=eloabder-20&linkCode=osi&th=1&psc=1">View Product</a></div><div class="product"><a href="https://www.amazon.com/dp/B008CT12G2?tag=eloabder-20&linkCode=osi&th=1&psc=1"><img src="https://m.media-amazon.com/images/I/418TuUptrmL._SL500_.jpg" alt="Product Image"></a><p>L'Oreal Paris Revitalift Triple Power Anti-Aging Eye Cream Treatment, with Pro Retinol, Hyaluronic Acid & Vitamin C to Reduce Wrinkles, De-puff and Brighten Skin, 0.5 fl. oz.</p><p> -38% 0FF </p><p>$18.03 ($36.06 / Fl Oz)</p><a href="https://www.amazon.com/dp/B008CT12G2?tag=eloabder-20&linkCode=osi&th=1&psc=1">View Product</a></div>


<div class="product"><a href="https://www.amazon.com/dp/B06ZZ3PJQD?tag=eloabder-20&linkCode=osi&th=1&psc=1"><img src="https://m.media-amazon.com/images/I/41iB36grf+L._SL500_.jpg" alt="Product Image"></a><p>Premier Protein Powder, Vanilla Milkshake, 30g Protein, 1g Sugar, 100% Whey Protein, Keto Friendly, No Soy Ingredients, Gluten Free, 17 Servings, 23.3 Ounces</p><p> -5% 0FF </p><p>$22.69 ($0.97 / Ounce)</p><a href="https://www.amazon.com/dp/B06ZZ3PJQD?tag=eloabder-20&linkCode=osi&th=1&psc=1">View Product</a></div><div class="product"><a href="https://www.amazon.com/dp/B00K0FTJ1Q?tag=eloabder-20&linkCode=osi&th=1&psc=1"><img src="https://m.media-amazon.com/images/I/41lj-2jQP7L._SL500_.jpg" alt="Product Image"></a><p>Purely Inspired Plant-Based Protein Powder for Men & Women, Creamy French Vanilla (16 Servings) - Vegan & Organic - 20g of Pea Protein Powder for Smoothies & Shakes - Dairy-Free, & Gluten-Free</p><p> -10% 0FF </p><p>$17.97 ($0.90 / Ounce)</p><a href="https://www.amazon.com/dp/B00K0FTJ1Q?tag=eloabder-20&linkCode=osi&th=1&psc=1">View Product</a></div>

<div class="product"><a href="https://www.amazon.com/dp/B0CV9JW4DS?tag=eloabder-20&linkCode=osi&th=1&psc=1"><img src="https://m.media-amazon.com/images/I/51L8z3xzNsL._SL500_.jpg" alt="Product Image"></a><p>Zoyava Dynamic Vitality Bundle - Sea Moss 7000mg, Black Seed Oil 4000mg, Ashwagandha 2000mg, Ginger & Shilajit 9000mg, Rhodiola Rosea 1000mg, Panax Ginseng 1500mg, All in 1 Supplements (60 Count)</p><p> -26% 0FF </p><p>$41.49 ($0.35 / Count)</p><a href="https://www.amazon.com/dp/B0CV9JW4DS?tag=eloabder-20&linkCode=osi&th=1&psc=1">View Product</a></div><div class="product"><a href="https://www.amazon.com/dp/B0BHFCW4C5?tag=eloabder-20&linkCode=osi&th=1&psc=1"><img src="https://m.media-amazon.com/images/I/41fohn0IzqL._SL500_.jpg" alt="Product Image"></a><p>Clean Nutraceuticals Ceylon Cinnamon 3000mg Turmeric 3000mg Apple Cider Vinegar 3000mg Ginseng 2000mg Berberine 1200mg Plus Bitter Melon Gymnema Milk Thistle Fenugreek</p><p> -25% 0FF </p><p>$29.95 ($0.50 / Count)</p><a href="https://www.amazon.com/dp/B0BHFCW4C5?tag=eloabder-20&linkCode=osi&th=1&psc=1">View Product</a></div><div class="product"><a href="https://www.amazon.com/dp/B079JX3FMC?tag=eloabder-20&linkCode=osi&th=1&psc=1"><img src="https://m.media-amazon.com/images/I/41a2YMmAOdL._SL500_.jpg" alt="Product Image"></a><p>Bronson Milk Thistle Silymarin Marianum & Dandelion Root Liver Health Support, Antioxidant Support, Detox, 120 Capsules</p><p> -33% 0FF </p><p>$9.99 ($0.08 / Count)</p><a href="https://www.amazon.com/dp/B079JX3FMC?tag=eloabder-20&linkCode=osi&th=1&psc=1">View Product</a></div><div class="product"><a href="https://www.amazon.com/dp/B01NCUJPBF?tag=eloabder-20&linkCode=osi&th=1&psc=1"><img src="https://m.media-amazon.com/images/I/418t59tc2oL._SL500_.jpg" alt="Product Image"></a><p>Liver Cleanse Detox & Repair Formula - Herbal Liver Support Supplement with Milk Thistle Turmeric Dandelion Root & Artichoke Extract for Liver Health - Silymarin Milk Thistle Liver Detox Capsules</p><p> -9% 0FF </p><p>$22.77 ($0.33 / Count)</p><a href="https://www.amazon.com/dp/B01NCUJPBF?tag=eloabder-20&linkCode=osi&th=1&psc=1">View Product</a></div><div class="product"><a href="https://www.amazon.com/dp/B09ZBC7DNT?tag=eloabder-20&linkCode=osi&th=1&psc=1"><img src="https://m.media-amazon.com/images/I/51X7ID-lCkL._SL500_.jpg" alt="Product Image"></a><p>10 in 1 High Strength Mushroom Supplement 9,700MG - Lions Mane, Cordyceps, Reishi - Brain Supplements for Memory and Focus ** 5-Month Supply</p><p> -15% 0FF </p><p>$16.99 ($0.11 / Count)</p><a href="https://www.amazon.com/dp/B09ZBC7DNT?tag=eloabder-20&linkCode=osi&th=1&psc=1">View Product</a></div>




<div class="product"><a href="https://www.amazon.com/dp/B09RQBHRCT?tag=eloabder-20&linkCode=osi&th=1&psc=1"><img src="https://m.media-amazon.com/images/I/41Cf0KUSNaL._SL500_.jpg" alt="Product Image"></a><p>Vital Proteins Collagen Peptides Powder, Promotes Hair, Nail, Skin, Bone and Joint Health, Zero Sugar, Unflavored 9.33 OZ</p><p> -21% 0FF </p><p>$21.45 ($2.30 / Ounce)</p><a href="https://www.amazon.com/dp/B09RQBHRCT?tag=eloabder-20&linkCode=osi&th=1&psc=1">View Product</a></div><div class="product"><a href="https://www.amazon.com/dp/B006VAZYNG?tag=eloabder-20&linkCode=osi&th=1&psc=1"><img src="https://m.media-amazon.com/images/I/41Zc2u0aSPL._SL500_.jpg" alt="Product Image"></a><p>Youtheory Advanced Collagen - 6,000 mg Collagen - with Vitamin C - for Hair, Skin & Nails* - Collagen Supplements for Women and Men - 290 Tablets</p><p> -27% 0FF </p><p>$16.71 ($0.06 / Count)</p><a href="https://www.amazon.com/dp/B006VAZYNG?tag=eloabder-20&linkCode=osi&th=1&psc=1">View Product</a></div><div class="product"><a href="https://www.amazon.com/dp/B01LXADO9Z?tag=eloabder-20&linkCode=osi&th=1&psc=1"><img src="https://m.media-amazon.com/images/I/41hb9KFlioL._SL500_.jpg" alt="Product Image"></a><p>Ancient Nutrition Collagen Powder Protein with Probiotics, Unflavored Multi Collagen Protein with Vitamin C, 45 Servings, Hydrolyzed Collagen Peptides Supports Skin and Nails, Gut Health, 16oz</p><p> -32% 0FF </p><p>$36.00 ($2.25 / Ounce)</p><a href="https://www.amazon.com/dp/B01LXADO9Z?tag=eloabder-20&linkCode=osi&th=1&psc=1">View Product</a></div><div class="product"><a href="https://www.amazon.com/dp/B08FNKSPD2?tag=eloabder-20&linkCode=osi&th=1&psc=1"><img src="https://m.media-amazon.com/images/I/41IT1q7jWKL._SL500_.jpg" alt="Product Image"></a><p>Nature Made Collagen Gummies with Vitamin C, Zinc and Biotin, Hydrolyzed Collagen Peptides Supplement for Healthy Skin Support, 60 Gummies, 60 Day Supply</p><p> -31% 0FF </p><p>$10.99 ($0.18 / Count)</p><a href="https://www.amazon.com/dp/B08FNKSPD2?tag=eloabder-20&linkCode=osi&th=1&psc=1">View Product</a></div>
<div class="product"><a href="https://www.amazon.com/dp/B07JMHNP9F?tag=eloabder-20&linkCode=osi&th=1&psc=1"><img src="https://m.media-amazon.com/images/I/51LdUja0NTL._SL500_.jpg" alt="Product Image"></a><p>Prebiotics for Advanced Gut Health - Immune System Support & Dietary Fiber - Fuels Good Bacteria Growth to Promote Digestive Health - Gas & Digestion Support - Probiotics for Men & Women - 60 Capsules</p><p> -29% 0FF </p><p>$19.97 ($0.33 / Count)</p><a href="https://www.amazon.com/dp/B07JMHNP9F?tag=eloabder-20&linkCode=osi&th=1&psc=1">View Product</a></div><div class="product"><a href="https://www.amazon.com/dp/B0BRTJ7BJ1?tag=eloabder-20&linkCode=osi&th=1&psc=1"><img src="https://m.media-amazon.com/images/I/51JFiTJs6ZL._SL500_.jpg" alt="Product Image"></a><p>Physician's CHOICE Prebiotic-Probiotic - Multi-Strain Probiotics & Synergistic Prebiotics -Designed for Digestive Health, Supporting Gut Microbiome - Powerful PrePro for Gut Health - for Women & Men</p><p> -15% 0FF </p><p>$16.97 ($0.57 / Count)</p><a href="https://www.amazon.com/dp/B0BRTJ7BJ1?tag=eloabder-20&linkCode=osi&th=1&psc=1">View Product</a></div><div class="product"><a href="https://www.amazon.com/dp/B07VYMQF6M?tag=eloabder-20&linkCode=osi&th=1&psc=1"><img src="https://m.media-amazon.com/images/I/51Y0hMBp3NL._SL500_.jpg" alt="Product Image"></a><p>Prebiotics and Probiotic with Whole Food Enzymes for Adults Women & Men - Probiotics Lactobacillus Acidophilus - Digestive Health Capsules Shelf Stable Supplement - Non-GMO Gluten & Dairy Free -30ct</p><p> -20% 0FF </p><p>$19.97 ($0.67 / Count)</p><a href="https://www.amazon.com/dp/B07VYMQF6M?tag=eloabder-20&linkCode=osi&th=1&psc=1">View Product</a></div>
<div class="product"><a href="https://www.amazon.com/dp/B00RH5K26I?tag=eloabder-20&linkCode=osi&th=1&psc=1"><img src="https://m.media-amazon.com/images/I/41cP90ySbpL._SL500_.jpg" alt="Product Image"></a><p>Zenwise Health Digestive Enzymes - Probiotic Multi Enzymes with Probiotics and Prebiotics for Digestive Health and Bloating Relief for Women and Men, Daily Enzymes for Gut and Digestion - 180 Count</p><p> -11% 0FF </p><p>$39.97 ($0.22 / Count)</p><a href="https://www.amazon.com/dp/B00RH5K26I?tag=eloabder-20&linkCode=osi&th=1&psc=1">View Product</a></div><div class="product"><a href="https://www.amazon.com/dp/B0009EXOTQ?tag=eloabder-20&linkCode=osi&th=1&psc=1"><img src="https://m.media-amazon.com/images/I/31XrgidcsbL._SL500_.jpg" alt="Product Image"></a><p>Source Naturals Essential Enzymes 500mg Bio-Aligned Multiple Enzyme Supplement Herbal Defense for Digestion, Gas, Constipation & Bloating Relief - Supports Immune System - 240 Capsules</p><p> -9% 0FF </p><p>$19.95 ($0.08 / Count)</p><a href="https://www.amazon.com/dp/B0009EXOTQ?tag=eloabder-20&linkCode=osi&th=1&psc=1">View Product</a></div><div class="product"><a href="https://www.amazon.com/dp/B0012QMAHM?tag=eloabder-20&linkCode=osi&th=1&psc=1"><img src="https://m.media-amazon.com/images/I/41DLWhEdXTL._SL500_.jpg" alt="Product Image"></a><p>Enzymedica Digest Gold + ATPro, Maximum Strength Digestive Enzymes, Helps Digest Large Meals for Instant Bloating Relief, 45 Count</p><p> -18% 0FF </p><p>$24.74 ($0.55 / Count)</p><a href="https://www.amazon.com/dp/B0012QMAHM?tag=eloabder-20&linkCode=osi&th=1&psc=1">View Product</a></div>

<div class="product"><a href="https://www.amazon.com/dp/B0B1VRCJ2Z?tag=eloabder-20&linkCode=osi&th=1&psc=1"><img src="https://m.media-amazon.com/images/I/31rFUBNNRlL._SL500_.jpg" alt="Product Image"></a><p>Health by Habit Energy Supplement (60 Capsules) - Natual Caffeine Blend, Vitamins B & C, Supports Energy Levels, Promotes Mental Alertness and Focus, Vegan, Non-GMO, Sugar Free (1 Pack)</p><p> -12% 0FF </p><p>$7.88 ($0.13 / Count)</p><a href="https://www.amazon.com/dp/B0B1VRCJ2Z?tag=eloabder-20&linkCode=osi&th=1&psc=1">View Product</a></div><div class="product"><a href="https://www.amazon.com/dp/B008PQDCG0?tag=eloabder-20&linkCode=osi&th=1&psc=1"><img src="https://m.media-amazon.com/images/I/51EFLU6zpCL._SL500_.jpg" alt="Product Image"></a><p>Nature Made Super B Energy Complex, Dietary Supplement for Brain Cell Function Support, 60 Softgels, 60 Day Supply</p><p> -35% 0FF </p><p>$9.34 ($0.16 / Count)</p><a href="https://www.amazon.com/dp/B008PQDCG0?tag=eloabder-20&linkCode=osi&th=1&psc=1">View Product</a></div><div class="product"><a href="https://www.amazon.com/dp/B01LXX5Z8Q?tag=eloabder-20&linkCode=osi&th=1&psc=1"><img src="https://m.media-amazon.com/images/I/41SOEB+wJRL._SL500_.jpg" alt="Product Image"></a><p>OLLY Daily Energy Gummy, Caffeine Free, Vitamin B12, CoQ10, Goji Berry, Adult Chewable Supplement, Tropical Flavor - 60 Count</p><p> -8% 0FF </p><p>$12.88 ($0.21 / Count)</p><a href="https://www.amazon.com/dp/B01LXX5Z8Q?tag=eloabder-20&linkCode=osi&th=1&psc=1">View Product</a></div><div class="product"><a href="https://www.amazon.com/dp/B0BV4F17B4?tag=eloabder-20&linkCode=osi&th=1&psc=1"><img src="https://m.media-amazon.com/images/I/41UR52LyNJL._SL500_.jpg" alt="Product Image"></a><p>OLLY Extra Strength Daily Energy Gummy, Caffeine Free, 1000mcg Vitamin B12, CoQ10, Goji Berry, Adult Chewable Supplement, Berry Yuzu Flavor - 60 Count</p><p> -16% 0FF </p><p>$15.88 ($0.26 / Count)</p><a href="https://www.amazon.com/dp/B0BV4F17B4?tag=eloabder-20&linkCode=osi&th=1&psc=1">View Product</a></div><div class="product"><a href="https://www.amazon.com/dp/B013U9NR1G?tag=eloabder-20&linkCode=osi&th=1&psc=1"><img src="https://m.media-amazon.com/images/I/41JPVOnggqL._SL500_.jpg" alt="Product Image"></a><p>GNC Womens Ultra Mega Energy and Metabolism Multivitamin for Women, 90 Count, for Increased Energy, Metablism, and Calorie Burning</p><p> -7% 0FF </p><p>$20.52 ($0.23 / Count)</p><a href="https://www.amazon.com/dp/B013U9NR1G?tag=eloabder-20&linkCode=osi&th=1&psc=1">View Product</a></div><div class="product"><a href="https://www.amazon.com/dp/B00H34BOCE?tag=eloabder-20&linkCode=osi&th=1&psc=1"><img src="https://m.media-amazon.com/images/I/41Ho0oGzx-L._SL500_.jpg" alt="Product Image"></a><p>Nature Made Energy B12 1000 mcg, Dietary Supplement for Energy Metabolism Support, 80 Gummies, 40 Day Supply</p><p> -12% 0FF </p><p>$9.49 ($0.12 / Count)</p><a href="https://www.amazon.com/dp/B00H34BOCE?tag=eloabder-20&linkCode=osi&th=1&psc=1">View Product</a></div><div class="product"><a href="https://www.amazon.com/dp/B003XTV3OC?tag=eloabder-20&linkCode=osi&th=1&psc=1"><img src="https://m.media-amazon.com/images/I/41aGtkADESL._SL500_.jpg" alt="Product Image"></a><p>GNC Mega Men Energy and Metabolism Supplement, 90 Count</p><p> -13% 0FF </p><p>$19.99 ($0.22 / count)</p><a href="https://www.amazon.com/dp/B003XTV3OC?tag=eloabder-20&linkCode=osi&th=1&psc=1">View Product</a></div>
<div class="product"><a href="https://www.amazon.com/dp/B07SSVYMJV?tag=eloabder-20&linkCode=osi&th=1&psc=1"><img src="https://m.media-amazon.com/images/I/41nKoj5uWZL._SL500_.jpg" alt="Product Image"></a><p>Kirkland Signature Triple Action Joint Health, UC•ll Undenatured Type II Collagen, Boron, Hyaluronic Acid,with Boron,110 Coated Tablets(Pack of 2)</p><p> -18% 0FF </p><p>$48.99 ($0.22 / Count)</p><a href="https://www.amazon.com/dp/B07SSVYMJV?tag=eloabder-20&linkCode=osi&th=1&psc=1">View Product</a></div><div class="product"><a href="https://www.amazon.com/dp/B07VLJN7C6?tag=eloabder-20&linkCode=osi&th=1&psc=1"><img src="https://m.media-amazon.com/images/I/41+zx9kRxGL._SL500_.jpg" alt="Product Image"></a><p>Move Free Ultra Triple Action Joint Support Supplement - Type II Collagen Boron & Hyaluronic Acid - Supports Joint Comfort, Cartiliage & Bones in 1 Tiny Pill Per Day, 64 Tablets (64 servings)*</p><p> -32% 0FF </p><p>$20.47 ($0.32 / Count)</p><a href="https://www.amazon.com/dp/B07VLJN7C6?tag=eloabder-20&linkCode=osi&th=1&psc=1">View Product</a></div><div class="product"><a href="https://www.amazon.com/dp/B0CZB1RJ8L?tag=eloabder-20&linkCode=osi&th=1&psc=1"><img src="https://m.media-amazon.com/images/I/516O87kHbuL._SL500_.jpg" alt="Product Image"></a><p>Qunol 5-in-1 Joint Support Supplement, Fast Acting, One Pill Dose, Support Healthy Inflammation Response & Discomfort Caused by Overuse of Joints, Alternative to Glucosamine Chondroitin MSM, 60 Count</p><p> -16% 0FF </p><p>$27.80 ($0.46 / Count)</p><a href="https://www.amazon.com/dp/B0CZB1RJ8L?tag=eloabder-20&linkCode=osi&th=1&psc=1">View Product</a></div><div class="product"><a href="https://www.amazon.com/dp/B0082D9QUW?tag=eloabder-20&linkCode=osi&th=1&psc=1"><img src="https://m.media-amazon.com/images/I/413QAFL8wML._SL500_.jpg" alt="Product Image"></a><p>Osteo Bi-Flex One Per Day, Glucosamine Joint Health Supplement with Vitamin D, Coated Tablets, 60 Count</p><p> -44% 0FF </p><p>$19.57 ($0.33 / Count)</p><a href="https://www.amazon.com/dp/B0082D9QUW?tag=eloabder-20&linkCode=osi&th=1&psc=1">View Product</a></div><div class="product"><a href="https://www.amazon.com/dp/B001W2MBSE?tag=eloabder-20&linkCode=osi&th=1&psc=1"><img src="https://m.media-amazon.com/images/I/4144YmkKbfL._SL500_.jpg" alt="Product Image"></a><p>Move Free Advanced Glucosamine Chondroitin MSM Joint Support Supplement, Supports Mobility Comfort Strength Flexibility & Bone - 120 Tablets (40 servings)*</p><p> -35% 0FF </p><p>$19.49 ($0.16 / Count)</p><a href="https://www.amazon.com/dp/B001W2MBSE?tag=eloabder-20&linkCode=osi&th=1&psc=1">View Product</a></div>
<div class="product"><a href="https://www.amazon.com/dp/B08ML6GMY4?tag=eloabder-20&linkCode=osi&th=1&psc=1"><img src="https://m.media-amazon.com/images/I/415l9I+T6aL._SL500_.jpg" alt="Product Image"></a><p>Snap Supplements Heart Health Supplements and Blood Circulation Supplements, 90 Capsules</p><p> -18% 0FF </p><p>$32.95 ($0.37 / Count)</p><a href="https://www.amazon.com/dp/B08ML6GMY4?tag=eloabder-20&linkCode=osi&th=1&psc=1">View Product</a></div><div class="product"><a href="https://www.amazon.com/dp/B00014JOWU?tag=eloabder-20&linkCode=osi&th=1&psc=1"><img src="https://m.media-amazon.com/images/I/41L4KTA5YkL._SL500_.jpg" alt="Product Image"></a><p>Century Systems - Heart Miracle, Nutritional Supplement for Blood Pressure, Cholesterol, and Cardiovascular Support, 32 Ounce Liquid, 16-32 Servings</p><p> -16% 0FF </p><p>$27.74 ($0.87 / Fl Oz)</p><a href="https://www.amazon.com/dp/B00014JOWU?tag=eloabder-20&linkCode=osi&th=1&psc=1">View Product</a></div><div class="product"><a href="https://www.amazon.com/dp/B095WNBLMN?tag=eloabder-20&linkCode=osi&th=1&psc=1"><img src="https://m.media-amazon.com/images/I/41G4HHN2YJL._SL500_.jpg" alt="Product Image"></a><p>Force Factor Total Beets Soft Chews with Beetroot, Nitrates, L-Citrulline, Grapeseed Extract, and Antioxidants, Healthy Energy Supplement with Elite Ingredients, Heart Health Superfood, 60 Chews</p><p> -21% 0FF </p><p>$14.98 ($0.25 / Count)</p><a href="https://www.amazon.com/dp/B095WNBLMN?tag=eloabder-20&linkCode=osi&th=1&psc=1">View Product</a></div>
<div class="product"><a href="https://www.amazon.com/dp/B01MZ6YI2A?tag=eloabder-20&linkCode=osi&th=1&psc=1"><img src="https://m.media-amazon.com/images/I/51cTsNDt7bL._SL500_.jpg" alt="Product Image"></a><p>New Chapter Calcium Supplement - Bone Strength Organic Calcium with Magnesium, Vitamin D3+K2, 70+ Trace Minerals for Bone Health, Gluten Free, Easy to Swallow - 120 Slim Tablets</p><p> -12% 0FF </p><p>$32.56 ($0.27 / Count)</p><a href="https://www.amazon.com/dp/B01MZ6YI2A?tag=eloabder-20&linkCode=osi&th=1&psc=1">View Product</a></div>
<div class="product"><a href="https://www.amazon.com/dp/B072F8HRM1?tag=eloabder-20&linkCode=osi&th=1&psc=1"><img src="https://m.media-amazon.com/images/I/51KS6y-EH7L._SL500_.jpg" alt="Product Image"></a><p>AZO Bladder Control with Go-Less® & Weight Management Dietary Supplement | Helps Reduce Occasional Urgency* | Promotes Healthy Metabolism* | Supports a Good Night’s Sleep* | 48 Capsules</p><p> -8% 0FF </p><p>$20.21 ($0.42 / Count)</p><a href="https://www.amazon.com/dp/B072F8HRM1?tag=eloabder-20&linkCode=osi&th=1&psc=1">View Product</a></div><div class="product"><a href="https://www.amazon.com/dp/B0BWZQLQLP?tag=eloabder-20&linkCode=osi&th=1&psc=1"><img src="https://m.media-amazon.com/images/I/41iuD-eU7lL._SL500_.jpg" alt="Product Image"></a><p>Nature’s Bounty Metabolism Booster Supplement, Boosts Fat Metabolism, Promotes Abdominal Fat Loss, with Citrus Extracts and Black Ginger, 60 Capsules</p><p> -6% 0FF </p><p>$19.06 ($0.32 / Count)</p><a href="https://www.amazon.com/dp/B0BWZQLQLP?tag=eloabder-20&linkCode=osi&th=1&psc=1">View Product</a></div>

<div class="product"><a href="https://www.amazon.com/dp/B08DP57QF5?tag=eloabder-20&linkCode=osi&th=1&psc=1"><img src="https://m.media-amazon.com/images/I/41fG9e3QHeL._SL500_.jpg" alt="Product Image"></a><p>Inno Cleanse - Waist Trimming Complex | Digestive System Support & Aid | Reduced Bloating | Improves Energy Levels | Gluten Free, Vegan Friendly</p><p> -12% 0FF </p><p>$43.99 ($0.73 / Count)</p><a href="https://www.amazon.com/dp/B08DP57QF5?tag=eloabder-20&linkCode=osi&th=1&psc=1">View Product</a></div><div class="product"><a href="https://www.amazon.com/dp/B0015R3L5S?tag=eloabder-20&linkCode=osi&th=1&psc=1"><img src="https://m.media-amazon.com/images/I/51LB3xPDZ+L._SL500_.jpg" alt="Product Image"></a><p>Renew Life Detox Cleanse More, Reduces Bloating and Restores Regularity, Overnight Constipation Relief, Soy, Dairy and gluten-free, 100 Capsules</p><p> -29% 0FF </p><p>$21.23 ($0.21 / Count)</p><a href="https://www.amazon.com/dp/B0015R3L5S?tag=eloabder-20&linkCode=osi&th=1&psc=1">View Product</a></div>

<div class="product"><a href="https://www.amazon.com/dp/B0C6MZV9NT?tag=eloabder-20&linkCode=osi&th=1&psc=1"><img src="https://m.media-amazon.com/images/I/41e-mNhP2zL._SL500_.jpg" alt="Product Image"></a><p>Nature's Bounty Stress Relief, Ashwagandha KSM-66, Supports Occasional Stress Relief, Dietary Supplement, Tablets, 90 Ct</p><p> -34% 0FF </p><p>$13.70 ($0.15 / Count)</p><a href="https://www.amazon.com/dp/B0C6MZV9NT?tag=eloabder-20&linkCode=osi&th=1&psc=1">View Product</a></div><div class="product"><a href="https://www.amazon.com/dp/B08VYWSVVF?tag=eloabder-20&linkCode=osi&th=1&psc=1"><img src="https://m.media-amazon.com/images/I/41Ho+8wPa0L._SL500_.jpg" alt="Product Image"></a><p>Boiron StressCalm for Relief of Stress, Anxiousness, Nervousness, Irritability, and Fatigue - 60 Count</p><p> -29% 0FF </p><p>$8.49 ($0.14 / Count)</p><a href="https://www.amazon.com/dp/B08VYWSVVF?tag=eloabder-20&linkCode=osi&th=1&psc=1">View Product</a></div><div class="product"><a href="https://www.amazon.com/dp/B09SR84773?tag=eloabder-20&linkCode=osi&th=1&psc=1"><img src="https://m.media-amazon.com/images/I/41ZCNv-yCrL._SL500_.jpg" alt="Product Image"></a><p>Nature Made Wellblends Stress Relief Gummies, L theanine 200mg to Help Reduce Stress, with GABA 100mg, Same Day Stress Support, 40 Strawberry Flavor Gummies</p><p> -16% 0FF </p><p>$13.41 ($0.34 / Count)</p><a href="https://www.amazon.com/dp/B09SR84773?tag=eloabder-20&linkCode=osi&th=1&psc=1">View Product</a></div><div class="product"><a href="https://www.amazon.com/dp/B07JDWTDPB?tag=eloabder-20&linkCode=osi&th=1&psc=1"><img src="https://m.media-amazon.com/images/I/41Suhu46BgL._SL500_.jpg" alt="Product Image"></a><p>UpNature Calm Essential Oil Roll On Blend - Self Care Stocking Stuffers for Women - 100% Natural Relaxation Aromatherapy Oil</p><p> -40% 0FF </p><p>$8.98 ($27.21 / Fl Oz)</p><a href="https://www.amazon.com/dp/B07JDWTDPB?tag=eloabder-20&linkCode=osi&th=1&psc=1">View Product</a></div><div class="product"><a href="https://www.amazon.com/dp/B000OC1ETU?tag=eloabder-20&linkCode=osi&th=1&psc=1"><img src="https://m.media-amazon.com/images/I/51tdD9F9O4L._SL500_.jpg" alt="Product Image"></a><p>Bach RESCUE PASTILLES, Orange and Elderflower Flavor, Natural Stress Relief Lozenges, Homeopathic Flower Essence, Vegetarian, Gluten & Sugar-Free, Holiday Stocking Stuffer, 35 Count</p><p> -16% 0FF </p><p>$8.75 ($0.25 / Count)</p><a href="https://www.amazon.com/dp/B000OC1ETU?tag=eloabder-20&linkCode=osi&th=1&psc=1">View Product</a></div><div class="product"><a href="https://www.amazon.com/dp/B00D1441JS?tag=eloabder-20&linkCode=osi&th=1&psc=1"><img src="https://m.media-amazon.com/images/I/31nAummfSJL._SL500_.jpg" alt="Product Image"></a><p>Bath & Body Works Aromatherapy Stress Relief - Eucalyptus-Spearmint Unisex Body Lotion 6.5 oz</p><p> -10% 0FF </p><p>$14.35 ($2.21 / Fl Oz)</p><a href="https://www.amazon.com/dp/B00D1441JS?tag=eloabder-20&linkCode=osi&th=1&psc=1">View Product</a></div><div class="product"><a href="https://www.amazon.com/dp/B0B9DQQKLG?tag=eloabder-20&linkCode=osi&th=1&psc=1"><img src="https://m.media-amazon.com/images/I/515W1OUmOqL._SL500_.jpg" alt="Product Image"></a><p>Boiron StressCalm On The Go for Relief of Stress, Anxiousness, Nervousness, Irritability, and Fatigue, 80 Count (Pack of 2)</p><p> -32% 0FF </p><p>$9.34 ($0.06 / Count)</p><a href="https://www.amazon.com/dp/B0B9DQQKLG?tag=eloabder-20&linkCode=osi&th=1&psc=1">View Product</a></div>
<div class="product"><a href="https://www.amazon.com/dp/B07PBZRDJN?tag=eloabder-20&linkCode=osi&th=1&psc=1"><img src="https://m.media-amazon.com/images/I/51mpObXjYwL._SL500_.jpg" alt="Product Image"></a><p>NEURIVA Plus Brain Supplement for Memory and Focus Clinically Tested Nootropics for Concentration for Mental Clarity, Cognitive Enhancement Vitamins B6, B12, Phosphatidylserine 30 Capsules</p><p> -20% 0FF </p><p>$35.93 ($1.20 / Count)</p><a href="https://www.amazon.com/dp/B07PBZRDJN?tag=eloabder-20&linkCode=osi&th=1&psc=1">View Product</a></div><div class="product"><a href="https://www.amazon.com/dp/B078SJ9F5S?tag=eloabder-20&linkCode=osi&th=1&psc=1"><img src="https://m.media-amazon.com/images/I/41kM5+mO9kL._SL500_.jpg" alt="Product Image"></a><p>Genius Mushroom Supplement - Lions Mane, Cordyceps, Reishi - Brain Nootropic for Energy, Focus, Overall Wellness, & Immune Support, - 90 Veggie Pills</p><p> -9% 0FF </p><p>$21.95 ($0.24 / Count)</p><a href="https://www.amazon.com/dp/B078SJ9F5S?tag=eloabder-20&linkCode=osi&th=1&psc=1">View Product</a></div><div class="product"><a href="https://www.amazon.com/dp/B07H8N5VF6?tag=eloabder-20&linkCode=osi&th=1&psc=1"><img src="https://m.media-amazon.com/images/I/41BPGrNSadL._SL500_.jpg" alt="Product Image"></a><p>OLLY Laser Focus Gummy, Ginseng, Alpha GPC, B Vitamins, Berry Tangerine Flavor - 36 Count</p><p> -8% 0FF </p><p>$12.88 ($0.36 / Count)</p><a href="https://www.amazon.com/dp/B07H8N5VF6?tag=eloabder-20&linkCode=osi&th=1&psc=1">View Product</a></div><div class="product"><a href="https://www.amazon.com/dp/B0BXTN1V7F?tag=eloabder-20&linkCode=osi&th=1&psc=1"><img src="https://m.media-amazon.com/images/I/513JW5FoUhL._SL500_.jpg" alt="Product Image"></a><p>NEURIVA Ultra Decaffeinated Clinically Tested Nootropic Brain Supplement for Mental Alertness, Memory, Focus & Concentration, Cognivive, Neurofactor, Phosphatidylserine, Vitamins B6 B12, 60 Capsules</p><p> -17% 0FF </p><p>$49.99 ($0.83 / Count)</p><a href="https://www.amazon.com/dp/B0BXTN1V7F?tag=eloabder-20&linkCode=osi&th=1&psc=1">View Product</a></div>
<div class="product"><a href="https://www.amazon.com/dp/B09X2CG92L?tag=eloabder-20&linkCode=osi&th=1&psc=1"><img src="https://m.media-amazon.com/images/I/41ebxpgEyDL._SL500_.jpg" alt="Product Image"></a><p>21,800mg Testosterone Booster for Men 8X Strength w. Ashwagandha, Tongkat Ali, Pycnogenol, Tribulus - Total T Male Enhancing Test Libido Booster + Muscle Builder Growth Testosterone Supplement for Men</p><p> -14% 0FF </p><p>$29.95 ($0.33 / Count)</p><a href="https://www.amazon.com/dp/B09X2CG92L?tag=eloabder-20&linkCode=osi&th=1&psc=1">View Product</a></div><div class="product"><a href="https://www.amazon.com/dp/B01FKP3Q7S?tag=eloabder-20&linkCode=osi&th=1&psc=1"><img src="https://m.media-amazon.com/images/I/413pONqgwjL._SL500_.jpg" alt="Product Image"></a><p>OLLY Men's Multivitamin Gummy, Vitamins A, C, D, E, B, Zinc, Blackberry Flavor, 45 Day Supply - 90 Count</p><p> -8% 0FF </p><p>$12.88 ($0.14 / Count)</p><a href="https://www.amazon.com/dp/B01FKP3Q7S?tag=eloabder-20&linkCode=osi&th=1&psc=1">View Product</a></div><div class="product"><a href="https://www.amazon.com/dp/B01KE592JU?tag=eloabder-20&linkCode=osi&th=1&psc=1"><img src="https://m.media-amazon.com/images/I/41H9Ng4ybQL._SL500_.jpg" alt="Product Image"></a><p>Multivitamin for Men - Daily Mens Multivitamins & Multiminerals Supplement for Energy, Focus and Performance. Mens Vitamins A, C, D, E & B12, Zinc, Calcium, Magnesium & More. Multi Vitamin Capsules</p><p> -12% 0FF </p><p>$22.97 ($0.38 / Count)</p><a href="https://www.amazon.com/dp/B01KE592JU?tag=eloabder-20&linkCode=osi&th=1&psc=1">View Product</a></div>
<div class="product"><a href="https://www.amazon.com/dp/B014G4AY1A?tag=eloabder-20&linkCode=osi&th=1&psc=1"><img src="https://m.media-amazon.com/images/I/41Sw6ljhdlL._SL500_.jpg" alt="Product Image"></a><p>OLLY Women's Multivitamin Gummy, Vitamins A, D, C, E, Biotin, Folic Acid, Adult Chewable Vitamin, Berry Flavor, 45 Day Supply - 90 Count (Packaging May Vary)</p><p> -16% 0FF </p><p>$11.78 ($0.13 / Count)</p><a href="https://www.amazon.com/dp/B014G4AY1A?tag=eloabder-20&linkCode=osi&th=1&psc=1">View Product</a></div><div class="product"><a href="https://www.amazon.com/dp/B0BL1MXV78?tag=eloabder-20&linkCode=osi&th=1&psc=1"><img src="https://m.media-amazon.com/images/I/31djY+cfT5L._SL500_.jpg" alt="Product Image"></a><p>Health by Habit Libido Blend (60 Capsules) - Natural Aphrodisiac Blend with Maca, Ashwagandha, Vegan, Non-GMO, Sugar-Free (1 Pack)</p><p> -12% 0FF </p><p>$7.88 ($0.13 / Count)</p><a href="https://www.amazon.com/dp/B0BL1MXV78?tag=eloabder-20&linkCode=osi&th=1&psc=1">View Product</a></div><div class="product"><a href="https://www.amazon.com/dp/B00HSMS5OQ?tag=eloabder-20&linkCode=osi&th=1&psc=1"><img src="https://m.media-amazon.com/images/I/41YPUfP+S+L._SL500_.jpg" alt="Product Image"></a><p>vH essentials Probiotics with Prebiotics and Cranberry Feminine Health Supplement - 60 Capsules</p><p> -7% 0FF </p><p>$8.37 ($0.14 / Count)</p><a href="https://www.amazon.com/dp/B00HSMS5OQ?tag=eloabder-20&linkCode=osi&th=1&psc=1">View Product</a></div><div class="product"><a href="https://www.amazon.com/dp/B092CS29NR?tag=eloabder-20&linkCode=osi&th=1&psc=1"><img src="https://m.media-amazon.com/images/I/41DhZ7w-PGL._SL500_.jpg" alt="Product Image"></a><p>OLLY Happy Hoo-Ha Capsules, Probiotic for Women, Vaginal Health and pH Balance, 10 Billion CFU, Gluten Free - 25 Count</p><p> -16% 0FF </p><p>$16.88 ($0.68 / Count)</p><a href="https://www.amazon.com/dp/B092CS29NR?tag=eloabder-20&linkCode=osi&th=1&psc=1">View Product</a></div><div class="product"><a href="https://www.amazon.com/dp/B004RR1FF6?tag=eloabder-20&linkCode=osi&th=1&psc=1"><img src="https://m.media-amazon.com/images/I/41ql+ZTTDSL._SL500_.jpg" alt="Product Image"></a><p>AZO Cranberry Supplement, Made with Concentrated Whole Fruit Cranberry Powder to Help Cleanse and Protect the Urinary Tract*, Sugar Free Cranberry Pills, Non-GMO, 100 Softgels</p><p> -12% 0FF </p><p>$12.07 ($0.12 / Count)</p><a href="https://www.amazon.com/dp/B004RR1FF6?tag=eloabder-20&linkCode=osi&th=1&psc=1">View Product</a></div><div class="product"><a href="https://www.amazon.com/dp/B095C7H62X?tag=eloabder-20&linkCode=osi&th=1&psc=1"><img src="https://m.media-amazon.com/images/I/31+ycRW6KhL._SL500_.jpg" alt="Product Image"></a><p>Sleep Mask for Side Sleeper, Upgraded 3D Contoured Cup Eye mask Blindfold for Man Women, Block Out Light, Eye mask with Adjustable Strap, Breathable & Soft for Sleeping, Yoga, Traveling (Black)</p><p> -17% 0FF </p><p>$9.97 ($9.97 / Count)</p><a href="https://www.amazon.com/dp/B095C7H62X?tag=eloabder-20&linkCode=osi&th=1&psc=1">View Product</a></div><div class="product"><a href="https://www.amazon.com/dp/B0CJX1HK52?tag=eloabder-20&linkCode=osi&th=1&psc=1"><img src="https://m.media-amazon.com/images/I/41WD9vo6cnL._SL500_.jpg" alt="Product Image"></a><p>Bloom Nutrition Superfood Greens Powder, Digestive Enzymes with Probiotics and Prebiotics, Gut Health, Bloating Relief for Women, Chlorella, Juice Mix w/Beet Root Powder, 30 SVG, Orange Passionfruit</p><p> -13% 0FF </p><p>$34.99 ($4.73 / Ounce)</p><a href="https://www.amazon.com/dp/B0CJX1HK52?tag=eloabder-20&linkCode=osi&th=1&psc=1">View Product</a></div>
<div class="product"><a href="https://www.amazon.com/dp/B0CWS5QP8F?tag=eloabder-20&linkCode=osi&th=1&psc=1"><img src="https://m.media-amazon.com/images/I/51qHqbsqtaL._SL500_.jpg" alt="Product Image"></a><p>MaryRuth's Liquid Multivitamin + Lustriva® Hair Growth | Biotin 10000mcg | Vitamin D | B Vitamins | Clinically Tested for Thicker Hair, Wrinkles, Fine Lines, Skin Care | Ages 18+ | 15 Fl Oz</p><p> -11% 0FF </p><p>$39.95 ($2.62 / Fl Oz)</p><a href="https://www.amazon.com/dp/B0CWS5QP8F?tag=eloabder-20&linkCode=osi&th=1&psc=1">View Product</a></div><div class="product"><a href="https://www.amazon.com/dp/B0CHWYVRVS?tag=eloabder-20&linkCode=osi&th=1&psc=1"><img src="https://m.media-amazon.com/images/I/41fn5OHX3xL._SL500_.jpg" alt="Product Image"></a><p>Nature's Bounty Hair Growth Supplement, 1 Per Day, Clinically Shown to Support Thicker, Fuller Hair, with Biotin, Silicon & Arginine, 90 Capsules</p><p> -20% 0FF </p><p>$48.29 ($0.54 / Count)</p><a href="https://www.amazon.com/dp/B0CHWYVRVS?tag=eloabder-20&linkCode=osi&th=1&psc=1">View Product</a></div><div class="product"><a href="https://www.amazon.com/dp/B0072F8D7S?tag=eloabder-20&linkCode=osi&th=1&psc=1"><img src="https://m.media-amazon.com/images/I/41j4CBYG0SL._SL500_.jpg" alt="Product Image"></a><p>Nature's Bounty Advanced Hair, Skin & Nails, Argan-Infused Vitamin Supplement with Biotin and Hyaluronic Acid, 150 Rapid Release Softgels</p><p> -47% 0FF </p><p>$10.99 ($0.07 / Count)</p><a href="https://www.amazon.com/dp/B0072F8D7S?tag=eloabder-20&linkCode=osi&th=1&psc=1">View Product</a></div><div class="product"><a href="https://www.amazon.com/dp/B0734849YK?tag=eloabder-20&linkCode=osi&th=1&psc=1"><img src="https://m.media-amazon.com/images/I/412jG+0dK1L._SL500_.jpg" alt="Product Image"></a><p>Handcraft Blends Organic Castor Oil - 16 Fl Oz - 100% Pure and Natural - Premium Grade Oil for Hair Growth, Eyelashes and Eyebrows - Carrier Oil - Hair and Body Oil - Expeller-Pressed and Hexane-Free</p><p> -55% 0FF </p><p>$9.98 ($0.62 / Fl Oz)</p><a href="https://www.amazon.com/dp/B0734849YK?tag=eloabder-20&linkCode=osi&th=1&psc=1">View Product</a></div>
<div class="product"><a href="https://www.amazon.com/dp/B01F7W03PM?tag=eloabder-20&linkCode=osi&th=1&psc=1"><img src="https://m.media-amazon.com/images/I/41bu2ppNdZL._SL500_.jpg" alt="Product Image"></a><p>OLLY Glowing Skin Gummy, 25 Day Supply (50 Count), Plump Berry, Hyaluronic Acid, Collagen, Sea Buckthorn, Chewable Supplement (Packaging May Vary)</p><p> -14% 0FF </p><p>$12.88 ($0.26 / Count)</p><a href="https://www.amazon.com/dp/B01F7W03PM?tag=eloabder-20&linkCode=osi&th=1&psc=1">View Product</a></div><div class="product"><a href="https://www.amazon.com/dp/B06ZZ5MGYH?tag=eloabder-20&linkCode=osi&th=1&psc=1"><img src="https://m.media-amazon.com/images/I/41ghRQjvjkL._SL500_.jpg" alt="Product Image"></a><p>OLLY Flawless Complexion Gummy, Clear and Healthy Skin Support, Vitamins E, A, Zinc, Chewable Supplement, Berry - 50 Count (Pack of 1)</p><p> -19% 0FF </p><p>$12.88 ($0.26 / Count)</p><a href="https://www.amazon.com/dp/B06ZZ5MGYH?tag=eloabder-20&linkCode=osi&th=1&psc=1">View Product</a></div><div class="product"><a href="https://www.amazon.com/dp/B07SRVJBSJ?tag=eloabder-20&linkCode=osi&th=1&psc=1"><img src="https://m.media-amazon.com/images/I/415Fg7XSFDL._SL500_.jpg" alt="Product Image"></a><p>Horbäach Hair Skin and Nails Vitamins | 300 Softgels | with Biotin and Collagen | Infused with Argan Oil and Coconut Oil | Non-GMO, Gluten Free Supplement</p><p> -15% 0FF </p><p>$16.99 ($0.06 / Count)</p><a href="https://www.amazon.com/dp/B07SRVJBSJ?tag=eloabder-20&linkCode=osi&th=1&psc=1">View Product</a></div><div class="product"><a href="https://www.amazon.com/dp/B00EEOGIWC?tag=eloabder-20&linkCode=osi&th=1&psc=1"><img src="https://m.media-amazon.com/images/I/41i4AQg9z2L._SL500_.jpg" alt="Product Image"></a><p>Phytoceramides 350mg per softgel - Plant Derived Ceramides for Healthy Skin and Hydration - Non GMO with No Fillers or Synthetic Vitamins - 30 Liquid softgels</p><p> -9% 0FF </p><p>$19.95 ($0.66 / Count)</p><a href="https://www.amazon.com/dp/B00EEOGIWC?tag=eloabder-20&linkCode=osi&th=1&psc=1">View Product</a></div><div class="product"><a href="https://www.amazon.com/dp/B00XUS947O?tag=eloabder-20&linkCode=osi&th=1&psc=1"><img src="https://m.media-amazon.com/images/I/41S8A0LFuXL._SL500_.jpg" alt="Product Image"></a><p>HUM Daily Cleanse Acne Supplements - Support for Clear Skin & Improved Digestion with Chlorella, Spirulina, Organic Algae, Detoxifying Herbs, Vitamins & Minerals - Skin Support for Women and Men</p><p> -19% 0FF </p><p>$21.00 ($0.35 / Count)</p><a href="https://www.amazon.com/dp/B00XUS947O?tag=eloabder-20&linkCode=osi&th=1&psc=1">View Product</a></div>
<div class="product"><a href="https://www.amazon.com/dp/B00F644LTQ?tag=eloabder-20&linkCode=osi&th=1&psc=1"><img src="https://m.media-amazon.com/images/I/31+v2SZDagL._SL500_.jpg" alt="Product Image"></a><p>Cuccio Naturale Revitalizing- Hydrating Oil For Repaired Cuticles Overnight - Remedy For Damaged Skin And Thin Nails - Paraben /Cruelty-Free Formula - Milk And Honey - 2.5 Oz</p><p> -33% 0FF </p><p>$9.45 ($3.78 / Fl Oz)</p><a href="https://www.amazon.com/dp/B00F644LTQ?tag=eloabder-20&linkCode=osi&th=1&psc=1">View Product</a></div><div class="product"><a href="https://www.amazon.com/dp/B07BHV28DR?tag=eloabder-20&linkCode=osi&th=1&psc=1"><img src="https://m.media-amazon.com/images/I/41vxQoXgD7L._SL500_.jpg" alt="Product Image"></a><p>Nature's Bounty Optimal Solutions Hair, Skin & Nails with Biotin and Collagen, Citrus-Flavored Gummies Vitamin Supplement, 2500 mcg, 80 Ct</p><p> -30% 0FF </p><p>$7.00 ($0.09 / Count)</p><a href="https://www.amazon.com/dp/B07BHV28DR?tag=eloabder-20&linkCode=osi&th=1&psc=1">View Product</a></div><div class="product"><a href="https://www.amazon.com/dp/B00006MMU6?tag=eloabder-20&linkCode=osi&th=1&psc=1"><img src="https://m.media-amazon.com/images/I/41ItG2Bl1RL._SL500_.jpg" alt="Product Image"></a><p>NONYX Fungal Nail Clarifying Gel | Rids Nails of Fungus by Removing Keratin Debris Where Nail Fungus Grows | 90% of Toenails Improved Using this Toenail Fungus Treatment | 4 oz</p><p> -20% 0FF </p><p>$19.98 ($5.00 / Fl Oz)</p><a href="https://www.amazon.com/dp/B00006MMU6?tag=eloabder-20&linkCode=osi&th=1&psc=1">View Product</a></div><div class="product"><a href="https://www.amazon.com/dp/B0D354DJQH?tag=eloabder-20&linkCode=osi&th=1&psc=1"><img src="https://m.media-amazon.com/images/I/31Q9PLna2VL._SL500_.jpg" alt="Product Image"></a><p>Habit Hair, Skin & Nails Supplement (60 Capsules) - New Look, Supports Skin Hydration, Hair & Nail Strength, Biotin 2000mcg, Vitamin A & C, Hyaluronic Acid, Rosehip, Vegan, Non-GMO (1 Pack)</p><p> -12% 0FF </p><p>$7.88 ($0.13 / Count)</p><a href="https://www.amazon.com/dp/B0D354DJQH?tag=eloabder-20&linkCode=osi&th=1&psc=1">View Product</a></div><div class="product"><a href="https://www.amazon.com/dp/B000EH0NEC?tag=eloabder-20&linkCode=osi&th=1&psc=1"><img src="https://m.media-amazon.com/images/I/41XaFeLycBL._SL500_.jpg" alt="Product Image"></a><p>Nutra Nail 5 to 7 Day Growth Treatment - Fast Keratin Nail Hardener & Nail Strengthener for Thin Nails, Brittle & Damaged (0.47 Fl Oz)</p><p> -10% 0FF </p><p>$13.50 ($28.72 / Fl Oz)</p><a href="https://www.amazon.com/dp/B000EH0NEC?tag=eloabder-20&linkCode=osi&th=1&psc=1">View Product</a></div><div class="product"><a href="https://www.amazon.com/dp/B007ADOL28?tag=eloabder-20&linkCode=osi&th=1&psc=1"><img src="https://m.media-amazon.com/images/I/419lgrRVW7L._SL500_.jpg" alt="Product Image"></a><p>Kerasal Nail Renewal, Restores Appearance of Discolored or Damaged Nails, 0.33 fl oz (Packaging May Vary)</p><p> -32% 0FF </p><p>$17.00 ($51.52 / Fl Oz)</p><a href="https://www.amazon.com/dp/B007ADOL28?tag=eloabder-20&linkCode=osi&th=1&psc=1">View Product</a></div>
<div class="product"><a href="https://www.amazon.com/dp/B01HFREINK?tag=eloabder-20&linkCode=osi&th=1&psc=1"><img src="https://m.media-amazon.com/images/I/41oabUYNEhL._SL500_.jpg" alt="Product Image"></a><p>Life Extension MacuGuard Ocular Support with Saffron – Eye Health Supplement for Healthy Vision – with lutein, meso-zeaxanthin, zeaxanthin, saffron – Gluten-free, Non-GMO – 60 softgels</p><p> -28% 0FF </p><p>$18.00 ($0.30 / Count)</p><a href="https://www.amazon.com/dp/B01HFREINK?tag=eloabder-20&linkCode=osi&th=1&psc=1">View Product</a></div><div class="product"><a href="https://www.amazon.com/dp/B08XXLT75V?tag=eloabder-20&linkCode=osi&th=1&psc=1"><img src="https://m.media-amazon.com/images/I/411dzwxcNLL._SL500_.jpg" alt="Product Image"></a><p>Nature Made Vision Based on the AREDS 2 Formula, Eye Vitamins with Lutein & Zeaxanthin, Vitamin C, Vitamin E, Zinc and Copper for Healthy Vision and Eye Function Support, 60 Softgels, 30 Day Supply</p><p> -37% 0FF </p><p>$14.32 ($0.24 / Count)</p><a href="https://www.amazon.com/dp/B08XXLT75V?tag=eloabder-20&linkCode=osi&th=1&psc=1">View Product</a></div><div class="product"><a href="https://www.amazon.com/dp/B0C4J8G4SB?tag=eloabder-20&linkCode=osi&th=1&psc=1"><img src="https://m.media-amazon.com/images/I/51VNHCxN5pL._SL500_.jpg" alt="Product Image"></a><p>Eye Health Vitamins with Bilberry 6000mg Lutein & Zeaxanthin 40mg Lycopene 40mg Resveratrol 3000mg Grape Seed Extract 6000mg Omega 3 4000mg Astaxanthin - Eye Vitamin - 60 Capsules</p><p> -25% 0FF </p><p>$29.95 ($0.50 / Count)</p><a href="https://www.amazon.com/dp/B0C4J8G4SB?tag=eloabder-20&linkCode=osi&th=1&psc=1">View Product</a></div><div class="product"><a href="https://www.amazon.com/dp/B0D1YTTB7L?tag=eloabder-20&linkCode=osi&th=1&psc=1"><img src="https://m.media-amazon.com/images/I/51Aqqv8Pw-L._SL500_.jpg" alt="Product Image"></a><p>NEW AGE Eye Health Vitamins with Bilberry 6000mg Lutein & Zeaxanthin 40mg Lycopene 40mg Resveratrol 3000mg Grape Seed Extract 6000mg Astaxanthin - Eye Vitamin -120 Count</p><p> -14% 0FF </p><p>$29.95 ($0.25 / Count)</p><a href="https://www.amazon.com/dp/B0D1YTTB7L?tag=eloabder-20&linkCode=osi&th=1&psc=1">View Product</a></div>


<div class="product"><a href="https://www.amazon.com/dp/B001VG1WOA?tag=eloabder-20&linkCode=osi&th=1&psc=1"><img src="https://m.media-amazon.com/images/I/41o8LwQxzfL._SL500_.jpg" alt="Product Image"></a><p>Neosporin + Maximum-Strength Pain Relief Dual Action Cream, First Aid Topical Antibiotic & Analgesic Cream for Wound Care of Minor Cuts, Scrapes & Burns, Polymyxin B & Pramoxine HCl, 1 oz</p><p> -20% 0FF </p><p>$9.88</p><a href="https://www.amazon.com/dp/B001VG1WOA?tag=eloabder-20&linkCode=osi&th=1&psc=1">View Product</a></div><div class="product"><a href="https://www.amazon.com/dp/B0084GX1JO?tag=eloabder-20&linkCode=osi&th=1&psc=1"><img src="https://m.media-amazon.com/images/I/31BzSButj2S._SL500_.jpg" alt="Product Image"></a><p>First Aid Only FAE-7011 SmartCompliance Refill Burn Cream Packets, 10 Count</p><p> -31% 0FF </p><p>$3.99 ($0.40 / Count)</p><a href="https://www.amazon.com/dp/B0084GX1JO?tag=eloabder-20&linkCode=osi&th=1&psc=1">View Product</a></div>
<div class="product"><a href="https://www.amazon.com/dp/B00EC6DE7Y?tag=eloabder-20&linkCode=osi&th=1&psc=1"><img src="https://m.media-amazon.com/images/I/41BlVTkyTCL._SL500_.jpg" alt="Product Image"></a><p>NeilMed Cleanse Sterile Saline Wound Wash, 6.3 Ounce</p><p> -25% 0FF </p><p>$5.98 ($1.00 / Fl Oz)</p><a href="https://www.amazon.com/dp/B00EC6DE7Y?tag=eloabder-20&linkCode=osi&th=1&psc=1">View Product</a></div><div class="product"><a href="https://www.amazon.com/dp/B00164IIUI?tag=eloabder-20&linkCode=osi&th=1&psc=1"><img src="https://m.media-amazon.com/images/I/51vsE2VasGL._SL500_.jpg" alt="Product Image"></a><p>Neosporin Original Antibiotic Ointment, 24-Hour Infection Prevention for Minor Wound, .5 oz</p><p> -28% 0FF </p><p>$4.88 ($9.76 / Ounce)</p><a href="https://www.amazon.com/dp/B00164IIUI?tag=eloabder-20&linkCode=osi&th=1&psc=1">View Product</a></div><div class="product"><a href="https://www.amazon.com/dp/B007EBRA6A?tag=eloabder-20&linkCode=osi&th=1&psc=1"><img src="https://m.media-amazon.com/images/I/31XNtfz6-lL._SL500_.jpg" alt="Product Image"></a><p>Improved Medihoney Gel Wound and & Burn Dressing from Derma Sciences, 0.5 oz,</p><p> -13% 0FF </p><p>$6.57 ($13.14 / Fl Oz)</p><a href="https://www.amazon.com/dp/B007EBRA6A?tag=eloabder-20&linkCode=osi&th=1&psc=1">View Product</a></div><div class="product"><a href="https://www.amazon.com/dp/B07FYDFGVD?tag=eloabder-20&linkCode=osi&th=1&psc=1"><img src="https://m.media-amazon.com/images/I/515p26GgPxL._SL500_.jpg" alt="Product Image"></a><p>All Health Wound Care Kit, 40 Items | For Small to Medium Sized Wounds</p><p> -23% 0FF </p><p>$7.70</p><a href="https://www.amazon.com/dp/B07FYDFGVD?tag=eloabder-20&linkCode=osi&th=1&psc=1">View Product</a></div>
<div class="product"><a href="https://www.amazon.com/dp/B06Y2FFQB9?tag=eloabder-20&linkCode=osi&th=1&psc=1"><img src="https://m.media-amazon.com/images/I/41j6aDaoGaL._SL500_.jpg" alt="Product Image"></a><p>Zacurate 500BL Fingertip Pulse Oximeter Blood Oxygen Saturation Monitor with Batteries Included (Navy Blue)</p><p> -10% 0FF </p><p>$13.49</p><a href="https://www.amazon.com/dp/B06Y2FFQB9?tag=eloabder-20&linkCode=osi&th=1&psc=1">View Product</a></div><div class="product"><a href="https://www.amazon.com/dp/B00NCRE4GO?tag=eloabder-20&linkCode=osi&th=1&psc=1"><img src="https://m.media-amazon.com/images/I/51bEkjg52fL._SL500_.jpg" alt="Product Image"></a><p>TENS 7000 Digital TENS Unit with Accessories - TENS Unit Muscle Stimulator for Back Pain Relief, Shoulder Pain Relief, Neck Pain, Sciatica Pain Relief, Nerve Pain Relief, Hip Pain Relief</p><p> -5% 0FF </p><p>$36.88</p><a href="https://www.amazon.com/dp/B00NCRE4GO?tag=eloabder-20&linkCode=osi&th=1&psc=1">View Product</a></div><div class="product"><a href="https://www.amazon.com/dp/B0BRXZNP5T?tag=eloabder-20&linkCode=osi&th=1&psc=1"><img src="https://m.media-amazon.com/images/I/41VF+LQDiSL._SL500_.jpg" alt="Product Image"></a><p>Choking Rescue Device for Kids and Adults, Anti Choking Device, Arixmed Portable Choking Rescue Device, First Aid Choking Device (Home Kit)</p><p> -29% 0FF </p><p>$49.94 ($49.94 / Count)</p><a href="https://www.amazon.com/dp/B0BRXZNP5T?tag=eloabder-20&linkCode=osi&th=1&psc=1">View Product</a></div><div class="product"><a href="https://www.amazon.com/dp/B07QXKMSHY?tag=eloabder-20&linkCode=osi&th=1&psc=1"><img src="https://m.media-amazon.com/images/I/31s3lNNT3zL._SL500_.jpg" alt="Product Image"></a><p>OMRON Complete 2-in-1 Upper Arm Blood Pressure Monitor and 1-Lead EKG Monitor, Clinically Validated, Medical Grade, Blood Pressure Machine, with Free Omron Connect app for iOS and Android (BP7900)</p><p> -22% 0FF </p><p>$139.97 ($8.75 / Ounce)</p><a href="https://www.amazon.com/dp/B07QXKMSHY?tag=eloabder-20&linkCode=osi&th=1&psc=1">View Product</a></div><div class="product"><a href="https://www.amazon.com/dp/B001KYVO78?tag=eloabder-20&linkCode=osi&th=1&psc=1"><img src="https://m.media-amazon.com/images/I/41nZ4BuHzrL._SL500_.jpg" alt="Product Image"></a><p>EZY DOSE Pill Cutter and Splitter with Dispenser, Daily Usage, Safely Cut Pills, Vitamins, Tablets, Accurate and Easy Cutting, Stainless Steel Blade, Travel Sized, Colors May Vary, BPA Free</p><p> -50% 0FF </p><p>$2.49</p><a href="https://www.amazon.com/dp/B001KYVO78?tag=eloabder-20&linkCode=osi&th=1&psc=1">View Product</a></div>


<div class="product"><a href="https://www.amazon.com/dp/B08R1GPJ4M?tag=eloabder-20&linkCode=osi&th=1&psc=1"><img src="https://m.media-amazon.com/images/I/41-Q4v8gwFL._SL500_.jpg" alt="Product Image"></a><p>Fingertip Pulse Oximeter Blood Oxygen Monitor Pulse Ox, Heart Rate and Fast Spo2 Reading Oxygen Meter with OLED Screen Included Batteries and Lanyard</p><p> -29% 0FF </p><p>$9.99 ($9.99 / Count)</p><a href="https://www.amazon.com/dp/B08R1GPJ4M?tag=eloabder-20&linkCode=osi&th=1&psc=1">View Product</a></div><div class="product"><a href="https://www.amazon.com/dp/B0BYD34DYV?tag=eloabder-20&linkCode=osi&th=1&psc=1"><img src="https://m.media-amazon.com/images/I/41uvibJiXtL._SL500_.jpg" alt="Product Image"></a><p>Alecaremed Pulse Oximeter, 4 Color OLED Display Oxygen Monitor Fingertip with 20 × Memory, Blood Oxygen Saturation Monitor (SpO2), Alarm & Brightness Adjustable, Batteries & Lanyard (White)</p><p> -13% 0FF </p><p>$20.99</p><a href="https://www.amazon.com/dp/B0BYD34DYV?tag=eloabder-20&linkCode=osi&th=1&psc=1">View Product</a></div><div class="product"><a href="https://www.amazon.com/dp/B09STH23DC?tag=eloabder-20&linkCode=osi&th=1&psc=1"><img src="https://m.media-amazon.com/images/I/417yd2q9HuL._SL500_.jpg" alt="Product Image"></a><p>Pulse Oximeter Fingertip - Oxygen Meter Finger Pulse Oximeter - Blood Oxygen Saturation Monitor with Heart Rate and Fast Spo2 Reading, Pulse Ox with TFT Screen, Lanyard (Not include Batteries)</p><p> -52% 0FF </p><p>$11.99</p><a href="https://www.amazon.com/dp/B09STH23DC?tag=eloabder-20&linkCode=osi&th=1&psc=1">View Product</a></div>
<div class="product"><a href="https://www.amazon.com/dp/B0CHW3DM42?tag=eloabder-20&linkCode=osi&th=1&psc=1"><img src="https://m.media-amazon.com/images/I/31bckkyvfZL._SL500_.jpg" alt="Product Image"></a><p>Kullre Hearing Aids, Hearing Aids for Seniors with Noise Cancelling and Volume Control, Rechargeable Hearing Aids for Hearing Loss with Charging Case</p><p> -17% 0FF </p><p>$49.99 ($25.00 / Count)</p><a href="https://www.amazon.com/dp/B0CHW3DM42?tag=eloabder-20&linkCode=osi&th=1&psc=1">View Product</a></div><div class="product"><a href="https://www.amazon.com/dp/B0D6FT7SVL?tag=eloabder-20&linkCode=osi&th=1&psc=1"><img src="https://m.media-amazon.com/images/I/31QKs+liKVL._SL500_.jpg" alt="Product Image"></a><p>Hearing Aids, Wireless Rechargeable Hearing Amplifier, OTC Hearing Aids with Magnetic Charging Case, 2 Channel Digital in Ear Noise Cancelling Hearing Devices for Seniors</p><p> -15% 0FF </p><p>$76.49</p><a href="https://www.amazon.com/dp/B0D6FT7SVL?tag=eloabder-20&linkCode=osi&th=1&psc=1">View Product</a></div>
<div class="product"><a href="https://www.amazon.com/dp/B00NFJX0PU?tag=eloabder-20&linkCode=osi&th=1&psc=1"><img src="https://m.media-amazon.com/images/I/41WMP8C2G8L._SL500_.jpg" alt="Product Image"></a><p>Drive Medical 10257BL-1 4 Wheel Rollator Walker With Seat, Steel Rolling Walker, Height Adjustable, 7.5" Wheels, Removable Back Support, 300 Pound Weight Capacity, Blue</p><p> -5% 0FF </p><p>$59.99</p><a href="https://www.amazon.com/dp/B00NFJX0PU?tag=eloabder-20&linkCode=osi&th=1&psc=1">View Product</a></div><div class="product"><a href="https://www.amazon.com/dp/B079PG3BR3?tag=eloabder-20&linkCode=osi&th=1&psc=1"><img src="https://m.media-amazon.com/images/I/41To3Az+tZL._SL500_.jpg" alt="Product Image"></a><p>Medline Rollator Walker with Seat, Steel Rolling Walker with 6-inch Wheels Supports up to 350 lbs, Medical Walker, Burgundy</p><p> -7% 0FF </p><p>$60.24</p><a href="https://www.amazon.com/dp/B079PG3BR3?tag=eloabder-20&linkCode=osi&th=1&psc=1">View Product</a></div><div class="product"><a href="https://www.amazon.com/dp/B076CP2DS3?tag=eloabder-20&linkCode=osi&th=1&psc=1"><img src="https://m.media-amazon.com/images/I/41DghyMBtdL._SL500_.jpg" alt="Product Image"></a><p>RMS 35 Inch Long Leg Lifter - Durable & Rigid Hand Strap & Foot Loop - Ideal Mobility Tool for Wheelchair, Hip & Knee Replacement Surgery</p><p> -23% 0FF </p><p>$9.99</p><a href="https://www.amazon.com/dp/B076CP2DS3?tag=eloabder-20&linkCode=osi&th=1&psc=1">View Product</a></div><div class="product"><a href="https://www.amazon.com/dp/B000GUFFN6?tag=eloabder-20&linkCode=osi&th=1&psc=1"><img src="https://m.media-amazon.com/images/I/41rMZsYBOzL._SL500_.jpg" alt="Product Image"></a><p>Stander BedCaddie, Pull Up Assist Bed Ladder with Non-Slip Handles for Adults, Seniors, and Elderly, Adjustable Length Bed Lift, Sit Up Helper Bed Assistance, Mobility Aid for Handicapped and Injured</p><p> -48% 0FF </p><p>$12.99</p><a href="https://www.amazon.com/dp/B000GUFFN6?tag=eloabder-20&linkCode=osi&th=1&psc=1">View Product</a></div><div class="product"><a href="https://www.amazon.com/dp/B00TXSHA1W?tag=eloabder-20&linkCode=osi&th=1&psc=1"><img src="https://m.media-amazon.com/images/I/31fbca3qq6L._SL500_.jpg" alt="Product Image"></a><p>RMS Long Reach Comfort Wipe - Self Assist Toilet Aid, Ideal Daily Living Bathroom Aid for Limited Mobility</p><p> -29% 0FF </p><p>$9.99</p><a href="https://www.amazon.com/dp/B00TXSHA1W?tag=eloabder-20&linkCode=osi&th=1&psc=1">View Product</a></div><div class="product"><a href="https://www.amazon.com/dp/B078RMCFWQ?tag=eloabder-20&linkCode=osi&th=1&psc=1"><img src="https://m.media-amazon.com/images/I/317WhUQcA7L._SL500_.jpg" alt="Product Image"></a><p>Reacher Grabber Tool, 31" Grabbers for Elderly, Lightweight Extra Long Handy Trash Claw Grabber, Mobility Aid Reaching Assist Tool for Trash Pick Up, Nabber, Litter Picker, Arm Extension</p><p> -50% 0FF </p><p>$9.99</p><a href="https://www.amazon.com/dp/B078RMCFWQ?tag=eloabder-20&linkCode=osi&th=1&psc=1">View Product</a></div><div class="product"><a href="https://www.amazon.com/dp/B07SKK3PFN?tag=eloabder-20&linkCode=osi&th=1&psc=1"><img src="https://m.media-amazon.com/images/I/41zIhs+QhdL._SL500_.jpg" alt="Product Image"></a><p>Vive 4 Wheel Mobility Scooter - Electric Powered Wheelchair Device - Compact Heavy Duty Mobile for Travel, Adults, Elderly - Long Range Power Extended Battery with Charger and Basket Included</p><p> -7% 0FF </p><p>$699.99 ($699.99 / Count)</p><a href="https://www.amazon.com/dp/B07SKK3PFN?tag=eloabder-20&linkCode=osi&th=1&psc=1">View Product</a></div>
<div class="product"><a href="https://www.amazon.com/dp/B081VRG3NK?tag=eloabder-20&linkCode=osi&th=1&psc=1"><img src="https://m.media-amazon.com/images/I/51ta38t5qwL._SL500_.jpg" alt="Product Image"></a><p>Chucks Pads Disposable [50-Pack] Underpads 23x36 Incontinence Chux Pads Absorbent Fluff Protective Bed Pads, Pee Pads for Babies, Kids, Adults & Elderly | Puppy Pads Large for Training Leak Proof</p><p> -21% 0FF </p><p>$18.99 ($0.38 / Count)</p><a href="https://www.amazon.com/dp/B081VRG3NK?tag=eloabder-20&linkCode=osi&th=1&psc=1">View Product</a></div><div class="product"><a href="https://www.amazon.com/dp/B09556SRJH?tag=eloabder-20&linkCode=osi&th=1&psc=1"><img src="https://m.media-amazon.com/images/I/51tKUADpLRL._SL500_.jpg" alt="Product Image"></a><p>Depend Fresh Protection Adult Incontinence & Postpartum Bladder Leak Underwear for Women, Disposable, Maximum, Large, Blush, 72 Count (2 Packs of 36), Packaging May Vary</p><p> -6% 0FF </p><p>$52.88 ($0.73 / Count)</p><a href="https://www.amazon.com/dp/B09556SRJH?tag=eloabder-20&linkCode=osi&th=1&psc=1">View Product</a></div><div class="product"><a href="https://www.amazon.com/dp/B08PC8JT3J?tag=eloabder-20&linkCode=osi&th=1&psc=1"><img src="https://m.media-amazon.com/images/I/51idsshbHDL._SL500_.jpg" alt="Product Image"></a><p>Inspire Adult Wet Wipes Adult Wash Cloths, Adult Wipes for Incontinence & Cleansing, 8"x12" 600 Count 12 packs of 50</p><p> -36% 0FF </p><p>$35.99 ($0.06 / Count)</p><a href="https://www.amazon.com/dp/B08PC8JT3J?tag=eloabder-20&linkCode=osi&th=1&psc=1">View Product</a></div><div class="product"><a href="https://www.amazon.com/dp/B07VT713MY?tag=eloabder-20&linkCode=osi&th=1&psc=1"><img src="https://m.media-amazon.com/images/I/41cG03xuMgL._SL500_.jpg" alt="Product Image"></a><p>Inspire Waterproof Mattress Protector, Dark Colored to Hide Stains, Extra Large 34 x 54 – Quilted, Bed Pad for Incontinence Washable, for Adults and Kids Reusable Underpad | Waterproof Mattress Pad</p><p> -26% 0FF </p><p>$19.99</p><a href="https://www.amazon.com/dp/B07VT713MY?tag=eloabder-20&linkCode=osi&th=1&psc=1">View Product</a></div><div class="product"><a href="https://www.amazon.com/dp/B092NVZ5K2?tag=eloabder-20&linkCode=osi&th=1&psc=1"><img src="https://m.media-amazon.com/images/I/51dcbsofIHS._SL500_.jpg" alt="Product Image"></a><p>Inspire Extra Large Super Absorbent Disposable Bed Pads for Incontinence (36" X 36" Pack of 50) Ultra Thick and Absorbent Incontinence Bed Pads Disposable Adult | Puppy Pads | Pee Pads for Adults</p><p> -6% 0FF </p><p>$49.96 ($1.00 / Count)</p><a href="https://www.amazon.com/dp/B092NVZ5K2?tag=eloabder-20&linkCode=osi&th=1&psc=1">View Product</a></div>

<div class="product"><a href="https://www.amazon.com/dp/B0D6VY9HVX?tag=eloabder-20&linkCode=osi&th=1&psc=1"><img src="https://m.media-amazon.com/images/I/41panzRUB5L._SL500_.jpg" alt="Product Image"></a><p>Ear Wax Removal - Electric Ear Cleaner - Ear Irrigation Kit Safe Ear Irrigation Flushing System with 4 Pressure Settings - Effective Ear Wax Removal Tool for Earwax Buildup (Dark Blue)</p><p> -20% 0FF </p><p>$39.99</p><a href="https://www.amazon.com/dp/B0D6VY9HVX?tag=eloabder-20&linkCode=osi&th=1&psc=1">View Product</a></div>
<div class="product"><a href="https://www.amazon.com/dp/B002QO00YO?tag=eloabder-20&linkCode=osi&th=1&psc=1"><img src="https://m.media-amazon.com/images/I/41SQ-7dbsHL._SL500_.jpg" alt="Product Image"></a><p>Nature Made Vitamin D3 2000 IU (50 mcg), Dietary Supplement for Bone, Teeth, Muscle and Immune Health Support, 90 Softgels, 90 Day Supply</p><p> -43% 0FF </p><p>$6.28 ($0.07 / Count)</p><a href="https://www.amazon.com/dp/B002QO00YO?tag=eloabder-20&linkCode=osi&th=1&psc=1">View Product</a></div><div class="product"><a href="https://www.amazon.com/dp/B0000DJASY?tag=eloabder-20&linkCode=osi&th=1&psc=1"><img src="https://m.media-amazon.com/images/I/41PwuIsYASL._SL500_.jpg" alt="Product Image"></a><p>Nature Made Extra Strength Vitamin C 1000 mg, Dietary Supplement for Immune Support, 100 Tablets, 100 Day Supply</p><p> -41% 0FF </p><p>$9.50 ($0.10 / Count)</p><a href="https://www.amazon.com/dp/B0000DJASY?tag=eloabder-20&linkCode=osi&th=1&psc=1">View Product</a></div><div class="product"><a href="https://www.amazon.com/dp/B007L0DPE0?tag=eloabder-20&linkCode=osi&th=1&psc=1"><img src="https://m.media-amazon.com/images/I/41u67LVdJFL._SL500_.jpg" alt="Product Image"></a><p>Vitafusion Womens Multivitamin Gummies, Berry Flavored Daily Vitamins for Women With Vitamins A, C, D, E, B-6 and B-12, America’s Number 1 Gummy Vitamin Brand, 75 Days Supply, 150 Count</p><p> -12% 0FF </p><p>$10.98 ($0.07 / Count)</p><a href="https://www.amazon.com/dp/B007L0DPE0?tag=eloabder-20&linkCode=osi&th=1&psc=1">View Product</a></div><div class="product"><a href="https://www.amazon.com/dp/B09KCCVL9V?tag=eloabder-20&linkCode=osi&th=1&psc=1"><img src="https://m.media-amazon.com/images/I/41dw1AsE+jL._SL500_.jpg" alt="Product Image"></a><p>Centrum Silver Women's Multivitamin for Women 50 Plus, Multivitamin/Multimineral Supplement with Vitamin D3, B Vitamins, Non-GMO Ingredients, Supports Memory and Cognition in Older Adults - 200 Ct</p><p> -20% 0FF </p><p>$15.36 ($0.08 / Count)</p><a href="https://www.amazon.com/dp/B09KCCVL9V?tag=eloabder-20&linkCode=osi&th=1&psc=1">View Product</a></div><div class="product"><a href="https://www.amazon.com/dp/B009SZXM4E?tag=eloabder-20&linkCode=osi&th=1&psc=1"><img src="https://m.media-amazon.com/images/I/418wJuLSwhL._SL500_.jpg" alt="Product Image"></a><p>Nature's Bounty Biotin, Supports Healthy Hair, Skin and Nails, 10,000 mcg, Rapid Release Softgels, 120 Ct</p><p> -53% 0FF </p><p>$9.28 ($0.08 / Count)</p><a href="https://www.amazon.com/dp/B009SZXM4E?tag=eloabder-20&linkCode=osi&th=1&psc=1">View Product</a></div><div class="product"><a href="https://www.amazon.com/dp/B0046VBWK6?tag=eloabder-20&linkCode=osi&th=1&psc=1"><img src="https://m.media-amazon.com/images/I/41Ip2jGcUpL._SL500_.jpg" alt="Product Image"></a><p>Nature's Bounty Vitamin B12 1000mcg, Supports Energy Metabolism and Nervous System Health, Vitamin Supplement, 100 Tablets</p><p> -41% 0FF </p><p>$7.02 ($0.07 / Count)</p><a href="https://www.amazon.com/dp/B0046VBWK6?tag=eloabder-20&linkCode=osi&th=1&psc=1">View Product</a></div><div class="product"><a href="https://www.amazon.com/dp/B007L0DONW?tag=eloabder-20&linkCode=osi&th=1&psc=1"><img src="https://m.media-amazon.com/images/I/41vIgYSAtXL._SL500_.jpg" alt="Product Image"></a><p>vitafusion Adult Gummy Vitamins for Men, Berry Flavored Daily Multivitamins for Men With Vitamins A, C, D, E, B6 and B12, America’s Number 1 Gummy Vitamin Brand, 75 Day Supply, 150 Count</p><p> -8% 0FF </p><p>$10.98 ($0.07 / Count)</p><a href="https://www.amazon.com/dp/B007L0DONW?tag=eloabder-20&linkCode=osi&th=1&psc=1">View Product</a></div><div class="product"><a href="https://www.amazon.com/dp/B0014D2GEK?tag=eloabder-20&linkCode=osi&th=1&psc=1"><img src="https://m.media-amazon.com/images/I/41Al6x+mTKL._SL500_.jpg" alt="Product Image"></a><p>Nature's Bounty Super B Complex with Vitamin C & Folic Acid, Immune & Energy Support, 150 tablets</p><p> -25% 0FF </p><p>$12.20 ($0.08 / Count)</p><a href="https://www.amazon.com/dp/B0014D2GEK?tag=eloabder-20&linkCode=osi&th=1&psc=1">View Product</a></div>
<div class="product"><a href="https://www.amazon.com/dp/B0BG94RWYN?tag=eloabder-20&linkCode=osi&th=1&psc=1"><img src="https://m.media-amazon.com/images/I/41k1yrK-eGL._SL500_.jpg" alt="Product Image"></a><p>Sea Moss 3000mg Black Seed Oil 2000mg Ashwagandha 1000mg Turmeric 1000mg Bladderwrack 1000mg Burdock 1000mg & Vitamin C & D3 with Elderberry Manuka Dandelion Yellow Dock Iodine Chlorophyll ACV</p><p> -25% 0FF </p><p>$29.95 ($0.50 / Count)</p><a href="https://www.amazon.com/dp/B0BG94RWYN?tag=eloabder-20&linkCode=osi&th=1&psc=1">View Product</a></div><div class="product"><a href="https://www.amazon.com/dp/B08YLTCDTN?tag=eloabder-20&linkCode=osi&th=1&psc=1"><img src="https://m.media-amazon.com/images/I/41aybXdjmLL._SL500_.jpg" alt="Product Image"></a><p>Nature's Bounty Zinc 50mg, Immune Support & Antioxidant Supplement, Promotes Skin Health 250 Caplets</p><p> -12% 0FF </p><p>$9.48 ($0.04 / Count)</p><a href="https://www.amazon.com/dp/B08YLTCDTN?tag=eloabder-20&linkCode=osi&th=1&psc=1">View Product</a></div><div class="product"><a href="https://www.amazon.com/dp/B0000DJAQU?tag=eloabder-20&linkCode=osi&th=1&psc=1"><img src="https://m.media-amazon.com/images/I/41c7alI7ydL._SL500_.jpg" alt="Product Image"></a><p>Nature Made Fish Oil 1200 mg Softgels, Fish Oil Supplements, Omega 3 Fish Oil for Healthy Heart Support, Omega 3 Supplement with 100 Softgels, 50 Day Supply</p><p> -35% 0FF </p><p>$9.50 ($0.10 / Count)</p><a href="https://www.amazon.com/dp/B0000DJAQU?tag=eloabder-20&linkCode=osi&th=1&psc=1">View Product</a></div><div class="product"><a href="https://www.amazon.com/dp/B01DBTFO98?tag=eloabder-20&linkCode=osi&th=1&psc=1"><img src="https://m.media-amazon.com/images/I/51Evo4SKmEL._SL500_.jpg" alt="Product Image"></a><p>Turmeric Curcumin with Black Pepper Extract 1500mg - High Absorption Ultra Potent Turmeric Supplement with 95% Curcuminoids and BioPerine - Non GMO Turmeric Capsules for Joint Support - 90 Capsules</p><p> -25% 0FF </p><p>$18.79 ($0.21 / Count)</p><a href="https://www.amazon.com/dp/B01DBTFO98?tag=eloabder-20&linkCode=osi&th=1&psc=1">View Product</a></div><div class="product"><a href="https://www.amazon.com/dp/B00H5PJ0HW?tag=eloabder-20&linkCode=osi&th=1&psc=1"><img src="https://m.media-amazon.com/images/I/414mKN9ZjbL._SL500_.jpg" alt="Product Image"></a><p>Nature's Bounty Magnesium, Bone and Muscle Health, Whole Body Support, Tablets, 500 Mg, 200 Ct</p><p> -16% 0FF </p><p>$12.61 ($0.06 / Count)</p><a href="https://www.amazon.com/dp/B00H5PJ0HW?tag=eloabder-20&linkCode=osi&th=1&psc=1">View Product</a></div><div class="product"><a href="https://www.amazon.com/dp/B07N7RD2CL?tag=eloabder-20&linkCode=osi&th=1&psc=1"><img src="https://m.media-amazon.com/images/I/41J1UKnf+CL._SL500_.jpg" alt="Product Image"></a><p>Horbäach Cranberry Concentrate Extract Pills + Vitamin C | 30,000mg | 120 Capsules | Triple Strength Ultimate Potency Formula | Non-GMO and Gluten Free Supplement</p><p> -15% 0FF </p><p>$9.99 ($0.07 / Count)</p><a href="https://www.amazon.com/dp/B07N7RD2CL?tag=eloabder-20&linkCode=osi&th=1&psc=1">View Product</a></div><div class="product"><a href="https://www.amazon.com/dp/B07DX89ZHN?tag=eloabder-20&linkCode=osi&th=1&psc=1"><img src="https://m.media-amazon.com/images/I/41INqodQzYL._SL500_.jpg" alt="Product Image"></a><p>Sports Research Triple Strength Omega 3 Fish Oil - Burpless Fish Oil Supplement w/EPA & DHA Fatty Acids from Single-Source Wild Alaska Pollock - 1250 mg, 90 ct</p><p> -10% 0FF </p><p>$26.95 ($0.30 / Count)</p><a href="https://www.amazon.com/dp/B07DX89ZHN?tag=eloabder-20&linkCode=osi&th=1&psc=1">View Product</a></div>
<div class="product"><a href="https://www.amazon.com/dp/B00YMSLT88?tag=eloabder-20&linkCode=osi&th=1&psc=1"><img src="https://m.media-amazon.com/images/I/41S95x-3xaL._SL500_.jpg" alt="Product Image"></a><p>Nature Made Multivitamin Tablets with Iron, Multivitamin for Women and Men for Daily Nutritional Support, 130 Tablets, 130 Day Supply</p><p> -14% 0FF </p><p>$11.99 ($0.09 / Count)</p><a href="https://www.amazon.com/dp/B00YMSLT88?tag=eloabder-20&linkCode=osi&th=1&psc=1">View Product</a></div><div class="product"><a href="https://www.amazon.com/dp/B09BVYY7XR?tag=eloabder-20&linkCode=osi&th=1&psc=1"><img src="https://m.media-amazon.com/images/I/41y16Rsk2tL._SL500_.jpg" alt="Product Image"></a><p>Centrum Adult Multivitamin/Multimineral Supplement with Antioxidants, Zinc, Vitamin D3 and B Vitamins, Gluten Free, Non-GMO Ingredients - 200 Count</p><p> -29% 0FF </p><p>$9.99 ($0.05 / Count)</p><a href="https://www.amazon.com/dp/B09BVYY7XR?tag=eloabder-20&linkCode=osi&th=1&psc=1">View Product</a></div>
<div class="product"><a href="https://www.amazon.com/dp/B004JO3JTM?tag=eloabder-20&linkCode=osi&th=1&psc=1"><img src="https://m.media-amazon.com/images/I/51kOhkzzLKL._SL500_.jpg" alt="Product Image"></a><p>Nature's Bounty Acidophilus Probiotic, Daily Probiotic Supplement, Supports Digestive Health, Twin Pack, 100 Count (Pack of 2)</p><p> -21% 0FF </p><p>$14.88 ($0.07 / Count)</p><a href="https://www.amazon.com/dp/B004JO3JTM?tag=eloabder-20&linkCode=osi&th=1&psc=1">View Product</a></div><div class="product"><a href="https://www.amazon.com/dp/B071DZQLPQ?tag=eloabder-20&linkCode=osi&th=1&psc=1"><img src="https://m.media-amazon.com/images/I/51E-+x12x5L._SL500_.jpg" alt="Product Image"></a><p>NewRhythm Probiotics 50 Billion CFU 20 Strains, 60 Veggie Capsules, Targeted Release Technology, Stomach Acid Resistant, No Need for Refrigeration, Non-GMO, Gluten Free</p><p> -23% 0FF </p><p>$16.99 ($0.28 / Count)</p><a href="https://www.amazon.com/dp/B071DZQLPQ?tag=eloabder-20&linkCode=osi&th=1&psc=1">View Product</a></div><div class="product"><a href="https://www.amazon.com/dp/B00Y8MP4G6?tag=eloabder-20&linkCode=osi&th=1&psc=1"><img src="https://m.media-amazon.com/images/I/51IIJQSKA5L._SL500_.jpg" alt="Product Image"></a><p>Dr. Formulated Probiotics for Women & Prebiotics, 50 Billion CFU for Women’s Daily Digestive Vaginal & Immune Health, Garden of Life 16 Probiotic Strains Shelf Stable No Gluten Dairy Soy, 30 Capsules</p><p> -24% 0FF </p><p>$30.27 ($1.01 / Count)</p><a href="https://www.amazon.com/dp/B00Y8MP4G6?tag=eloabder-20&linkCode=osi&th=1&psc=1">View Product</a></div><div class="product"><a href="https://www.amazon.com/dp/B08GR12D4T?tag=eloabder-20&linkCode=osi&th=1&psc=1"><img src="https://m.media-amazon.com/images/I/413uXWNsVzL._SL500_.jpg" alt="Product Image"></a><p>Nature’s Bounty Probiotic 10, Ultra Strength Daily Probiotic Supplement, Support for Digestive, Immune and Upper Respiratory Health, 1 Pack, 30 Capsules</p><p> -55% 0FF </p><p>$12.84 ($0.43 / Count)</p><a href="https://www.amazon.com/dp/B08GR12D4T?tag=eloabder-20&linkCode=osi&th=1&psc=1">View Product</a></div>
<div class="product"><a href="https://www.amazon.com/dp/B000NPYY04?tag=eloabder-20&linkCode=osi&th=1&psc=1"><img src="https://m.media-amazon.com/images/I/41AB0odrkeL._SL500_.jpg" alt="Product Image"></a><p>Nature's Bounty Fish Oil, Supports Heart Health, 1200 Mg, 360 Mg Omega-3, Rapid Release Softgels, 200 Ct</p><p> -33% 0FF </p><p>$14.17 ($0.07 / Count)</p><a href="https://www.amazon.com/dp/B000NPYY04?tag=eloabder-20&linkCode=osi&th=1&psc=1">View Product</a></div><div class="product"><a href="https://www.amazon.com/dp/B000J18RSW?tag=eloabder-20&linkCode=osi&th=1&psc=1"><img src="https://m.media-amazon.com/images/I/41bBRe7FxlL._SL500_.jpg" alt="Product Image"></a><p>NOW Foods Omega-3-100 Softgels</p><p> -39% 0FF </p><p>$6.72 ($0.07 / Count)</p><a href="https://www.amazon.com/dp/B000J18RSW?tag=eloabder-20&linkCode=osi&th=1&psc=1">View Product</a></div><div class="product"><a href="https://www.amazon.com/dp/B000HDV7YS?tag=eloabder-20&linkCode=osi&th=1&psc=1"><img src="https://m.media-amazon.com/images/I/41d-hzNXpVL._SL500_.jpg" alt="Product Image"></a><p>Nordic Naturals Ultimate Omega, Lemon Flavor - 60 Soft Gels - 1280 mg Omega-3 - High-Potency Omega-3 Fish Oil Supplement with EPA & DHA - Promotes Brain & Heart Health - Non-GMO - 30 Servings</p><p> -20% 0FF </p><p>$23.98 ($0.40 / Count)</p><a href="https://www.amazon.com/dp/B000HDV7YS?tag=eloabder-20&linkCode=osi&th=1&psc=1">View Product</a></div><div class="product"><a href="https://www.amazon.com/dp/B002QMB55Y?tag=eloabder-20&linkCode=osi&th=1&psc=1"><img src="https://m.media-amazon.com/images/I/41I4GSlk++S._SL500_.jpg" alt="Product Image"></a><p>Nature's Bounty Fish Oil, Supports Heart Health, 2400mg, Coated Softgels, 90 Ct.</p><p> -36% 0FF </p><p>$14.34 ($0.16 / Count)</p><a href="https://www.amazon.com/dp/B002QMB55Y?tag=eloabder-20&linkCode=osi&th=1&psc=1">View Product</a></div><div class="product"><a href="https://www.amazon.com/dp/B00YMSLAW8?tag=eloabder-20&linkCode=osi&th=1&psc=1"><img src="https://m.media-amazon.com/images/I/41eQik8+DzL._SL500_.jpg" alt="Product Image"></a><p>Nature Made Fish Oil 1000 mg Softgels, Fish Oil Supplements, Omega 3 Fish Oil for Healthy Heart Support, Omega 3 Supplement with 90 Softgels, 45 Day Supply</p><p> -12% 0FF </p><p>$10.86 ($0.12 / Count)</p><a href="https://www.amazon.com/dp/B00YMSLAW8?tag=eloabder-20&linkCode=osi&th=1&psc=1">View Product</a></div>
<div class="product"><a href="https://www.amazon.com/dp/B0016KITZ6?tag=eloabder-20&linkCode=osi&th=1&psc=1"><img src="https://m.media-amazon.com/images/I/41UQ6eGLCkL._SL500_.jpg" alt="Product Image"></a><p>Nature's Bounty Calcium Carbonate & Vitamin D, Supports Immune Health & Bone Health, 1200mg Calcium & 1000IU Vitamin D3, 120 Softgels</p><p> -53% 0FF </p><p>$8.87 ($0.07 / Count)</p><a href="https://www.amazon.com/dp/B0016KITZ6?tag=eloabder-20&linkCode=osi&th=1&psc=1">View Product</a></div><div class="product"><a href="https://www.amazon.com/dp/B07RL3KYD7?tag=eloabder-20&linkCode=osi&th=1&psc=1"><img src="https://m.media-amazon.com/images/I/316d4YzxuJL._SL500_.jpg" alt="Product Image"></a><p>Horbäach Calcium 1200 mg with Vitamin D3 | 240 Softgels | 5000 IU Vitamin D3 | Absorbable Calcium Supplement | Non-GMO, Gluten Free Calcium Supplement</p><p> -15% 0FF </p><p>$13.99 ($0.06 / Count)</p><a href="https://www.amazon.com/dp/B07RL3KYD7?tag=eloabder-20&linkCode=osi&th=1&psc=1">View Product</a></div><div class="product"><a href="https://www.amazon.com/dp/B004L4EJQ2?tag=eloabder-20&linkCode=osi&th=1&psc=1"><img src="https://m.media-amazon.com/images/I/41WkicGmhTL._SL500_.jpg" alt="Product Image"></a><p>Citracal Slow Release 1200, 1200 mg Calcium Citrate and Calcium Carbonate with 25 mcg (1000 IU) Vitamin D3, Bone Health Support, Calcium Supplement for Ages 12+, Take Once Daily Caplet, 80 Count</p><p> -16% 0FF </p><p>$10.92 ($0.14 / Count)</p><a href="https://www.amazon.com/dp/B004L4EJQ2?tag=eloabder-20&linkCode=osi&th=1&psc=1">View Product</a></div><div class="product"><a href="https://www.amazon.com/dp/B00028LZ90?tag=eloabder-20&linkCode=osi&th=1&psc=1"><img src="https://m.media-amazon.com/images/I/41JYXLyi8KL._SL500_.jpg" alt="Product Image"></a><p>NOW Foods Supplements, Calcium & Magnesium 2:1 Ratio, High Potency, Supports Bone Health*, 100 Tablets</p><p> -39% 0FF </p><p>$7.95 ($0.08 / Count)</p><a href="https://www.amazon.com/dp/B00028LZ90?tag=eloabder-20&linkCode=osi&th=1&psc=1">View Product</a></div>
<div class="product"><a href="https://www.amazon.com/dp/B00GB85JR4?tag=eloabder-20&linkCode=osi&th=1&psc=1"><img src="https://m.media-amazon.com/images/I/41dP1a3s3ZL._SL500_.jpg" alt="Product Image"></a><p>NatureWise Vitamin D3 5000iu (125 mcg) 1 Year Supply for Healthy Muscle Function, and Immune Support, Non-GMO, Gluten Free in Cold-Pressed Olive Oil, Packaging Vary ( Mini Softgel), 360 Count</p><p> -11% 0FF </p><p>$13.34 ($0.04 / Count)</p><a href="https://www.amazon.com/dp/B00GB85JR4?tag=eloabder-20&linkCode=osi&th=1&psc=1">View Product</a></div><div class="product"><a href="https://www.amazon.com/dp/B004GJRFYK?tag=eloabder-20&linkCode=osi&th=1&psc=1"><img src="https://m.media-amazon.com/images/I/41AwGxilrHL._SL500_.jpg" alt="Product Image"></a><p>Nature Made Vitamin D3 2000 IU (50 mcg), Dietary Supplement for Bone, Teeth, Muscle and Immune Health Support, 100 Tablets, 100 Day Supply</p><p> -38% 0FF </p><p>$6.99 ($0.07 / Count)</p><a href="https://www.amazon.com/dp/B004GJRFYK?tag=eloabder-20&linkCode=osi&th=1&psc=1">View Product</a></div><div class="product"><a href="https://www.amazon.com/dp/B004U3Y8OM?tag=eloabder-20&linkCode=osi&th=1&psc=1"><img src="https://m.media-amazon.com/images/I/41FAeb-VvJL._SL500_.jpg" alt="Product Image"></a><p>Nature Made Vitamin D3 1000 IU (25 mcg), Dietary Supplement for Bone, Teeth, Muscle and Immune Health Support, 300 Softgels, 300 Day Supply</p><p> -36% 0FF </p><p>$12.35 ($0.04 / Count)</p><a href="https://www.amazon.com/dp/B004U3Y8OM?tag=eloabder-20&linkCode=osi&th=1&psc=1">View Product</a></div><div class="product"><a href="https://www.amazon.com/dp/B0032BH76O?tag=eloabder-20&linkCode=osi&th=1&psc=1"><img src="https://m.media-amazon.com/images/I/41GbEgKM04L._SL500_.jpg" alt="Product Image"></a><p>NOW Foods Supplements, Vitamin D-3 5,000 IU, High Potency, Structural Support*, 240 Softgels</p><p> -48% 0FF </p><p>$11.99 ($0.05 / Count)</p><a href="https://www.amazon.com/dp/B0032BH76O?tag=eloabder-20&linkCode=osi&th=1&psc=1">View Product</a></div><div class="product"><a href="https://www.amazon.com/dp/B008GC9T6A?tag=eloabder-20&linkCode=osi&th=1&psc=1"><img src="https://m.media-amazon.com/images/I/41T9MsyhtyL._SL500_.jpg" alt="Product Image"></a><p>Nature Made Extra Strength Vitamin D3 5000 IU (125 mcg), Dietary Supplement for Bone, Teeth, Muscle and Immune Health Support, 180 Softgels, 180 Day Supply</p><p> -51% 0FF </p><p>$14.29 ($0.08 / Count)</p><a href="https://www.amazon.com/dp/B008GC9T6A?tag=eloabder-20&linkCode=osi&th=1&psc=1">View Product</a></div><div class="product"><a href="https://www.amazon.com/dp/B004JO99TG?tag=eloabder-20&linkCode=osi&th=1&psc=1"><img src="https://m.media-amazon.com/images/I/41U+oh75F3L._SL500_.jpg" alt="Product Image"></a><p>Nature's Bounty Vitamin D3 1000 IU Softgels, Immune Support, Promotes Healthy Bones, 350 Ct</p><p> -28% 0FF </p><p>$13.70 ($0.04 / Count)</p><a href="https://www.amazon.com/dp/B004JO99TG?tag=eloabder-20&linkCode=osi&th=1&psc=1">View Product</a></div><div class="product"><a href="https://www.amazon.com/dp/B07YM8MCWN?tag=eloabder-20&linkCode=osi&th=1&psc=1"><img src="https://m.media-amazon.com/images/I/41ca9TyyoCL._SL500_.jpg" alt="Product Image"></a><p>Nature Made Extra Strength Vitamin D3 5000 IU (125 mcg) per serving, Dietary Supplement for Bone, Teeth, Muscle and Immune Health Support, 150 Gummies, 75 Day Supply</p><p> -61% 0FF </p><p>$12.74 ($0.08 / Count)</p><a href="https://www.amazon.com/dp/B07YM8MCWN?tag=eloabder-20&linkCode=osi&th=1&psc=1">View Product</a></div><div class="product"><a href="https://www.amazon.com/dp/B00DN4VCA2?tag=eloabder-20&linkCode=osi&th=1&psc=1"><img src="https://m.media-amazon.com/images/I/41PsA535b2L._SL500_.jpg" alt="Product Image"></a><p>Nature's Bounty Vitamin D3, Immune Support, 125 mcg (5000iu), Rapid Release Softgels, 240 Ct</p><p> -28% 0FF </p><p>$22.39 ($0.09 / Count)</p><a href="https://www.amazon.com/dp/B00DN4VCA2?tag=eloabder-20&linkCode=osi&th=1&psc=1">View Product</a></div>
<div class="product"><a href="https://www.amazon.com/dp/B08YS4ZRTL?tag=eloabder-20&linkCode=osi&th=1&psc=1"><img src="https://m.media-amazon.com/images/I/41GcGPxLCmS._SL500_.jpg" alt="Product Image"></a><p>Nature's Bounty Vitamin C, Supports Immune and Antioxidant Health, Vitamin C Supplement, 1000mg, 300 Caplets</p><p> -55% 0FF </p><p>$17.37 ($0.06 / Count)</p><a href="https://www.amazon.com/dp/B08YS4ZRTL?tag=eloabder-20&linkCode=osi&th=1&psc=1">View Product</a></div><div class="product"><a href="https://www.amazon.com/dp/B08FNG91XM?tag=eloabder-20&linkCode=osi&th=1&psc=1"><img src="https://m.media-amazon.com/images/I/41ZC6V+G+HL._SL500_.jpg" alt="Product Image"></a><p>Nature Made Extra Strength Dosage Chewable Vitamin C 1000 mg per serving, Dietary Supplement for Immune Support, 90 Tablets, 45 Day Supply</p><p> -53% 0FF </p><p>$7.49 ($0.08 / Count)</p><a href="https://www.amazon.com/dp/B08FNG91XM?tag=eloabder-20&linkCode=osi&th=1&psc=1">View Product</a></div><div class="product"><a href="https://www.amazon.com/dp/B001AIXCU6?tag=eloabder-20&linkCode=osi&th=1&psc=1"><img src="https://m.media-amazon.com/images/I/41bTcu8uA7L._SL500_.jpg" alt="Product Image"></a><p>NOW Supplements, Vitamin C-1,000 with 100 mg of Bioflavonoids, Antioxidant protection*, 100 Veg Capsules</p><p> -39% 0FF </p><p>$8.56 ($0.09 / Count)</p><a href="https://www.amazon.com/dp/B001AIXCU6?tag=eloabder-20&linkCode=osi&th=1&psc=1">View Product</a></div><div class="product"><a href="https://www.amazon.com/dp/B0CBVWPPR9?tag=eloabder-20&linkCode=osi&th=1&psc=1"><img src="https://m.media-amazon.com/images/I/41LN1NSD+LL._SL500_.jpg" alt="Product Image"></a><p>Nature Made Maximum Strength Dosage Vitamin C 1000mg per Serving, Immune Support Vitamin C Gummies for Adults, 80 Vitamin C Gummies, 20 Day Supply</p><p> -23% 0FF </p><p>$14.99 ($0.19 / Count)</p><a href="https://www.amazon.com/dp/B0CBVWPPR9?tag=eloabder-20&linkCode=osi&th=1&psc=1">View Product</a></div><div class="product"><a href="https://www.amazon.com/dp/B0061GLR5O?tag=eloabder-20&linkCode=osi&th=1&psc=1"><img src="https://m.media-amazon.com/images/I/41d2trPxbUL._SL500_.jpg" alt="Product Image"></a><p>Nature's Bounty Vitamin C Tablets, Vitamin Supplement, Supports a Healthy Immune System, 500mg, 100 Count</p><p> -16% 0FF </p><p>$6.44 ($0.06 / Count)</p><a href="https://www.amazon.com/dp/B0061GLR5O?tag=eloabder-20&linkCode=osi&th=1&psc=1">View Product</a></div><div class="product"><a href="https://www.amazon.com/dp/B003FW4UME?tag=eloabder-20&linkCode=osi&th=1&psc=1"><img src="https://m.media-amazon.com/images/I/412U0GonxIL._SL500_.jpg" alt="Product Image"></a><p>Vitafusion Power C Vitamin C Gummies for Immune Support, Orange Flavored, 282 mg Vitamin C, America’s Number 1 Gummy Vitamin Brand, 50 Day Supply, 150 Count</p><p> -20% 0FF </p><p>$10.04 ($0.07 / Count)</p><a href="https://www.amazon.com/dp/B003FW4UME?tag=eloabder-20&linkCode=osi&th=1&psc=1">View Product</a></div>
<div class="product"><a href="https://www.amazon.com/dp/B00DS5BGDY?tag=eloabder-20&linkCode=osi&th=1&psc=1"><img src="https://m.media-amazon.com/images/I/41zXI0XuNYL._SL500_.jpg" alt="Product Image"></a><p>Nature Made Vitamin B12 1000 mcg, Dietary Supplement for Energy Metabolism Support, 150 Softgels, 150 Day Supply</p><p> -58% 0FF </p><p>$9.98 ($0.07 / Count)</p><a href="https://www.amazon.com/dp/B00DS5BGDY?tag=eloabder-20&linkCode=osi&th=1&psc=1">View Product</a></div><div class="product"><a href="https://www.amazon.com/dp/B005DXM32M?tag=eloabder-20&linkCode=osi&th=1&psc=1"><img src="https://m.media-amazon.com/images/I/41MvjD91oML._SL500_.jpg" alt="Product Image"></a><p>Nature Made Vitamin B12 1000 mcg, Dietary Supplement For Energy Metabolism Support, 160 Time Release Tablets, 160 Day Supply</p><p> -48% 0FF </p><p>$10.65 ($0.07 / Count)</p><a href="https://www.amazon.com/dp/B005DXM32M?tag=eloabder-20&linkCode=osi&th=1&psc=1">View Product</a></div><div class="product"><a href="https://www.amazon.com/dp/B00CBXSO4I?tag=eloabder-20&linkCode=osi&th=1&psc=1"><img src="https://m.media-amazon.com/images/I/41iG+dyC1gL._SL500_.jpg" alt="Product Image"></a><p>Nature Made Maximum Strength Vitamin B12 5000 mcg, Dietary Supplement for Energy Metabolism Support, 60 Softgels, 60 Day Supply</p><p> -34% 0FF </p><p>$14.41 ($0.24 / Count)</p><a href="https://www.amazon.com/dp/B00CBXSO4I?tag=eloabder-20&linkCode=osi&th=1&psc=1">View Product</a></div><div class="product"><a href="https://www.amazon.com/dp/B002I3V8B2?tag=eloabder-20&linkCode=osi&th=1&psc=1"><img src="https://m.media-amazon.com/images/I/41eTIAmWMFL._SL500_.jpg" alt="Product Image"></a><p>Nature's Bounty Vitamin B12, Supports Energy Metabolism and Nervous System Health, 500mcg, 100 Quick Dissolve Tablets</p><p> -25% 0FF </p><p>$6.99 ($0.07 / Count)</p><a href="https://www.amazon.com/dp/B002I3V8B2?tag=eloabder-20&linkCode=osi&th=1&psc=1">View Product</a></div><div class="product"><a href="https://www.amazon.com/dp/B00OJOL3KO?tag=eloabder-20&linkCode=osi&th=1&psc=1"><img src="https://m.media-amazon.com/images/I/51fIqhTZ-dL._SL500_.jpg" alt="Product Image"></a><p>Vitafusion Extra Strength Vitamin B12 Gummy Vitamins for Energy Metabolism Support and Nervous System Health Support, Cherry Flavored, America’s Number 1 Brand, 45 Day Supply, 90 Count</p><p> -22% 0FF </p><p>$9.74 ($0.11 / Count)</p><a href="https://www.amazon.com/dp/B00OJOL3KO?tag=eloabder-20&linkCode=osi&th=1&psc=1">View Product</a></div><div class="product"><a href="https://www.amazon.com/dp/B07BLLJK8H?tag=eloabder-20&linkCode=osi&th=1&psc=1"><img src="https://m.media-amazon.com/images/I/41HZAnyAW7L._SL500_.jpg" alt="Product Image"></a><p>Natrol Vitamin B-12 5000mcg, Dietary Supplement for Cellular Energy Production & Healthy Nervous System Support, 200 Strawberry-Flavored Fast Dissolve Tablets, 200 Day Supply</p><p> -5% 0FF </p><p>$18.10 ($0.09 / count)</p><a href="https://www.amazon.com/dp/B07BLLJK8H?tag=eloabder-20&linkCode=osi&th=1&psc=1">View Product</a></div><div class="product"><a href="https://www.amazon.com/dp/B00VX14ULK?tag=eloabder-20&linkCode=osi&th=1&psc=1"><img src="https://m.media-amazon.com/images/I/41+rGLsEnvL._SL500_.jpg" alt="Product Image"></a><p>Nature's Bounty Vitamin B12 2500 mcg, Cellular Energy Support, For Energy Metabolism, Heart & Nervous System Health, 75 Quick Dissolve Tablets</p><p> -38% 0FF </p><p>$8.10 ($0.11 / Count)</p><a href="https://www.amazon.com/dp/B00VX14ULK?tag=eloabder-20&linkCode=osi&th=1&psc=1">View Product</a></div><div class="product"><a href="https://www.amazon.com/dp/B0CHKKGDXD?tag=eloabder-20&linkCode=osi&th=1&psc=1"><img src="https://m.media-amazon.com/images/I/31IJJrz9ABL._SL500_.jpg" alt="Product Image"></a><p>NatureWise Vitamin B12 1000 mcg - Supplement for Supporting Energy Levels, Mental Clarity, Nervous System Health - Easy-to-Swallow, Soy and Gluten-Free, Non-GMO - 60 Softgels[2-Month Supply]</p><p> -13% 0FF </p><p>$6.09 ($0.10 / Count)</p><a href="https://www.amazon.com/dp/B0CHKKGDXD?tag=eloabder-20&linkCode=osi&th=1&psc=1">View Product</a></div><div class="product"><a href="https://www.amazon.com/dp/B0BX7GP2HF?tag=eloabder-20&linkCode=osi&th=1&psc=1"><img src="https://m.media-amazon.com/images/I/41KaKYueDfL._SL500_.jpg" alt="Product Image"></a><p>Nature Made Extra Strength Vitamin B12 Gummies, 3000 mcg per serving, B12 Vitamin Supplement for Energy Metabolism Support, 60 Gummy Vitamins, 30 Day Supply</p><p> -25% 0FF </p><p>$10.49 ($0.17 / Count)</p><a href="https://www.amazon.com/dp/B0BX7GP2HF?tag=eloabder-20&linkCode=osi&th=1&psc=1">View Product</a></div>
<div class="product"><a href="https://www.amazon.com/dp/B0002VG3PS?tag=eloabder-20&linkCode=osi&th=1&psc=1"><img src="https://m.media-amazon.com/images/I/41xGc8gVGwL._SL500_.jpg" alt="Product Image"></a><p>Nature Made Vitamin E 180 mg (400 IU) dl-Alpha, Dietary Supplement for Antioxidant Support, No Artificial Flavors, 180 Softgels, 180 Day Supply</p><p> -30% 0FF </p><p>$13.99 ($0.08 / Count)</p><a href="https://www.amazon.com/dp/B0002VG3PS?tag=eloabder-20&linkCode=osi&th=1&psc=1">View Product</a></div><div class="product"><a href="https://www.amazon.com/dp/B002QMB57C?tag=eloabder-20&linkCode=osi&th=1&psc=1"><img src="https://m.media-amazon.com/images/I/41ILutGzoOL._SL500_.jpg" alt="Product Image"></a><p>Nature's Bounty Vitamin E 1000 IU Softgels, Supports Antioxidant Health & Immune System, 1 Pack, 60 Softgels</p><p> -13% 0FF </p><p>$18.48 ($0.31 / Count)</p><a href="https://www.amazon.com/dp/B002QMB57C?tag=eloabder-20&linkCode=osi&th=1&psc=1">View Product</a></div><div class="product"><a href="https://www.amazon.com/dp/B0CPKVBSFR?tag=eloabder-20&linkCode=osi&th=1&psc=1"><img src="https://m.media-amazon.com/images/I/31x9KLSyq4L._SL500_.jpg" alt="Product Image"></a><p>NatureWise Vitamin E 400 IU Softgels (180mg DL-Alpha) - Dairy, Gluten, and Soy Free, Non-GMO Antioxidant Dietary Supplement for Skin, Heart, Eye, and Immune Health Support - 2-Month Supply, 60 Count</p><p> -35% 0FF </p><p>$5.17 ($0.09 / Count)</p><a href="https://www.amazon.com/dp/B0CPKVBSFR?tag=eloabder-20&linkCode=osi&th=1&psc=1">View Product</a></div><div class="product"><a href="https://www.amazon.com/dp/B07BFSFCDS?tag=eloabder-20&linkCode=osi&th=1&psc=1"><img src="https://m.media-amazon.com/images/I/41pk1ggHalS._SL500_.jpg" alt="Product Image"></a><p>Amazon Elements Vitamin E, 400 IU, 100 Softgels, 100 days of supply (Packaging may vary)</p><p> -5% 0FF </p><p>$11.21 ($0.11 / count)</p><a href="https://www.amazon.com/dp/B07BFSFCDS?tag=eloabder-20&linkCode=osi&th=1&psc=1">View Product</a></div><div class="product"><a href="https://www.amazon.com/dp/B000MGOX78?tag=eloabder-20&linkCode=osi&th=1&psc=1"><img src="https://m.media-amazon.com/images/I/41G2JwLiZ0L._SL500_.jpg" alt="Product Image"></a><p>NOW Supplements, Vitamin E-400 IU, Mixed Tocopherols, Antioxidant Protection*, 100 Softgels</p><p> -62% 0FF </p><p>$10.00 ($0.10 / Count)</p><a href="https://www.amazon.com/dp/B000MGOX78?tag=eloabder-20&linkCode=osi&th=1&psc=1">View Product</a></div><div class="product"><a href="https://www.amazon.com/dp/B00128X11E?tag=eloabder-20&linkCode=osi&th=1&psc=1"><img src="https://m.media-amazon.com/images/I/41518K4wU4L._SL500_.jpg" alt="Product Image"></a><p>Solgar Vitamin E 670 mg (1000 IU), 100 Mixed Softgels - Natural Antioxidant, Skin & Immune System Support - Naturally-Sourced Vitamin E - Gluten /Dairy Free - 100 Servings</p><p> -32% 0FF </p><p>$24.56 ($0.25 / Count)</p><a href="https://www.amazon.com/dp/B00128X11E?tag=eloabder-20&linkCode=osi&th=1&psc=1">View Product</a></div><div class="product"><a href="https://www.amazon.com/dp/B0C2SY3BG3?tag=eloabder-20&linkCode=osi&th=1&psc=1"><img src="https://m.media-amazon.com/images/I/41b1yne-vuL._SL500_.jpg" alt="Product Image"></a><p>NatureBell Vitamin E Oil Softgels, 1,000 IU Per Serving, 300 Pills | Essential Antioxidant Supplements, Easily Absorbed Form – Supports Skin, Heart, & Immune Health – Non-GMO</p><p> -22% 0FF </p><p>$24.99 ($0.08 / Count)</p><a href="https://www.amazon.com/dp/B0C2SY3BG3?tag=eloabder-20&linkCode=osi&th=1&psc=1">View Product</a></div><div class="product"><a href="https://www.amazon.com/dp/B01I5OB3LW?tag=eloabder-20&linkCode=osi&th=1&psc=1"><img src="https://m.media-amazon.com/images/I/417sk03NClL._SL500_.jpg" alt="Product Image"></a><p>Nutricost Vitamin E 400 IU, 240 Softgel Capsules - Gluten Free, Non-GMO</p><p> -10% 0FF </p><p>$17.95 ($0.07 / Count)</p><a href="https://www.amazon.com/dp/B01I5OB3LW?tag=eloabder-20&linkCode=osi&th=1&psc=1">View Product</a></div>
<div class="product"><a href="https://www.amazon.com/dp/B006QQRY2O?tag=eloabder-20&linkCode=osi&th=1&psc=1"><img src="https://m.media-amazon.com/images/I/419WjZLvLFL._SL500_.jpg" alt="Product Image"></a><p>Nature's Bounty Iron 65mg, 325 mg Ferrous Sulfate, Cellular Energy Support, Promotes Normal Red Blood Cell Production, 100 Tablets</p><p> -14% 0FF </p><p>$5.45 ($0.05 / Count)</p><a href="https://www.amazon.com/dp/B006QQRY2O?tag=eloabder-20&linkCode=osi&th=1&psc=1">View Product</a></div><div class="product"><a href="https://www.amazon.com/dp/B000WQDD2O?tag=eloabder-20&linkCode=osi&th=1&psc=1"><img src="https://m.media-amazon.com/images/I/41jQi-zmmlL._SL500_.jpg" alt="Product Image"></a><p>NOW Foods Supplements, Iron 18 mg, Non-Constipating*, Essential Mineral, 120 Veg Capsules</p><p> -39% 0FF </p><p>$7.95 ($0.07 / Count)</p><a href="https://www.amazon.com/dp/B000WQDD2O?tag=eloabder-20&linkCode=osi&th=1&psc=1">View Product</a></div><div class="product"><a href="https://www.amazon.com/dp/B08R68324Q?tag=eloabder-20&linkCode=osi&th=1&psc=1"><img src="https://m.media-amazon.com/images/I/41b3TxAwD0L._SL500_.jpg" alt="Product Image"></a><p>Doctor's Recipes Iron Supplement 65 mg with Vitamin C - Maximized Absorption & Stomach Friendly Iron Pills for Red Blood Cells Formation, Heart, Brain & Immunity Health - Vegan Non-GMO 60 Iron Tablets</p><p> -26% 0FF </p><p>$15.98 ($0.27 / Count)</p><a href="https://www.amazon.com/dp/B08R68324Q?tag=eloabder-20&linkCode=osi&th=1&psc=1">View Product</a></div><div class="product"><a href="https://www.amazon.com/dp/B00FYOU6AG?tag=eloabder-20&linkCode=osi&th=1&psc=1"><img src="https://m.media-amazon.com/images/I/41oKBWWRn0L._SL500_.jpg" alt="Product Image"></a><p>NOW Supplements, Iron 36 mg, Double Strength, Non-Constipating*, Essential Mineral, 90 Veg Capsules</p><p> -41% 0FF </p><p>$8.87 ($0.10 / Count)</p><a href="https://www.amazon.com/dp/B00FYOU6AG?tag=eloabder-20&linkCode=osi&th=1&psc=1">View Product</a></div><div class="product"><a href="https://www.amazon.com/dp/B07YM21GR5?tag=eloabder-20&linkCode=osi&th=1&psc=1"><img src="https://m.media-amazon.com/images/I/31Jsc2g7KXL._SL500_.jpg" alt="Product Image"></a><p>MaryRuth Organics Iron Supplement for Women Men & Kids, Liquid Iron Supplement for Women Men & Kids, Iron for Healthy Blood & Oxygen, Ages 4 & Up, Sugar Free, Vegan, Non-GMO, Gluten Free, 15.22 Fl Oz</p><p> -21% 0FF </p><p>$34.48 ($2.27 / Fl Oz)</p><a href="https://www.amazon.com/dp/B07YM21GR5?tag=eloabder-20&linkCode=osi&th=1&psc=1">View Product</a></div><div class="product"><a href="https://www.amazon.com/dp/B006LTCAU2?tag=eloabder-20&linkCode=osi&th=1&psc=1"><img src="https://m.media-amazon.com/images/I/41SJkmfNggL._SL500_.jpg" alt="Product Image"></a><p>Nature's Way Liquid Iron, Provides Daily Value of Iron, Sugar Free, Berry Flavored, 16 Fl. Oz.</p><p> -30% 0FF </p><p>$8.04 ($0.50 / Fl Oz)</p><a href="https://www.amazon.com/dp/B006LTCAU2?tag=eloabder-20&linkCode=osi&th=1&psc=1">View Product</a></div><div class="product"><a href="https://www.amazon.com/dp/B00280M13O?tag=eloabder-20&linkCode=osi&th=1&psc=1"><img src="https://m.media-amazon.com/images/I/51p4g8jnSrS._SL500_.jpg" alt="Product Image"></a><p>Vitamin Code Raw Iron 30ct Capsules</p><p> -20% 0FF </p><p>$15.19 ($0.51 / Count)</p><a href="https://www.amazon.com/dp/B00280M13O?tag=eloabder-20&linkCode=osi&th=1&psc=1">View Product</a></div>
<div class="product"><a href="https://www.amazon.com/dp/B0002VG3QC?tag=eloabder-20&linkCode=osi&th=1&psc=1"><img src="https://m.media-amazon.com/images/I/4164AhPYwZL._SL500_.jpg" alt="Product Image"></a><p>Nature Made Magnesium Oxide 250 mg, Magnesium Supplement for Muscle, Heart, Bone and Nerve Health Support, 200 Tablets, 200 Day Supply</p><p> -27% 0FF </p><p>$8.69 ($0.04 / Count)</p><a href="https://www.amazon.com/dp/B0002VG3QC?tag=eloabder-20&linkCode=osi&th=1&psc=1">View Product</a></div><div class="product"><a href="https://www.amazon.com/dp/B00151G8L8?tag=eloabder-20&linkCode=osi&th=1&psc=1"><img src="https://m.media-amazon.com/images/I/41IBWthzaBL._SL500_.jpg" alt="Product Image"></a><p>Doctor's Best High Absorption Magnesium Glycinate Lysinate, 100% Chelated, TRACCS, Not Buffered, Non-GMO, Vegan, Gluten & Soy Free, 100 mg, 120 Tablets (Packaging May Vary)</p><p> -42% 0FF </p><p>$10.39 ($0.09 / Count)</p><a href="https://www.amazon.com/dp/B00151G8L8?tag=eloabder-20&linkCode=osi&th=1&psc=1">View Product</a></div><div class="product"><a href="https://www.amazon.com/dp/B01CJGXMU2?tag=eloabder-20&linkCode=osi&th=1&psc=1"><img src="https://m.media-amazon.com/images/I/41vazOiu5hL._SL500_.jpg" alt="Product Image"></a><p>Nature Made Magnesium Oxide 250 mg, Magnesium Supplement for Muscle, Heart, Bone and Nerve Health Support, 100 Tablets, 100 Day Supply</p><p> -27% 0FF </p><p>$4.49 ($0.04 / Count)</p><a href="https://www.amazon.com/dp/B01CJGXMU2?tag=eloabder-20&linkCode=osi&th=1&psc=1">View Product</a></div><div class="product"><a href="https://www.amazon.com/dp/B0CRNTTRWH?tag=eloabder-20&linkCode=osi&th=1&psc=1"><img src="https://m.media-amazon.com/images/I/51yGB2K9u1L._SL500_.jpg" alt="Product Image"></a><p>NatureMade Extra Strength Magnesium 400 mg for Bone Health, 180 Softgels</p><p> -26% 0FF </p><p>$24.25 ($0.13 / Count)</p><a href="https://www.amazon.com/dp/B0CRNTTRWH?tag=eloabder-20&linkCode=osi&th=1&psc=1">View Product</a></div><div class="product"><a href="https://www.amazon.com/dp/B0982JTZ7C?tag=eloabder-20&linkCode=osi&th=1&psc=1"><img src="https://m.media-amazon.com/images/I/410EJ4ZeN7L._SL500_.jpg" alt="Product Image"></a><p>Vitamatic Magnesium Citrate Gummies 600mg per Serving - 60 Vegan Gummies - Promotes Healthy Relaxation, Muscle, Bone, & Energy Support (60 Gummies (Pack of 1))</p><p> -31% 0FF </p><p>$8.99 ($0.15 / Count)</p><a href="https://www.amazon.com/dp/B0982JTZ7C?tag=eloabder-20&linkCode=osi&th=1&psc=1">View Product</a></div>
<div class="product"><a href="https://www.amazon.com/dp/B0000DJAPU?tag=eloabder-20&linkCode=osi&th=1&psc=1"><img src="https://m.media-amazon.com/images/I/41AWyU-R3pL._SL500_.jpg" alt="Product Image"></a><p>Nature Made Zinc 30 mg, Dietary Supplement for Immune Health and Antioxidant Support, 100 Tablets, 100 Day Supply</p><p> -14% 0FF </p><p>$4.99 ($0.05 / Count)</p><a href="https://www.amazon.com/dp/B0000DJAPU?tag=eloabder-20&linkCode=osi&th=1&psc=1">View Product</a></div><div class="product"><a href="https://www.amazon.com/dp/B009K6TN08?tag=eloabder-20&linkCode=osi&th=1&psc=1"><img src="https://m.media-amazon.com/images/I/41+5SobvuAL._SL500_.jpg" alt="Product Image"></a><p>NOW Foods Supplements, Zinc (Zinc Gluconate) 50 mg, Supports Enzyme Functions*, Immune Support*, 100 Tablets</p><p> -39% 0FF </p><p>$4.88 ($0.05 / Count)</p><a href="https://www.amazon.com/dp/B009K6TN08?tag=eloabder-20&linkCode=osi&th=1&psc=1">View Product</a></div><div class="product"><a href="https://www.amazon.com/dp/B0098U0QC0?tag=eloabder-20&linkCode=osi&th=1&psc=1"><img src="https://m.media-amazon.com/images/I/5129AYBHcsS._SL500_.jpg" alt="Product Image"></a><p>Garden of Life Zinc Supplements 30mg High Potency Raw Zinc and Vitamin C Multimineral Supplement, Vitamin Code Vitamins Trace Minerals & Probiotics for Skin Health & Immune Support, 60 Vegan Capsules</p><p> -30% 0FF </p><p>$11.19 ($0.19 / Count)</p><a href="https://www.amazon.com/dp/B0098U0QC0?tag=eloabder-20&linkCode=osi&th=1&psc=1">View Product</a></div><div class="product"><a href="https://www.amazon.com/dp/B07QF5YZPM?tag=eloabder-20&linkCode=osi&th=1&psc=1"><img src="https://m.media-amazon.com/images/I/31-Es0RvwCL._SL500_.jpg" alt="Product Image"></a><p>Horbäach Chelated Zinc Supplement 100mg | 250 Tablets | High Potency & Superior Absorption | Vegetarian, Non-GMO, Gluten Free</p><p> -15% 0FF </p><p>$9.39 ($0.04 / Count)</p><a href="https://www.amazon.com/dp/B07QF5YZPM?tag=eloabder-20&linkCode=osi&th=1&psc=1">View Product</a></div><div class="product"><a href="https://www.amazon.com/dp/B004S8CNMS?tag=eloabder-20&linkCode=osi&th=1&psc=1"><img src="https://m.media-amazon.com/images/I/4189jQ1l1qL._SL500_.jpg" alt="Product Image"></a><p>Life Extension Zinc Caps, zinc 50 mg, zinc citrate, Support the body's immune defenses, ultra-absorbable, vegetarian, non-GMO, gluten-free, 90 vegetarian capsules, 90 Count (Pack of 1)</p><p> -25% 0FF </p><p>$6.75 ($0.08 / Count)</p><a href="https://www.amazon.com/dp/B004S8CNMS?tag=eloabder-20&linkCode=osi&th=1&psc=1">View Product</a></div><div class="product"><a href="https://www.amazon.com/dp/B087YLTR4G?tag=eloabder-20&linkCode=osi&th=1&psc=1"><img src="https://m.media-amazon.com/images/I/41hh-3XSXjL._SL500_.jpg" alt="Product Image"></a><p>Sandhu’s Zinc Quercetin 120 Vegetarian Capsules – Zinc Supplements for Antioxidant Immune Support Zinc for Men and Women – Gluten, Soy, Dairy Free</p><p> -20% 0FF </p><p>$27.99 ($0.23 / Count)</p><a href="https://www.amazon.com/dp/B087YLTR4G?tag=eloabder-20&linkCode=osi&th=1&psc=1">View Product</a></div>
<div class="product"><a href="https://www.amazon.com/dp/B0000DJAPS?tag=eloabder-20&linkCode=osi&th=1&psc=1"><img src="https://m.media-amazon.com/images/I/41V-vVwQs7L._SL500_.jpg" alt="Product Image"></a><p>Nature Made Folic Acid 400 mcg (665 mcg DFE), Dietary Supplement for Nervous System Function, 250 Tablets, 250 Day Supply</p><p> -10% 0FF </p><p>$6.31 ($0.03 / Count)</p><a href="https://www.amazon.com/dp/B0000DJAPS?tag=eloabder-20&linkCode=osi&th=1&psc=1">View Product</a></div><div class="product"><a href="https://www.amazon.com/dp/B0009U84Z4?tag=eloabder-20&linkCode=osi&th=1&psc=1"><img src="https://m.media-amazon.com/images/I/41XgVk+QOcL._SL500_.jpg" alt="Product Image"></a><p>NOW Foods Supplements, Folic Acid 800 mcg + B-12 (Cyanocobalamin) 25 mcg, B Complex Vitamin, 250 Tablets</p><p> -39% 0FF </p><p>$5.50 ($0.02 / Count)</p><a href="https://www.amazon.com/dp/B0009U84Z4?tag=eloabder-20&linkCode=osi&th=1&psc=1">View Product</a></div><div class="product"><a href="https://www.amazon.com/dp/B099JC2YTF?tag=eloabder-20&linkCode=osi&th=1&psc=1"><img src="https://m.media-amazon.com/images/I/41T14HpE5hS._SL500_.jpg" alt="Product Image"></a><p>Vitamatic Folic Acid 1000 mcg (1 mg) - Vegetarian Tablets - 1667 mcg DFE - Vitamin B9 (240 Count (Pack of 1))</p><p> -33% 0FF </p><p>$9.99 ($0.04 / Count)</p><a href="https://www.amazon.com/dp/B099JC2YTF?tag=eloabder-20&linkCode=osi&th=1&psc=1">View Product</a></div><div class="product"><a href="https://www.amazon.com/dp/B01IO43YO2?tag=eloabder-20&linkCode=osi&th=1&psc=1"><img src="https://m.media-amazon.com/images/I/41osMHAFreL._SL500_.jpg" alt="Product Image"></a><p>Nutricost Folic Acid (Vitamin B9) 1000 mcg, 240 Capsules</p><p> -13% 0FF </p><p>$12.95 ($0.05 / Count)</p><a href="https://www.amazon.com/dp/B01IO43YO2?tag=eloabder-20&linkCode=osi&th=1&psc=1">View Product</a></div><div class="product"><a href="https://www.amazon.com/dp/B000PSYWQK?tag=eloabder-20&linkCode=osi&th=1&psc=1"><img src="https://m.media-amazon.com/images/I/41qXznaiUlL._SL500_.jpg" alt="Product Image"></a><p>21st Century Folic Acid 400 mcg Tablets, 250 Count</p><p> -28% 0FF </p><p>$3.61 ($0.01 / Count)</p><a href="https://www.amazon.com/dp/B000PSYWQK?tag=eloabder-20&linkCode=osi&th=1&psc=1">View Product</a></div>
<div class="product"><a href="https://www.amazon.com/dp/B00DS5BGAC?tag=eloabder-20&linkCode=osi&th=1&psc=1"><img src="https://m.media-amazon.com/images/I/41XgXxh1trL._SL500_.jpg" alt="Product Image"></a><p>Nature Made Maximum Strength Biotin 5000 mcg, Dietary Supplement may help support Healthy Hair, Skin & Nails, 120 Softgels</p><p> -32% 0FF </p><p>$16.25 ($0.14 / Count)</p><a href="https://www.amazon.com/dp/B00DS5BGAC?tag=eloabder-20&linkCode=osi&th=1&psc=1">View Product</a></div><div class="product"><a href="https://www.amazon.com/dp/B0889KTX1J?tag=eloabder-20&linkCode=osi&th=1&psc=1"><img src="https://m.media-amazon.com/images/I/41CgZFj-vcL._SL500_.jpg" alt="Product Image"></a><p>Nature's Bounty Biotin 10,000 mcg, 250 Rapid Release Softgels</p><p> -15% 0FF </p><p>$16.97 ($0.07 / Count)</p><a href="https://www.amazon.com/dp/B0889KTX1J?tag=eloabder-20&linkCode=osi&th=1&psc=1">View Product</a></div><div class="product"><a href="https://www.amazon.com/dp/B01D6AQQQC?tag=eloabder-20&linkCode=osi&th=1&psc=1"><img src="https://m.media-amazon.com/images/I/41TljEJomnL._SL500_.jpg" alt="Product Image"></a><p>Nature Made One Per Day Biotin (B7) 1000 mcg. Softgels 120 Ct</p><p> -32% 0FF </p><p>$10.01 ($0.08 / Count)</p><a href="https://www.amazon.com/dp/B01D6AQQQC?tag=eloabder-20&linkCode=osi&th=1&psc=1">View Product</a></div><div class="product"><a href="https://www.amazon.com/dp/B00DS5BG52?tag=eloabder-20&linkCode=osi&th=1&psc=1"><img src="https://m.media-amazon.com/images/I/410g0guLnxL._SL500_.jpg" alt="Product Image"></a><p>Nature Made Time Release B-100 B Complex, Dietary Supplement for Nervous System Function Support, 60 Time Release Tablets, 60 Day Supply</p><p> -22% 0FF </p><p>$16.47 ($0.11 / Count)</p><a href="https://www.amazon.com/dp/B00DS5BG52?tag=eloabder-20&linkCode=osi&th=1&psc=1">View Product</a></div><div class="product"><a href="https://www.amazon.com/dp/B000WSS3TA?tag=eloabder-20&linkCode=osi&th=1&psc=1"><img src="https://m.media-amazon.com/images/I/41Y5bx0ysML._SL500_.jpg" alt="Product Image"></a><p>NOW Supplements, Biotin 1,000 mcg, Amino Acid Metabolism*, Energy Production*, 100 Capsules</p><p> -39% 0FF </p><p>$5.50 ($0.06 / Count)</p><a href="https://www.amazon.com/dp/B000WSS3TA?tag=eloabder-20&linkCode=osi&th=1&psc=1">View Product</a></div>
<div class="product"><a href="https://www.amazon.com/dp/B08451719W?tag=eloabder-20&linkCode=osi&th=1&psc=1"><img src="https://m.media-amazon.com/images/I/41Yv7xh8wNL._SL500_.jpg" alt="Product Image"></a><p>Carlyle Melatonin 12 mg Fast Dissolve 300 Tablets | Drug Free | Natural Berry Flavor | Vegetarian, Non-GMO, Gluten Free</p><p> -15% 0FF </p><p>$8.99 ($0.03 / Count)</p><a href="https://www.amazon.com/dp/B08451719W?tag=eloabder-20&linkCode=osi&th=1&psc=1">View Product</a></div><div class="product"><a href="https://www.amazon.com/dp/B000GG6D9A?tag=eloabder-20&linkCode=osi&th=1&psc=1"><img src="https://m.media-amazon.com/images/I/41FKo4YWuQL._SL500_.jpg" alt="Product Image"></a><p>Nature’s Bounty Melatonin 3mg, 100% Drug Free Sleep Aids for Adults, Supports Relaxation and Sleep, Dietary Supplement, 240 Count (Cherry Flavour - Packaging May Vary)</p><p> -35% 0FF </p><p>$7.74 ($0.03 / Count)</p><a href="https://www.amazon.com/dp/B000GG6D9A?tag=eloabder-20&linkCode=osi&th=1&psc=1">View Product</a></div><div class="product"><a href="https://www.amazon.com/dp/B01E14X7SM?tag=eloabder-20&linkCode=osi&th=1&psc=1"><img src="https://m.media-amazon.com/images/I/4193TTQGbkL._SL500_.jpg" alt="Product Image"></a><p>Natrol Sleep Melatonin 10mg Fast Dissolve Tablets, Nighttime Sleep Aid for Adults, 100 Strawberry-Flavored Melatonin Tablets, 100 Day Supply</p><p> -22% 0FF </p><p>$13.19 ($0.13 / Count)</p><a href="https://www.amazon.com/dp/B01E14X7SM?tag=eloabder-20&linkCode=osi&th=1&psc=1">View Product</a></div><div class="product"><a href="https://www.amazon.com/dp/B005DEK990?tag=eloabder-20&linkCode=osi&th=1&psc=1"><img src="https://m.media-amazon.com/images/I/41WEN6LZ54L._SL500_.jpg" alt="Product Image"></a><p>Nature Made Melatonin 3mg Tablets, 100% Drug Free Sleep Aid for Adults, 240 Tablets, 240 Day Supply</p><p> -36% 0FF </p><p>$7.81 ($0.03 / Count)</p><a href="https://www.amazon.com/dp/B005DEK990?tag=eloabder-20&linkCode=osi&th=1&psc=1">View Product</a></div><div class="product"><a href="https://www.amazon.com/dp/B085V63SWW?tag=eloabder-20&linkCode=osi&th=1&psc=1"><img src="https://m.media-amazon.com/images/I/41dWasYIlQL._SL500_.jpg" alt="Product Image"></a><p>Nature Made Melatonin 10mg Maximum Strength Tablets, 100% Drug Free Sleep Aid for Adults, 70 Count, 70 Day Supply</p><p> -15% 0FF </p><p>$13.17 ($0.19 / Count)</p><a href="https://www.amazon.com/dp/B085V63SWW?tag=eloabder-20&linkCode=osi&th=1&psc=1">View Product</a></div><div class="product"><a href="https://www.amazon.com/dp/B08666GMWG?tag=eloabder-20&linkCode=osi&th=1&psc=1"><img src="https://m.media-amazon.com/images/I/41dH5lxQdfL._SL500_.jpg" alt="Product Image"></a><p>Natrol 10mg Melatonin Gummies, Sleep Support for Adults, Melatonin Supplements for Sleeping, 140 Strawberry-Flavored Gummies, 70 Day Supply</p><p> -26% 0FF </p><p>$15.99 ($0.11 / Count)</p><a href="https://www.amazon.com/dp/B08666GMWG?tag=eloabder-20&linkCode=osi&th=1&psc=1">View Product</a></div><div class="product"><a href="https://www.amazon.com/dp/B00H2FG8RK?tag=eloabder-20&linkCode=osi&th=1&psc=1"><img src="https://m.media-amazon.com/images/I/41E1SmNAVtL._SL500_.jpg" alt="Product Image"></a><p>Nature's Bounty Melatonin 5mg Dual Spectrum, 100% Drug Free Sleep Supplement, Quick Release and Extended Release, Promotes Relaxation and Sleep Health, 60 Bi-Layer Tablets</p><p> -35% 0FF </p><p>$7.29 ($0.12 / Count)</p><a href="https://www.amazon.com/dp/B00H2FG8RK?tag=eloabder-20&linkCode=osi&th=1&psc=1">View Product</a></div><div class="product"><a href="https://www.amazon.com/dp/B079TD7HG2?tag=eloabder-20&linkCode=osi&th=1&psc=1"><img src="https://m.media-amazon.com/images/I/519TEPXTm7L._SL500_.jpg" alt="Product Image"></a><p>Natrol 10 mg Melatonin Gummies, Sleep Support for Adults, Melatonin Supplements for Sleeping, 90 Strawberry-Flavored Gummies, 45 Day Supply</p><p> -27% 0FF </p><p>$10.98 ($0.12 / Count)</p><a href="https://www.amazon.com/dp/B079TD7HG2?tag=eloabder-20&linkCode=osi&th=1&psc=1">View Product</a></div>
<div class="product"><a href="https://www.amazon.com/dp/B01GVJK3XW?tag=eloabder-20&linkCode=osi&th=1&psc=1"><img src="https://m.media-amazon.com/images/I/41y-ROAavrL._SL500_.jpg" alt="Product Image"></a><p>Glucosamine Chondroitin MSM Turmeric Boswellia - Joint Support Supplement. Antioxidant Properties. Helps with Inflammatory Response. Occasional Discomfort Relief for Back, Knees & Hands. 90 Capsules</p><p> -15% 0FF </p><p>$28.97 ($0.32 / Count)</p><a href="https://www.amazon.com/dp/B01GVJK3XW?tag=eloabder-20&linkCode=osi&th=1&psc=1">View Product</a></div><div class="product"><a href="https://www.amazon.com/dp/B0BJS6ZYSM?tag=eloabder-20&linkCode=osi&th=1&psc=1"><img src="https://m.media-amazon.com/images/I/41xRD3RMthL._SL500_.jpg" alt="Product Image"></a><p>Horbäach Glucosamine Chondroitin | Plus MSM & Turmeric | 180 Coated Caplets | Non-GMO, Gluten Free Supplement</p><p> -15% 0FF </p><p>$9.88 ($0.05 / Count)</p><a href="https://www.amazon.com/dp/B0BJS6ZYSM?tag=eloabder-20&linkCode=osi&th=1&psc=1">View Product</a></div><div class="product"><a href="https://www.amazon.com/dp/B000052YVA?tag=eloabder-20&linkCode=osi&th=1&psc=1"><img src="https://m.media-amazon.com/images/I/51Pss8N94eL._SL500_.jpg" alt="Product Image"></a><p>Nature's Bounty Glucosamine Chondroitin Pills and Dietary Supplement, Support Joint Health, 110 Capsules</p><p> -29% 0FF </p><p>$16.79 ($0.15 / Count)</p><a href="https://www.amazon.com/dp/B000052YVA?tag=eloabder-20&linkCode=osi&th=1&psc=1">View Product</a></div><div class="product"><a href="https://www.amazon.com/dp/B000I4DFAK?tag=eloabder-20&linkCode=osi&th=1&psc=1"><img src="https://m.media-amazon.com/images/I/412eH9qi4+L._SL500_.jpg" alt="Product Image"></a><p>Doctor's Best Glucosamine Chondroitin Msm with OptiMSM Capsules, Supports Healthy Joint Structure, Function & Comfort, Non-GMO, Gluten Free, Soy Free, 240 Count (Pack of 1)</p><p> -46% 0FF </p><p>$27.21 ($0.11 / Count)</p><a href="https://www.amazon.com/dp/B000I4DFAK?tag=eloabder-20&linkCode=osi&th=1&psc=1">View Product</a></div>
<div class="product"><a href="https://www.amazon.com/dp/B0013OVYE8?tag=eloabder-20&linkCode=osi&th=1&psc=1"><img src="https://m.media-amazon.com/images/I/41rq0wz7-AL._SL500_.jpg" alt="Product Image"></a><p>NOW Foods Supplements, Chondroitin Sulfate 600 mg (a Glycosaminoglycan), Joint Health*, 120 Capsules</p><p> -46% 0FF </p><p>$20.40 ($0.17 / Count)</p><a href="https://www.amazon.com/dp/B0013OVYE8?tag=eloabder-20&linkCode=osi&th=1&psc=1">View Product</a></div><div class="product"><a href="https://www.amazon.com/dp/B09KZLMBVD?tag=eloabder-20&linkCode=osi&th=1&psc=1"><img src="https://m.media-amazon.com/images/I/41rl9efgbGL._SL500_.jpg" alt="Product Image"></a><p>Horbaäch Chondroitin Sulfate 1200mg | 120 Capsules | Non-GMO & Gluten Free Supplement</p><p> -15% 0FF </p><p>$17.38 ($0.14 / Count)</p><a href="https://www.amazon.com/dp/B09KZLMBVD?tag=eloabder-20&linkCode=osi&th=1&psc=1">View Product</a></div>
<div class="product"><a href="https://www.amazon.com/dp/B004GJVD4I?tag=eloabder-20&linkCode=osi&th=1&psc=1"><img src="https://m.media-amazon.com/images/I/41rXqlhNrwL._SL500_.jpg" alt="Product Image"></a><p>Nature Made CoQ10 200mg, Dietary Supplement for Heart Health Support, 80 Softgels, 80 Day Supply</p><p> -52% 0FF </p><p>$23.98 ($0.30 / Count)</p><a href="https://www.amazon.com/dp/B004GJVD4I?tag=eloabder-20&linkCode=osi&th=1&psc=1">View Product</a></div><div class="product"><a href="https://www.amazon.com/dp/B0CFXBNL3Q?tag=eloabder-20&linkCode=osi&th=1&psc=1"><img src="https://m.media-amazon.com/images/I/41GAV2EaxRL._SL500_.jpg" alt="Product Image"></a><p>Stynghj CoQ10 300mg,100 Softgels-Helps Maintain Healthy Blood Pressure and Promotes Energy Production,100 Count (Pack of 1)</p><p> -5% 0FF </p><p>$17.89 ($0.18 / Count)</p><a href="https://www.amazon.com/dp/B0CFXBNL3Q?tag=eloabder-20&linkCode=osi&th=1&psc=1">View Product</a></div><div class="product"><a href="https://www.amazon.com/dp/B0BL1Z8MVD?tag=eloabder-20&linkCode=osi&th=1&psc=1"><img src="https://m.media-amazon.com/images/I/51-25Gi4YyL._SL500_.jpg" alt="Product Image"></a><p>Qunol Ultra CoQ10 100mg Softgels- 3x Better Absorption, Antioxidant for Heart Health & Energy Production, Coenzyme Q10 Vitamins and Supplements, 3 Month Supply, 90 Count</p><p> -10% 0FF </p><p>$23.39 ($0.26 / Count)</p><a href="https://www.amazon.com/dp/B0BL1Z8MVD?tag=eloabder-20&linkCode=osi&th=1&psc=1">View Product</a></div><div class="product"><a href="https://www.amazon.com/dp/B096NKZB6V?tag=eloabder-20&linkCode=osi&th=1&psc=1"><img src="https://m.media-amazon.com/images/I/41ECd00nr9L._SL500_.jpg" alt="Product Image"></a><p>CoQ10-200mg-Softgels with PQQ, BioPerine & Omega-3, 120 Servings Coenzyme Q10(Ubiquinone) Supplement for High-Absorption, Powerful-Antioxidant, Support Heart & Energy-Production</p><p> -24% 0FF </p><p>$15.99 ($0.13 / Count)</p><a href="https://www.amazon.com/dp/B096NKZB6V?tag=eloabder-20&linkCode=osi&th=1&psc=1">View Product</a></div><div class="product"><a href="https://www.amazon.com/dp/B0CF3M3Y1M?tag=eloabder-20&linkCode=osi&th=1&psc=1"><img src="https://m.media-amazon.com/images/I/41U+3SrQIVL._SL500_.jpg" alt="Product Image"></a><p>CoQ10 100mg, 240 Capsules – with Omega 3 Fatty Acid 100mg – Bioavailable Coenzyme Q10 Supplements – Heart, Energy, & Brain Health Antioxidant Support – Non-GMO</p><p> -50% 0FF </p><p>$9.99 ($0.04 / Count)</p><a href="https://www.amazon.com/dp/B0CF3M3Y1M?tag=eloabder-20&linkCode=osi&th=1&psc=1">View Product</a></div>
<div class="product"><a href="https://www.amazon.com/dp/B001GCU6KA?tag=eloabder-20&linkCode=osi&th=1&psc=1"><img src="https://m.media-amazon.com/images/I/41GqjqtkrqL._SL500_.jpg" alt="Product Image"></a><p>NOW Foods Supplements, Omega-3 180 EPA / 120 DHA, Molecularly Distilled, Cardiovascular Support*, 200 Softgels</p><p> -39% 0FF </p><p>$12.24 ($0.06 / Count)</p><a href="https://www.amazon.com/dp/B001GCU6KA?tag=eloabder-20&linkCode=osi&th=1&psc=1">View Product</a></div>
<div class="product"><a href="https://www.amazon.com/dp/B01BXLYEQ0?tag=eloabder-20&linkCode=osi&th=1&psc=1"><img src="https://m.media-amazon.com/images/I/41-9QpEJLtL._SL500_.jpg" alt="Product Image"></a><p>Jacked Factory Burn-XT Clinically Studied Fat Burner & Weight Loss Supplement - Appetite Suppressant & Energy Booster - with Acetyl L-Carnitine, Green Tea Extract and More - 60 Natural Diet Pills</p><p> -43% 0FF </p><p>$19.99 ($0.33 / Count)</p><a href="https://www.amazon.com/dp/B01BXLYEQ0?tag=eloabder-20&linkCode=osi&th=1&psc=1">View Product</a></div><div class="product"><a href="https://www.amazon.com/dp/B00D0VY8BS?tag=eloabder-20&linkCode=osi&th=1&psc=1"><img src="https://m.media-amazon.com/images/I/41NUcpXu+8L._SL500_.jpg" alt="Product Image"></a><p>Hyleys Slim Tea Goji Berry with Green Tea & Senna - Herbal Weight Loss Detox Cleanse Supplement for Belly Fat, Bloating & Metabolism Boost - 25 Tea Bags (1 Pack)</p><p> -23% 0FF </p><p>$4.25 ($0.17 / Count)</p><a href="https://www.amazon.com/dp/B00D0VY8BS?tag=eloabder-20&linkCode=osi&th=1&psc=1">View Product</a></div><div class="product"><a href="https://www.amazon.com/dp/B0BJ827RQF?tag=eloabder-20&linkCode=osi&th=1&psc=1"><img src="https://m.media-amazon.com/images/I/31TvlRh-20L._SL500_.jpg" alt="Product Image"></a><p>alli Diet Weight Loss Supplement Pills, Orlistat 60Mg Capsules, 170 Count</p><p> -14% 0FF </p><p>$68.78 ($0.40 / Count)</p><a href="https://www.amazon.com/dp/B0BJ827RQF?tag=eloabder-20&linkCode=osi&th=1&psc=1">View Product</a></div>
<div class="product"><a href="https://www.amazon.com/dp/B0D7D24YCJ?tag=eloabder-20&linkCode=osi&th=1&psc=1"><img src="https://m.media-amazon.com/images/I/41C9C5C0phL._SL500_.jpg" alt="Product Image"></a><p>LMNITRIX Burnz - Extreme Thermogenic Fat Burner - Powerful Weight Loss Aid, Stronger Than Most Diet Pills - True Plateau Destroyer - Lose Weight Fast for Men and Women - 60ct</p><p> -38% 0FF </p><p>$24.95 ($0.42 / Count)</p><a href="https://www.amazon.com/dp/B0D7D24YCJ?tag=eloabder-20&linkCode=osi&th=1&psc=1">View Product</a></div><div class="product"><a href="https://www.amazon.com/dp/B00NINY2U0?tag=eloabder-20&linkCode=osi&th=1&psc=1"><img src="https://m.media-amazon.com/images/I/51T7RcSsXCL._SL500_.jpg" alt="Product Image"></a><p>EVL Thermogenic Fat Burner Support - Fast Acting Weight Loss Energy and Appetite Support - Trans4orm Green Tea Fat Burner and Weight Loss Support Supplement for Men and Women - 60 Servings</p><p> -23% 0FF </p><p>$22.99 ($0.19 / Count)</p><a href="https://www.amazon.com/dp/B00NINY2U0?tag=eloabder-20&linkCode=osi&th=1&psc=1">View Product</a></div><div class="product"><a href="https://www.amazon.com/dp/B09BG4SWGG?tag=eloabder-20&linkCode=osi&th=1&psc=1"><img src="https://m.media-amazon.com/images/I/41Jve5vb6rL._SL500_.jpg" alt="Product Image"></a><p>Youtheory Daily Fat Burner - Supports Body Composition & Metabolism - with Citrus Fruit Blend, Chromium & Cayenne Extract - Gluten, Soy & Dairy Free - 60 Vegetarian Capsules</p><p> -34% 0FF </p><p>$17.18 ($0.29 / Count)</p><a href="https://www.amazon.com/dp/B09BG4SWGG?tag=eloabder-20&linkCode=osi&th=1&psc=1">View Product</a></div>
<div class="product"><a href="https://www.amazon.com/dp/B0CG3SLY3K?tag=eloabder-20&linkCode=osi&th=1&psc=1"><img src="https://m.media-amazon.com/images/I/51VO0WaTYtL._SL500_.jpg" alt="Product Image"></a><p>Dr Vitamins Thermogenic Fat Burner for Women and Men - Appetite Suppressant for Weight Loss - Includes Green Tea Extracts for Bloat Relief - Metabolism Booster - Pack of 2</p><p> -6% 0FF </p><p>$33.95 ($0.28 / Count)</p><a href="https://www.amazon.com/dp/B0CG3SLY3K?tag=eloabder-20&linkCode=osi&th=1&psc=1">View Product</a></div><div class="product"><a href="https://www.amazon.com/dp/B09CBWWWDL?tag=eloabder-20&linkCode=osi&th=1&psc=1"><img src="https://m.media-amazon.com/images/I/41E5Ubb2vrL._SL500_.jpg" alt="Product Image"></a><p>OLLY Combat Cravings, Metabolism & Energy Support Supplement,1000 mcg Chromium, Green Tea, Goji Berry, Ginger - 30 Count</p><p> -16% 0FF </p><p>$16.88 ($0.56 / Count)</p><a href="https://www.amazon.com/dp/B09CBWWWDL?tag=eloabder-20&linkCode=osi&th=1&psc=1">View Product</a></div><div class="product"><a href="https://www.amazon.com/dp/B07CJ166BR?tag=eloabder-20&linkCode=osi&th=1&psc=1"><img src="https://m.media-amazon.com/images/I/313vHBJOmTL._SL500_.jpg" alt="Product Image"></a><p>Carlyle Ultra Chromium Picolinate 1000mcg | 360 Tablets | Vegetarian, Non-GMO, Gluten Free</p><p> -15% 0FF </p><p>$9.49 ($0.03 / Count)</p><a href="https://www.amazon.com/dp/B07CJ166BR?tag=eloabder-20&linkCode=osi&th=1&psc=1">View Product</a></div><div class="product"><a href="https://www.amazon.com/dp/B0B3KQCYFB?tag=eloabder-20&linkCode=osi&th=1&psc=1"><img src="https://m.media-amazon.com/images/I/412J2DzjVuL._SL500_.jpg" alt="Product Image"></a><p>UNALTERED Appetite Suppressant for Women - Combat Cravings, Bloating, & Support Weight Loss - Natural Diet Pills, Fat Burner, & Carb Blocker - Features Chromium Picolinate & Glucomannan - 120 Ct</p><p> -7% 0FF </p><p>$39.99 ($0.33 / Count)</p><a href="https://www.amazon.com/dp/B0B3KQCYFB?tag=eloabder-20&linkCode=osi&th=1&psc=1">View Product</a></div>
<div class="product"><a href="https://www.amazon.com/dp/B0015068PA?tag=eloabder-20&linkCode=osi&th=1&psc=1"><img src="https://m.media-amazon.com/images/I/41PLpivCSAL._SL500_.jpg" alt="Product Image"></a><p>Atkins Milk Chocolate Delight Protein Shake, 15g Protein, Low Glycemic, 2g Net Carb, 1g Sugar, Keto Friendly, 12 Count</p><p> -22% 0FF </p><p>$19.48 ($0.15 / Fl Oz)</p><a href="https://www.amazon.com/dp/B0015068PA?tag=eloabder-20&linkCode=osi&th=1&psc=1">View Product</a></div><div class="product"><a href="https://www.amazon.com/dp/B007S6Y6VS?tag=eloabder-20&linkCode=osi&th=1&psc=1"><img src="https://m.media-amazon.com/images/I/51rcU9FqXVL._SL500_.jpg" alt="Product Image"></a><p>Garden of Life Raw Organic Meal Replacement Shakes - Chocolate Plant Based Vegan Protein Powder, Pea Protein, Sprouts, Greens, Probiotics, Dairy Free All in One Shake for Women and Men, 28 Servings</p><p> -29% 0FF </p><p>$42.36 ($1.11 / Ounce)</p><a href="https://www.amazon.com/dp/B007S6Y6VS?tag=eloabder-20&linkCode=osi&th=1&psc=1">View Product</a></div><div class="product"><a href="https://www.amazon.com/dp/B0015068TG?tag=eloabder-20&linkCode=osi&th=1&psc=1"><img src="https://m.media-amazon.com/images/I/41hXIUA336L._SL500_.jpg" alt="Product Image"></a><p>Atkins Creamy Vanilla Protein Shake, 15g Protein, Low Glycemic, 2g Net Carb, 1g Sugar, Keto Friendly, 12 Count</p><p> -31% 0FF </p><p>$17.18 ($0.13 / Fl Oz)</p><a href="https://www.amazon.com/dp/B0015068TG?tag=eloabder-20&linkCode=osi&th=1&psc=1">View Product</a></div><div class="product"><a href="https://www.amazon.com/dp/B06Y5ZG66K?tag=eloabder-20&linkCode=osi&th=1&psc=1"><img src="https://m.media-amazon.com/images/I/51Lyzdfa4oL._SL500_.jpg" alt="Product Image"></a><p>Premier Protein Powder, Chocolate Milkshake, 30g Protein, 1g Sugar, 100% Whey Protein, Keto Friendly, No Soy Ingredients, Gluten Free, 17 Servings, 23.9 Ounce (Pack of 1)</p><p> -9% 0FF </p><p>$21.89 ($0.89 / Ounce)</p><a href="https://www.amazon.com/dp/B06Y5ZG66K?tag=eloabder-20&linkCode=osi&th=1&psc=1">View Product</a></div><div class="product"><a href="https://www.amazon.com/dp/B072XT69DR?tag=eloabder-20&linkCode=osi&th=1&psc=1"><img src="https://m.media-amazon.com/images/I/418TrrTOQWL._SL500_.jpg" alt="Product Image"></a><p>REDCON1 MRE Protein Powder, Blueberry Cobbler - Meal Replacement Protein Blend Made with MCT Oil & Whole Foods - Protein with Natural Ingredients to Aid in Muscle Recovery (25 Servings)</p><p> -13% 0FF </p><p>$69.99 ($0.61 / Ounce)</p><a href="https://www.amazon.com/dp/B072XT69DR?tag=eloabder-20&linkCode=osi&th=1&psc=1">View Product</a></div>
<div class="product"><a href="https://www.amazon.com/dp/B08XXHCGZT?tag=eloabder-20&linkCode=osi&th=1&psc=1"><img src="https://m.media-amazon.com/images/I/41iPl4jhA-L._SL500_.jpg" alt="Product Image"></a><p>Nature Made Magnesium Glycinate 200 mg per Serving, Magnesium Supplement for Muscle, Heart, Nerve and Bone Support, 60 Magnesium Bisglycinate Capsules, 30 Day Supply</p><p> -52% 0FF </p><p>$10.66 ($0.18 / Count)</p><a href="https://www.amazon.com/dp/B08XXHCGZT?tag=eloabder-20&linkCode=osi&th=1&psc=1">View Product</a></div>
<div class="product"><a href="https://www.amazon.com/dp/B00ISAPPLI?tag=eloabder-20&linkCode=osi&th=1&psc=1"><img src="https://m.media-amazon.com/images/I/417-h8k4YML._SL500_.jpg" alt="Product Image"></a><p>Dr. Tobias Colon 14 Day Cleanse, Advanced Gut Cleanse Detox for Women & Men with Cascara Sagrada, Psyllium Husk & Senna Leaf, Non-GMO Colon Cleanse, 28 Capsules 1-2 Daily</p><p> -15% 0FF </p><p>$19.99 ($0.71 / Count)</p><a href="https://www.amazon.com/dp/B00ISAPPLI?tag=eloabder-20&linkCode=osi&th=1&psc=1">View Product</a></div><div class="product"><a href="https://www.amazon.com/dp/B07DF77H2D?tag=eloabder-20&linkCode=osi&th=1&psc=1"><img src="https://m.media-amazon.com/images/I/41qnQqBKeJL._SL500_.jpg" alt="Product Image"></a><p>Liver Cleanse Detox & Repair Formula | 20+ Herbs: Milk Thistle Extract with Silymarin, Artichoke, Dandelion, Chicory Root Powder & More! | Premium Liver Support Pills Supplement, 60 Capsules</p><p> -8% 0FF </p><p>$22.95 ($0.38 / Count)</p><a href="https://www.amazon.com/dp/B07DF77H2D?tag=eloabder-20&linkCode=osi&th=1&psc=1">View Product</a></div><div class="product"><a href="https://www.amazon.com/dp/B01AVJGHW4?tag=eloabder-20&linkCode=osi&th=1&psc=1"><img src="https://m.media-amazon.com/images/I/51xGQHea+JL._SL500_.jpg" alt="Product Image"></a><p>Century Systems The Cleaner Detox, Powerful 7-Day Complete Internal Cleansing Formula for Men, Support Digestive Health, 52 Vegetarian Capsules</p><p> -8% 0FF </p><p>$12.50 ($0.24 / Count)</p><a href="https://www.amazon.com/dp/B01AVJGHW4?tag=eloabder-20&linkCode=osi&th=1&psc=1">View Product</a></div><div class="product"><a href="https://www.amazon.com/dp/B0CPVVYG5D?tag=eloabder-20&linkCode=osi&th=1&psc=1"><img src="https://m.media-amazon.com/images/I/41L2n+A9vjL._SL500_.jpg" alt="Product Image"></a><p>Milamiamor 15 Day Cleanse - Gut and Colon Support - Advanced Gut Cleanse Detox for Women & Men with Senna, Cascara Sagrada & Psyllium Husk - Non-GMO - Made in USA - 30 Capsules</p><p> -20% 0FF </p><p>$19.99 ($0.67 / Count)</p><a href="https://www.amazon.com/dp/B0CPVVYG5D?tag=eloabder-20&linkCode=osi&th=1&psc=1">View Product</a></div>
<div class="product"><a href="https://www.amazon.com/dp/B012RFVHSO?tag=eloabder-20&linkCode=osi&th=1&psc=1"><img src="https://m.media-amazon.com/images/I/51As5g4VfnL._SL500_.jpg" alt="Product Image"></a><p>OLLY Probiotic + Prebiotic Gummy, Digestive Support and Gut Health, 500 Million CFUs, Fiber, Adult Chewable Supplement for Men and Women, Peach, 30 Day Supply - 30 Count</p><p> -14% 0FF </p><p>$12.88 ($0.43 / Count)</p><a href="https://www.amazon.com/dp/B012RFVHSO?tag=eloabder-20&linkCode=osi&th=1&psc=1">View Product</a></div><div class="product"><a href="https://www.amazon.com/dp/B001TH7K0G?tag=eloabder-20&linkCode=osi&th=1&psc=1"><img src="https://m.media-amazon.com/images/I/41nbiJxKRNL._SL500_.jpg" alt="Product Image"></a><p>Metamucil 3-in-1 Fiber Capsules, Daily Psyllium Husk Fiber Supplement, Fiber Capsules for Digestive Health, Plant-Based Psyllium Husk Fiber Capsules, #1 Doctor Recommended Fiber Brand, 300ct Capsules</p><p> -10% 0FF </p><p>$30.54 ($0.10 / Count)</p><a href="https://www.amazon.com/dp/B001TH7K0G?tag=eloabder-20&linkCode=osi&th=1&psc=1">View Product</a></div><div class="product"><a href="https://www.amazon.com/dp/B0014CVXMW?tag=eloabder-20&linkCode=osi&th=1&psc=1"><img src="https://m.media-amazon.com/images/I/417nIjuQeVL._SL500_.jpg" alt="Product Image"></a><p>Nature's Bounty Acidophilus Probiotic, Daily Probiotic Supplement, Supports Digestive Health, 1 Pack, 120 Tablets</p><p> -26% 0FF </p><p>$7.89 ($0.07 / Count)</p><a href="https://www.amazon.com/dp/B0014CVXMW?tag=eloabder-20&linkCode=osi&th=1&psc=1">View Product</a></div><div class="product"><a href="https://www.amazon.com/dp/B00C1C21S4?tag=eloabder-20&linkCode=osi&th=1&psc=1"><img src="https://m.media-amazon.com/images/I/41jjvGyic9L._SL500_.jpg" alt="Product Image"></a><p>Digestive Advantage Probiotics For Digestive Health, Probiotic Gummies & Vit D, Daily Probiotics For Women &Men Occasional Bloating, Minor Abdominal Discomfort & Gut Health, 80ct Natural Fruit Flavors</p><p> -23% 0FF </p><p>$16.89 ($0.21 / Count)</p><a href="https://www.amazon.com/dp/B00C1C21S4?tag=eloabder-20&linkCode=osi&th=1&psc=1">View Product</a></div><div class="product"><a href="https://www.amazon.com/dp/B0BSKSTLR6?tag=eloabder-20&linkCode=osi&th=1&psc=1"><img src="https://m.media-amazon.com/images/I/4122KSnK5cL._SL500_.jpg" alt="Product Image"></a><p>Benefiber Prebiotic Fiber Supplement Gummies for Digestive Health, Assorted Fruit Flavor - 81 Count</p><p> -5% 0FF </p><p>$17.99 ($0.22 / Count)</p><a href="https://www.amazon.com/dp/B0BSKSTLR6?tag=eloabder-20&linkCode=osi&th=1&psc=1">View Product</a></div><div class="product"><a href="https://www.amazon.com/dp/B0007IQMVG?tag=eloabder-20&linkCode=osi&th=1&psc=1"><img src="https://m.media-amazon.com/images/I/41LbuIg0j9L._SL500_.jpg" alt="Product Image"></a><p>Digestive Advantage IBS Probiotics For Women and Men, Probiotics For Digestive Health & Intensive Bowel Support with Digestive Enzymes For Gut Health, Occasional Bloating & Immune Support, 96 Capsules</p><p> -17% 0FF </p><p>$24.78 ($0.26 / Count)</p><a href="https://www.amazon.com/dp/B0007IQMVG?tag=eloabder-20&linkCode=osi&th=1&psc=1">View Product</a></div>
<div class="product"><a href="https://www.amazon.com/dp/B000GISTZ4?tag=eloabder-20&linkCode=osi&th=1&psc=1"><img src="https://m.media-amazon.com/images/I/41lOq4KDvCL._SL500_.jpg" alt="Product Image"></a><p>Optimum Nutrition Gold Standard 100% Whey Protein Powder, Vanilla Ice Cream, 2 Pound (Packaging May Vary)</p><p> -17% 0FF </p><p>$35.00 ($1.09 / Ounce)</p><a href="https://www.amazon.com/dp/B000GISTZ4?tag=eloabder-20&linkCode=osi&th=1&psc=1">View Product</a></div><div class="product"><a href="https://www.amazon.com/dp/B09MR8N7D9?tag=eloabder-20&linkCode=osi&th=1&psc=1"><img src="https://m.media-amazon.com/images/I/51PpAEj50iL._SL500_.jpg" alt="Product Image"></a><p>Dymatize ISO100 Whey Protein Powder with 25g of Hydrolyzed 100% Whey Isolate, Gluten Free, Fast Digesting, Chocolate Peanut Butter, 20 Servings</p><p> -20% 0FF </p><p>$26.77 ($1.17 / Ounce)</p><a href="https://www.amazon.com/dp/B09MR8N7D9?tag=eloabder-20&linkCode=osi&th=1&psc=1">View Product</a></div><div class="product"><a href="https://www.amazon.com/dp/B00SCO8AA8?tag=eloabder-20&linkCode=osi&th=1&psc=1"><img src="https://m.media-amazon.com/images/I/41B1py4k0lL._SL500_.jpg" alt="Product Image"></a><p>Isopure Unflavored Protein, Whey Isolate, with Vitamin C & Zinc for Immune Support, 25g Protein, Zero Carb & Keto Friendly, 1 Pound (Packaging May Vary)</p><p> -19% 0FF </p><p>$27.49 ($1.72 / Ounce)</p><a href="https://www.amazon.com/dp/B00SCO8AA8?tag=eloabder-20&linkCode=osi&th=1&psc=1">View Product</a></div><div class="product"><a href="https://www.amazon.com/dp/B007SYT7LO?tag=eloabder-20&linkCode=osi&th=1&psc=1"><img src="https://m.media-amazon.com/images/I/51LyQZUw1WL._SL500_.jpg" alt="Product Image"></a><p>Organic Vegan Vanilla Protein Powder - Garden of Life – 22g Complete Plant Based Raw Protein & BCAAs plus Probiotics & Digestive Enzymes for Easy Digestion – Non-GMO, Gluten-Free, Lactose Free 1.5 LB</p><p> -24% 0FF </p><p>$35.69 ($1.53 / Ounce)</p><a href="https://www.amazon.com/dp/B007SYT7LO?tag=eloabder-20&linkCode=osi&th=1&psc=1">View Product</a></div>
<div class="product"><a href="https://www.amazon.com/dp/B07349CKML?tag=eloabder-20&linkCode=osi&th=1&psc=1"><img src="https://m.media-amazon.com/images/I/51-TkjI7KTL._SL500_.jpg" alt="Product Image"></a><p>Cellucor C4 Sport Pre Workout Powder Watermelon - Pre Workout Energy with Creatine + 135mg Caffeine and Beta-Alanine Performance Blend - NSF Certified for Sport 30 Servings</p><p> -18% 0FF </p><p>$18.04 ($2.54 / Ounce)</p><a href="https://www.amazon.com/dp/B07349CKML?tag=eloabder-20&linkCode=osi&th=1&psc=1">View Product</a></div><div class="product"><a href="https://www.amazon.com/dp/B00KZNOYDG?tag=eloabder-20&linkCode=osi&th=1&psc=1"><img src="https://m.media-amazon.com/images/I/41IXADaWxUL._SL500_.jpg" alt="Product Image"></a><p>BSN N.O.-XPLODE Pre Workout Supplement with Creatine, Beta-Alanine, and Energy, Flavor: Fruit Punch, 60 Servings</p><p> -28% 0FF </p><p>$46.99 ($1.20 / Ounce)</p><a href="https://www.amazon.com/dp/B00KZNOYDG?tag=eloabder-20&linkCode=osi&th=1&psc=1">View Product</a></div><div class="product"><a href="https://www.amazon.com/dp/B00PYB2X8C?tag=eloabder-20&linkCode=osi&th=1&psc=1"><img src="https://m.media-amazon.com/images/I/31NJiruIw-L._SL500_.jpg" alt="Product Image"></a><p>OPTIMUM NUTRITION Gold Standard Pre-Workout with Creatine, Beta-Alanine, and Caffeine for Energy, Flavor: Fruit Punch, 30 Servings</p><p> -24% 0FF </p><p>$24.99 ($2.36 / Ounce)</p><a href="https://www.amazon.com/dp/B00PYB2X8C?tag=eloabder-20&linkCode=osi&th=1&psc=1">View Product</a></div><div class="product"><a href="https://www.amazon.com/dp/B08M49L9PF?tag=eloabder-20&linkCode=osi&th=1&psc=1"><img src="https://m.media-amazon.com/images/I/51nLuPRbp6L._SL500_.jpg" alt="Product Image"></a><p>Alani Nu Pre-Workout - Galaxy Lemonade (30 Servings)</p><p> -13% 0FF </p><p>$34.99 ($3.43 / Ounce)</p><a href="https://www.amazon.com/dp/B08M49L9PF?tag=eloabder-20&linkCode=osi&th=1&psc=1">View Product</a></div><div class="product"><a href="https://www.amazon.com/dp/B0B81CRX95?tag=eloabder-20&linkCode=osi&th=1&psc=1"><img src="https://m.media-amazon.com/images/I/3130sjwWa6L._SL500_.jpg" alt="Product Image"></a><p>Kaged Athletic Sport Pre Workout Powder | Blue Razz | Energy Supplement for Endurance | Cardio, Weightlifting Sports Drink | 20 Servings</p><p> -20% 0FF </p><p>$19.98 ($2.16 / Ounce)</p><a href="https://www.amazon.com/dp/B0B81CRX95?tag=eloabder-20&linkCode=osi&th=1&psc=1">View Product</a></div><div class="product"><a href="https://www.amazon.com/dp/B0C3ND65XS?tag=eloabder-20&linkCode=osi&th=1&psc=1"><img src="https://m.media-amazon.com/images/I/51Z209FUi0L._SL500_.jpg" alt="Product Image"></a><p>ALPHA LION Core Pre Workout Powder with Creatine for Performance, Beta Alanine for Muscle, L-Citrulline for Pump & Tri-Source Caffeine for Sustained Energy (30 Servings, Fruit Punch Flavor)</p><p> -25% 0FF </p><p>$22.59 ($2.14 / Ounce)</p><a href="https://www.amazon.com/dp/B0C3ND65XS?tag=eloabder-20&linkCode=osi&th=1&psc=1">View Product</a></div><div class="product"><a href="https://www.amazon.com/dp/B07TCCPZZL?tag=eloabder-20&linkCode=osi&th=1&psc=1"><img src="https://m.media-amazon.com/images/I/518-8KrY6cL._SL500_.jpg" alt="Product Image"></a><p>Jacked Factory NITROSURGE Pre Workout Supplement - Endless Energy, Instant Strength Gains, Clear Focus, Intense Pumps - NO Booster & Preworkout Powder with Beta Alanine - 30 Servings, Cherry Limeade</p><p> -7% 0FF </p><p>$25.99 ($2.93 / Ounce)</p><a href="https://www.amazon.com/dp/B07TCCPZZL?tag=eloabder-20&linkCode=osi&th=1&psc=1">View Product</a></div>
<div class="product"><a href="https://www.amazon.com/dp/B006G9TB68?tag=eloabder-20&linkCode=osi&th=1&psc=1"><img src="https://m.media-amazon.com/images/I/31N397czLaL._SL500_.jpg" alt="Product Image"></a><p>BSN Amino X Muscle Recovery & Endurance Powder with BCAAs, Intra Workout Support, 10 Grams of Amino Acids, Keto Friendly, Caffeine Free, Flavor: Grape, 30 Servings (Packaging May Vary)</p><p> -22% 0FF </p><p>$21.84 ($1.43 / Ounce)</p><a href="https://www.amazon.com/dp/B006G9TB68?tag=eloabder-20&linkCode=osi&th=1&psc=1">View Product</a></div><div class="product"><a href="https://www.amazon.com/dp/B00LALNIOI?tag=eloabder-20&linkCode=osi&th=1&psc=1"><img src="https://m.media-amazon.com/images/I/510ZY58GIXL._SL500_.jpg" alt="Product Image"></a><p>Scivation XTEND ORIGINAL 7G BCAA MUSCLE RECOVERY + ELECTROLYTES 30 SERVINGS BLUE RASPBERRY ICE</p><p> -25% 0FF </p><p>$21.08 ($1.60 / Ounce)</p><a href="https://www.amazon.com/dp/B00LALNIOI?tag=eloabder-20&linkCode=osi&th=1&psc=1">View Product</a></div><div class="product"><a href="https://www.amazon.com/dp/B01HGQZXIY?tag=eloabder-20&linkCode=osi&th=1&psc=1"><img src="https://m.media-amazon.com/images/I/41CbhAnReOL._SL500_.jpg" alt="Product Image"></a><p>Post JYM Active Matrix - Post-Workout with BCAA's, Glutamine, Creatine HCL, Beta-Alanine, and More | JYM Supplement Science | Mandarin Orange Flavor, 30 Servings, 1.3 Pound (Pack of 1)</p><p> -9% 0FF </p><p>$39.32 ($1.86 / Ounce)</p><a href="https://www.amazon.com/dp/B01HGQZXIY?tag=eloabder-20&linkCode=osi&th=1&psc=1">View Product</a></div><div class="product"><a href="https://www.amazon.com/dp/B096YK5XWB?tag=eloabder-20&linkCode=osi&th=1&psc=1"><img src="https://m.media-amazon.com/images/I/51wqAloXhHL._SL500_.jpg" alt="Product Image"></a><p>Alpha Lion Superhuman Post Workout Recovery, Muscle Builder Drink, Creatine Powder + More for Lean Muscle Growth, Strength & Volume, Supplement for Women & Men (25 Servings, Gainy Smith Apple)</p><p> -8% 0FF </p><p>$36.85 ($3.24 / Ounce)</p><a href="https://www.amazon.com/dp/B096YK5XWB?tag=eloabder-20&linkCode=osi&th=1&psc=1">View Product</a></div>
<div class="product"><a href="https://www.amazon.com/dp/B09RGKQW2L?tag=eloabder-20&linkCode=osi&th=1&psc=1"><img src="https://m.media-amazon.com/images/I/51FNip1-KmL._SL500_.jpg" alt="Product Image"></a><p>C4 Performance Energy Drink | SKITTLES™ | Zero Sugar Carbonated Preworkout Energy | 200mg Caffeine with Beta Alanine | 16 Fl Oz (12 Pack)</p><p> -18% 0FF </p><p>$22.99 ($0.12 / Fl Oz)</p><a href="https://www.amazon.com/dp/B09RGKQW2L?tag=eloabder-20&linkCode=osi&th=1&psc=1">View Product</a></div><div class="product"><a href="https://www.amazon.com/dp/B07GB2HL98?tag=eloabder-20&linkCode=osi&th=1&psc=1"><img src="https://m.media-amazon.com/images/I/51TUyZ1RZsL._SL500_.jpg" alt="Product Image"></a><p>Optimum Nutrition Amino Energy Sparkling Hydration Drink, Electrolytes, Caffeine, Amino Acids, BCAAs, Sugar Free, Blueberry Lemonade, 12 Fl Oz, 12 Pack (Packaging May Vary)</p><p> -20% 0FF </p><p>$19.88 ($0.14 / Fl Oz)</p><a href="https://www.amazon.com/dp/B07GB2HL98?tag=eloabder-20&linkCode=osi&th=1&psc=1">View Product</a></div><div class="product"><a href="https://www.amazon.com/dp/B09SRV8QHH?tag=eloabder-20&linkCode=osi&th=1&psc=1"><img src="https://m.media-amazon.com/images/I/51Iq4eGNL+L._SL500_.jpg" alt="Product Image"></a><p>C4 Ultimate | Pre Workout Sugar Free Energy Drink | Tri-Stim Experience with 300mg Caffeine + TeaCrine + Dynamine | Fruit Punch | 16oz (Pack of 12)</p><p> -14% 0FF </p><p>$30.00 ($0.16 / Fl Oz)</p><a href="https://www.amazon.com/dp/B09SRV8QHH?tag=eloabder-20&linkCode=osi&th=1&psc=1">View Product</a></div>
<div class="product"><a href="https://www.amazon.com/dp/B002DYIZEE?tag=eloabder-20&linkCode=osi&th=1&psc=1"><img src="https://m.media-amazon.com/images/I/310djDmWGLL._SL500_.jpg" alt="Product Image"></a><p>Optimum Nutrition Micronized Creatine Monohydrate Powder, Unflavored, Keto Friendly, 60 Servings (Packaging May Vary)</p><p> -23% 0FF </p><p>$17.00 ($1.60 / Ounce)</p><a href="https://www.amazon.com/dp/B002DYIZEE?tag=eloabder-20&linkCode=osi&th=1&psc=1">View Product</a></div><div class="product"><a href="https://www.amazon.com/dp/B00XQ2XGAA?tag=eloabder-20&linkCode=osi&th=1&psc=1"><img src="https://m.media-amazon.com/images/I/3176H8jDR9L._SL500_.jpg" alt="Product Image"></a><p>Sports Research Collagen Peptides for Women & Men - Hydrolyzed Type 1 & 3 Collagen Powder Protein Supplement for Healthy Skin, Nails, Bones & Joints - Easy Mixing Vital Nutrients & Proteins</p><p> -11% 0FF </p><p>$32.95 ($2.06 / Ounce)</p><a href="https://www.amazon.com/dp/B00XQ2XGAA?tag=eloabder-20&linkCode=osi&th=1&psc=1">View Product</a></div><div class="product"><a href="https://www.amazon.com/dp/B019GU4ILQ?tag=eloabder-20&linkCode=osi&th=1&psc=1"><img src="https://m.media-amazon.com/images/I/51QLnQIgtZL._SL500_.jpg" alt="Product Image"></a><p>Nuun Sport: Electrolyte-Rich Sports Drink Tablets, Citrus Berry Mixed Flavor Pack, Box of 4 Count (40 servings), Sports Drink for Replenishment of Essential Electrolytes Lost Through Sweat</p><p> -36% 0FF </p><p>$19.12 ($0.48 / Count)</p><a href="https://www.amazon.com/dp/B019GU4ILQ?tag=eloabder-20&linkCode=osi&th=1&psc=1">View Product</a></div>
<div class="product"><a href="https://www.amazon.com/dp/B00O193Y4U?tag=eloabder-20&linkCode=osi&th=1&psc=1"><img src="https://m.media-amazon.com/images/I/51b1a31ZNOL._SL500_.jpg" alt="Product Image"></a><p>Pure Protein Bars, High Protein, Nutritious Snacks to Support Energy, Low Sugar, Gluten Free, Chewy Chocolate Chip, 1.76oz (Pack of 12), Packaging may vary</p><p> -24% 0FF </p><p>$15.28 ($0.72 / Ounce)</p><a href="https://www.amazon.com/dp/B00O193Y4U?tag=eloabder-20&linkCode=osi&th=1&psc=1">View Product</a></div><div class="product"><a href="https://www.amazon.com/dp/B07J2MM23Z?tag=eloabder-20&linkCode=osi&th=1&psc=1"><img src="https://m.media-amazon.com/images/I/51FUKQtlLiL._SL500_.jpg" alt="Product Image"></a><p>Quest Nutrition Ultimate Variety Pack Protein Bars, High Protein, Low Carb, Gluten Free, Keto Friendly, 12 Count</p><p> -17% 0FF </p><p>$24.88 ($0.98 / Ounce)</p><a href="https://www.amazon.com/dp/B07J2MM23Z?tag=eloabder-20&linkCode=osi&th=1&psc=1">View Product</a></div><div class="product"><a href="https://www.amazon.com/dp/B09QHBBGJT?tag=eloabder-20&linkCode=osi&th=1&psc=1"><img src="https://m.media-amazon.com/images/I/51gdruf0zxL._SL500_.jpg" alt="Product Image"></a><p>CLIF Builders - Chocolate Peanut Butter Flavor - Protein Bars - Gluten-Free - Non-GMO - Low Glycemic - 20g Protein - 2.4 oz.</p><p> -8% 0FF </p><p>$19.28 ($0.67 / Ounce)</p><a href="https://www.amazon.com/dp/B09QHBBGJT?tag=eloabder-20&linkCode=osi&th=1&psc=1">View Product</a></div><div class="product"><a href="https://www.amazon.com/dp/B00VRALMVI?tag=eloabder-20&linkCode=osi&th=1&psc=1"><img src="https://m.media-amazon.com/images/I/516gkLbCIVL._SL500_.jpg" alt="Product Image"></a><p>MET-Rx Big 100 Colossal Protein Bars, Crispy Apple Pie Meal Replacement Bars, 9 Count</p><p> -42% 0FF </p><p>$19.19 ($0.61 / Ounce)</p><a href="https://www.amazon.com/dp/B00VRALMVI?tag=eloabder-20&linkCode=osi&th=1&psc=1">View Product</a></div><div class="product"><a href="https://www.amazon.com/dp/B0CVNCJKJJ?tag=eloabder-20&linkCode=osi&th=1&psc=1"><img src="https://m.media-amazon.com/images/I/41BiVPM9dvL._SL500_.jpg" alt="Product Image"></a><p>ONE Protein Bars, Reese's Peanut Butter Lovers, Gluten Free with 18g Protein and 3g Sugar, Pantry Staples, 2.12 oz (12 Count)</p><p> -20% 0FF </p><p>$23.94 ($2.00 / Count)</p><a href="https://www.amazon.com/dp/B0CVNCJKJJ?tag=eloabder-20&linkCode=osi&th=1&psc=1">View Product</a></div><div class="product"><a href="https://www.amazon.com/dp/B00ZQUEYP6?tag=eloabder-20&linkCode=osi&th=1&psc=1"><img src="https://m.media-amazon.com/images/I/41dNIIdL+JL._SL500_.jpg" alt="Product Image"></a><p>ONE Protein Bars, Cookies & Creme, Gluten Free Protein Bars with 20g Protein and 1g Sugar, Pantry Staples, 2.12 oz (12 Count)</p><p> -11% 0FF </p><p>$26.75 ($1.05 / Ounce)</p><a href="https://www.amazon.com/dp/B00ZQUEYP6?tag=eloabder-20&linkCode=osi&th=1&psc=1">View Product</a></div><div class="product"><a href="https://www.amazon.com/dp/B07CSGVMH6?tag=eloabder-20&linkCode=osi&th=1&psc=1"><img src="https://m.media-amazon.com/images/I/51Z+34aZg6L._SL500_.jpg" alt="Product Image"></a><p>Quest Nutrition Pumpkin Pie Protein Bar, 20g Protein, 4g Net Carb, 1g Sugar, Gluten Free, 12 Count</p><p> -13% 0FF </p><p>$25.98 ($1.01 / Ounce)</p><a href="https://www.amazon.com/dp/B07CSGVMH6?tag=eloabder-20&linkCode=osi&th=1&psc=1">View Product</a></div>
<div class="product"><a href="https://www.amazon.com/dp/B09NS38Q41?tag=eloabder-20&linkCode=osi&th=1&psc=1"><img src="https://m.media-amazon.com/images/I/41Yr3qVgBZL._SL500_.jpg" alt="Product Image"></a><p>Nutricost Electrolyte Complex (Advanced Hydration with Real Salt®) 120 Capsules - 8 Hydrating Electrolytes & Vitamins, Gluten Free, Non-GMO, Vegetarian</p><p> -13% 0FF </p><p>$13.95 ($0.12 / Count)</p><a href="https://www.amazon.com/dp/B09NS38Q41?tag=eloabder-20&linkCode=osi&th=1&psc=1">View Product</a></div><div class="product"><a href="https://www.amazon.com/dp/B0BGT67LM7?tag=eloabder-20&linkCode=osi&th=1&psc=1"><img src="https://m.media-amazon.com/images/I/41E+0pcyr-L._SL500_.jpg" alt="Product Image"></a><p>Horbäach Electrolyte Tablets | 200 Count | Vegetarian | Keto-Friendly | Non-GMO, and Gluten Free Hydration Supplement</p><p> -15% 0FF </p><p>$9.99 ($0.05 / Count)</p><a href="https://www.amazon.com/dp/B0BGT67LM7?tag=eloabder-20&linkCode=osi&th=1&psc=1">View Product</a></div><div class="product"><a href="https://www.amazon.com/dp/B0C6MXP3C7?tag=eloabder-20&linkCode=osi&th=1&psc=1"><img src="https://m.media-amazon.com/images/I/51mwXw1W8RL._SL500_.jpg" alt="Product Image"></a><p>Electrolytes - Electrolyte Tablets with Magnesium, Sodium, Potassium, Chloride, Vitamins D3 & B6, Kelp Powder - Salt Pills - Made in USA - Oral Tablets as Capsules - Vegan & Keto Friendly - 120 Tabs</p><p> -20% 0FF </p><p>$15.11 ($0.13 / Count)</p><a href="https://www.amazon.com/dp/B0C6MXP3C7?tag=eloabder-20&linkCode=osi&th=1&psc=1">View Product</a></div><div class="product"><a href="https://www.amazon.com/dp/B08CMLT2CB?tag=eloabder-20&linkCode=osi&th=1&psc=1"><img src="https://m.media-amazon.com/images/I/51BRxFyU0+L._SL500_.jpg" alt="Product Image"></a><p>KEY NUTRIENTS Electrolyte Tablets, 200 Capsules, Salt Tablets for Dehydration, Fasting Electrolytes Tablets - Salt Pills with Electrolytes, No Sugar, Gluten Free Hydration Tablets Made in USA</p><p> -28% 0FF </p><p>$17.99 ($0.09 / Count)</p><a href="https://www.amazon.com/dp/B08CMLT2CB?tag=eloabder-20&linkCode=osi&th=1&psc=1">View Product</a></div>
<div class="product"><a href="https://www.amazon.com/dp/B094QB6PH6?tag=eloabder-20&linkCode=osi&th=1&psc=1"><img src="https://m.media-amazon.com/images/I/51t-JLtma+L._SL500_.jpg" alt="Product Image"></a><p>DripDrop Hydration Juicy Variety Pack Electrolyte Drink Mix Single-Serve Powder Packets- Grape, Fruit Punch, Strawberry Lemonade, Cherry - 32 Servings</p><p> -22% 0FF </p><p>$28.00 ($2.50 / Ounce)</p><a href="https://www.amazon.com/dp/B094QB6PH6?tag=eloabder-20&linkCode=osi&th=1&psc=1">View Product</a></div><div class="product"><a href="https://www.amazon.com/dp/B08TZD2R7L?tag=eloabder-20&linkCode=osi&th=1&psc=1"><img src="https://m.media-amazon.com/images/I/510WEkhuwiL._SL500_.jpg" alt="Product Image"></a><p>DripDrop Hydration - Bold Variety Pack - Electrolyte Drink Mix Single Serve Hydration Powder Packets - Watermelon, Berry, Lemon, Orange | Non-GMO, Gluten Free, Vegan | 32 Sticks</p><p> -7% 0FF </p><p>$33.50 ($2.97 / Ounce)</p><a href="https://www.amazon.com/dp/B08TZD2R7L?tag=eloabder-20&linkCode=osi&th=1&psc=1">View Product</a></div><div class="product"><a href="https://www.amazon.com/dp/B08YFDWXBL?tag=eloabder-20&linkCode=osi&th=1&psc=1"><img src="https://m.media-amazon.com/images/I/51u06T4BbnL._SL500_.jpg" alt="Product Image"></a><p>Nectar Hydration Packets - Electrolytes Powder Packets - No Sugar or Calories - Organic Fruit Liquid Daily IV Hydrate Packets for Dehydration Relief and Rapid Rehydration (Variety 18 Pack)</p><p> -15% 0FF </p><p>$16.91 ($8.05 / Ounce)</p><a href="https://www.amazon.com/dp/B08YFDWXBL?tag=eloabder-20&linkCode=osi&th=1&psc=1">View Product</a></div><div class="product"><a href="https://www.amazon.com/dp/B0D434LLZ1?tag=eloabder-20&linkCode=osi&th=1&psc=1"><img src="https://m.media-amazon.com/images/I/41DIcfxPEiL._SL500_.jpg" alt="Product Image"></a><p>PRIME HYDRATION+ Sticks VARIETY PACK | Hydration Powder Single Serve Sticks | Electrolyte Powder On The Go | Low Sugar | Caffeine-Free | Vegan | 30 Sticks</p><p> -20% 0FF </p><p>$19.98 ($2.04 / Ounce)</p><a href="https://www.amazon.com/dp/B0D434LLZ1?tag=eloabder-20&linkCode=osi&th=1&psc=1">View Product</a></div>
<div class="product"><a href="https://www.amazon.com/dp/B00IUHMKJ4?tag=eloabder-20&linkCode=osi&th=1&psc=1"><img src="https://m.media-amazon.com/images/I/41wlhPiv-dL._SL500_.jpg" alt="Product Image"></a><p>Glutamine Powder | MuscleTech 100% Pure L Glutamine Powder | Post Workout Recovery Drink | L-Glutamine Powder for Men & Women | Muscle Recovery | Unflavored (60 Servings)</p><p> -12% 0FF </p><p>$14.99 ($1.42 / Ounce)</p><a href="https://www.amazon.com/dp/B00IUHMKJ4?tag=eloabder-20&linkCode=osi&th=1&psc=1">View Product</a></div><div class="product"><a href="https://www.amazon.com/dp/B000GIQS02?tag=eloabder-20&linkCode=osi&th=1&psc=1"><img src="https://m.media-amazon.com/images/I/41QSuDDAvEL._SL500_.jpg" alt="Product Image"></a><p>Optimum Nutrition Muscle Recovery and Endurance Supplement for Men and Women, Zinc and Magnesium Supplement, 180 Count</p><p> -13% 0FF </p><p>$34.62 ($0.19 / Count)</p><a href="https://www.amazon.com/dp/B000GIQS02?tag=eloabder-20&linkCode=osi&th=1&psc=1">View Product</a></div><div class="product"><a href="https://www.amazon.com/dp/B07YNGFFDT?tag=eloabder-20&linkCode=osi&th=1&psc=1"><img src="https://m.media-amazon.com/images/I/41NRL8t4kKL._SL500_.jpg" alt="Product Image"></a><p>Muscletech HMB Supplements 1000mg, Clear Muscle (42 Liquid Softgels) - Highest Grade HMB for Lean Muscle & Recovery - HMB Free Acid Muscle Supplement - Help Decrease Muscle Breakdown</p><p> -15% 0FF </p><p>$17.05 ($0.41 / Count)</p><a href="https://www.amazon.com/dp/B07YNGFFDT?tag=eloabder-20&linkCode=osi&th=1&psc=1">View Product</a></div><div class="product"><a href="https://www.amazon.com/dp/B001LXMUW6?tag=eloabder-20&linkCode=osi&th=1&psc=1"><img src="https://m.media-amazon.com/images/I/413hbtz4hkL._SL500_.jpg" alt="Product Image"></a><p>NOW Foods Sports Nutrition, ZMA (Zinc, Magnesium and Vitamin B-6), Enhanced Absorption, Sports Recovery*, 180 Capsules</p><p> -47% 0FF </p><p>$24.53 ($0.14 / Count)</p><a href="https://www.amazon.com/dp/B001LXMUW6?tag=eloabder-20&linkCode=osi&th=1&psc=1">View Product</a></div>
<div class="product"><a href="https://www.amazon.com/dp/B087JNQ4X8?tag=eloabder-20&linkCode=osi&th=1&psc=1"><img src="https://m.media-amazon.com/images/I/41KqQHK5+vL._SL500_.jpg" alt="Product Image"></a><p>Immuneti - Advanced Immune Defense, 6-in-1 Powerful Blend of Vitamin C, Vitamin D3, Zinc, Elderberries, Garlic Bulb, Echinacea - Supports Overall Health, Provides Vital Nutrients & Antioxidants</p><p> -11% 0FF </p><p>$15.20 ($0.25 / Count)</p><a href="https://www.amazon.com/dp/B087JNQ4X8?tag=eloabder-20&linkCode=osi&th=1&psc=1">View Product</a></div><div class="product"><a href="https://www.amazon.com/dp/B00MJ7VL1O?tag=eloabder-20&linkCode=osi&th=1&psc=1"><img src="https://m.media-amazon.com/images/I/41dN7-gv40L._SL500_.jpg" alt="Product Image"></a><p>Nature’s Way Sambucus Elderberry Immune Gummies, Daily Immune Support for Kids and Adults*, with Vitamin C, Vitamin D3, Zinc, Gluten Free, Vegetarian, 60 Gummies (Packaging May Vary)</p><p> -29% 0FF </p><p>$14.97 ($0.25 / Count)</p><a href="https://www.amazon.com/dp/B00MJ7VL1O?tag=eloabder-20&linkCode=osi&th=1&psc=1">View Product</a></div><div class="product"><a href="https://www.amazon.com/dp/B096XST3NP?tag=eloabder-20&linkCode=osi&th=1&psc=1"><img src="https://m.media-amazon.com/images/I/41LbQVRj61L._SL500_.jpg" alt="Product Image"></a><p>Amazon Basic Care Immune Support Citrus Chew Tablets, 116 Count</p><p> -20% 0FF </p><p>$12.05 ($0.10 / Count)</p><a href="https://www.amazon.com/dp/B096XST3NP?tag=eloabder-20&linkCode=osi&th=1&psc=1">View Product</a></div>
<div class="product"><a href="https://www.amazon.com/dp/B09GS4SQ4P?tag=eloabder-20&linkCode=osi&th=1&psc=1"><img src="https://m.media-amazon.com/images/I/51mHDeOOoUL._SL500_.jpg" alt="Product Image"></a><p>Tylenol Cold + Flu Severe Medicine Caplets for Cold & Flu Symptom Relief, Fever Reducer, Pain Reliever, Cough Suppressant, Nasal Decongestant & Expectorant with Acetaminophen, 2 pks of 24 ct ea, 48 ct</p><p> -30% 0FF </p><p>$14.88 ($0.31 / Count)</p><a href="https://www.amazon.com/dp/B09GS4SQ4P?tag=eloabder-20&linkCode=osi&th=1&psc=1">View Product</a></div><div class="product"><a href="https://www.amazon.com/dp/B07DQ1KLNH?tag=eloabder-20&linkCode=osi&th=1&psc=1"><img src="https://m.media-amazon.com/images/I/51SOkRabMvL._SL500_.jpg" alt="Product Image"></a><p>Vicks DayQuil & NyQuil SEVERE Co-Pack, Cold & Flu Medicine, Relief for Headache, Fever, Sore Throat, Minor Aches & Pains, Nasal Congestion, Sinus Pressure, Stuffy Nose, & Cough, 48ct</p><p> -8% 0FF </p><p>$18.41 ($0.38 / Count)</p><a href="https://www.amazon.com/dp/B07DQ1KLNH?tag=eloabder-20&linkCode=osi&th=1&psc=1">View Product</a></div><div class="product"><a href="https://www.amazon.com/dp/B01HI7WQRW?tag=eloabder-20&linkCode=osi&th=1&psc=1"><img src="https://m.media-amazon.com/images/I/51jAgEb8O0L._SL500_.jpg" alt="Product Image"></a><p>Tylenol Cold + Flu Severe Day & Night Caplets for Fever, Pain, Cough & Congestion Relief, 24 Count</p><p> -21% 0FF </p><p>$8.39 ($0.35 / count)</p><a href="https://www.amazon.com/dp/B01HI7WQRW?tag=eloabder-20&linkCode=osi&th=1&psc=1">View Product</a></div><div class="product"><a href="https://www.amazon.com/dp/B0078W0QOI?tag=eloabder-20&linkCode=osi&th=1&psc=1"><img src="https://m.media-amazon.com/images/I/41a0ryy5RyL._SL500_.jpg" alt="Product Image"></a><p>Boiron Oscillococcinum For Relief From Flu-Like Symptoms Of Body Aches, Headache, Fever, Chills, And Fatigue - 30 Count</p><p> -37% 0FF </p><p>$21.41 ($0.71 / Count)</p><a href="https://www.amazon.com/dp/B0078W0QOI?tag=eloabder-20&linkCode=osi&th=1&psc=1">View Product</a></div>
<div class="product"><a href="https://www.amazon.com/dp/B00HE66ZUC?tag=eloabder-20&linkCode=osi&th=1&psc=1"><img src="https://m.media-amazon.com/images/I/510MmBSuAfL._SL500_.jpg" alt="Product Image"></a><p>GoodSense Allergy Relief Loratadine Tablets 10 mg, Compare to Claritin, Antihistamine, 24 Hour Allergy Relief, 365 Count</p><p> -24% 0FF </p><p>$12.99 ($0.04 / Count)</p><a href="https://www.amazon.com/dp/B00HE66ZUC?tag=eloabder-20&linkCode=osi&th=1&psc=1">View Product</a></div><div class="product"><a href="https://www.amazon.com/dp/B087Z6TKD9?tag=eloabder-20&linkCode=osi&th=1&psc=1"><img src="https://m.media-amazon.com/images/I/41hMESBq3wL._SL500_.jpg" alt="Product Image"></a><p>HealthA2Z® Allergy Relief | Loratadine 10mg | Antihistamine | Non-Drowsy | Relief from Itchy Throat, Sneezing, Runny Noses | 24-Hours Allergy Medicine (300 Tablets)</p><p> -11% 0FF </p><p>$12.45 ($0.04 / Count)</p><a href="https://www.amazon.com/dp/B087Z6TKD9?tag=eloabder-20&linkCode=osi&th=1&psc=1">View Product</a></div><div class="product"><a href="https://www.amazon.com/dp/B083VVT61S?tag=eloabder-20&linkCode=osi&th=1&psc=1"><img src="https://m.media-amazon.com/images/I/41BJ8O5m3RL._SL500_.jpg" alt="Product Image"></a><p>Amazon Basic Care 24 Hour Allergy Relief, Levocetirizine Dihydrochloride Tablets, 5 mg, Antihistamine, Relieves Sneezing, Runny Nose, Itchy Nose or Throat and Itchy, Watery Eyes, 80 Count</p><p> -7% 0FF </p><p>$19.19 ($0.24 / Count)</p><a href="https://www.amazon.com/dp/B083VVT61S?tag=eloabder-20&linkCode=osi&th=1&psc=1">View Product</a></div><div class="product"><a href="https://www.amazon.com/dp/B07HD67Q1G?tag=eloabder-20&linkCode=osi&th=1&psc=1"><img src="https://m.media-amazon.com/images/I/51FycexY97L._SL500_.jpg" alt="Product Image"></a><p>HealthCareAisle Allergy Relief - Fexofenadine Hydrochloride Tablets USP, 180 mg – 180 Tablets – Allergy Medication, Non-Drowsy 24-Hour Allergy Relief</p><p> -11% 0FF </p><p>$25.20 ($0.14 / Count)</p><a href="https://www.amazon.com/dp/B07HD67Q1G?tag=eloabder-20&linkCode=osi&th=1&psc=1">View Product</a></div><div class="product"><a href="https://www.amazon.com/dp/B002ZX8X2C?tag=eloabder-20&linkCode=osi&th=1&psc=1"><img src="https://m.media-amazon.com/images/I/41ZzxDs5LOL._SL500_.jpg" alt="Product Image"></a><p>berkley jensen 24 Hour Allergy Relief (365-Count), 10 mg Cetirizine Hydrochloride Antihistamine - Fast Allergy Medicine for Indoor & Outdoor Allergies, Easy-Swallow Tablets, Compare to Zyrtec</p><p> -25% 0FF </p><p>$14.99 ($0.04 / Count)</p><a href="https://www.amazon.com/dp/B002ZX8X2C?tag=eloabder-20&linkCode=osi&th=1&psc=1">View Product</a></div>
<div class="product"><a href="https://www.amazon.com/dp/B01HI7WP0U?tag=eloabder-20&linkCode=osi&th=1&psc=1"><img src="https://m.media-amazon.com/images/I/41W2gWWMMvL._SL500_.jpg" alt="Product Image"></a><p>Tylenol Extra Strength Acetaminophen Rapid Release Gels, Pain Reliever & Fever Reducer, 100 ct</p><p> -25% 0FF </p><p>$12.47 ($0.12 / Count)</p><a href="https://www.amazon.com/dp/B01HI7WP0U?tag=eloabder-20&linkCode=osi&th=1&psc=1">View Product</a></div><div class="product"><a href="https://www.amazon.com/dp/B01LXFEY6H?tag=eloabder-20&linkCode=osi&th=1&psc=1"><img src="https://m.media-amazon.com/images/I/31hLnewBXIL._SL500_.jpg" alt="Product Image"></a><p>Biofreeze Pain Relief Gel, Arthritis Pain Reliver, Knee & Lower Back Pain Relief, Sore Muscle Relief, Neck Pain Relief, Pharmacist Recommended, FSA Eligible, 3 FL OZ Biofreeze Menthol Gel</p><p> -14% 0FF </p><p>$10.30 ($3.43 / Fl Oz)</p><a href="https://www.amazon.com/dp/B01LXFEY6H?tag=eloabder-20&linkCode=osi&th=1&psc=1">View Product</a></div><div class="product"><a href="https://www.amazon.com/dp/B00HCQEYCK?tag=eloabder-20&linkCode=osi&th=1&psc=1"><img src="https://m.media-amazon.com/images/I/41YZhrYx3IL._SL500_.jpg" alt="Product Image"></a><p>Boiron Arnicare Gel for Soothing Relief of Joint Pain, Muscle Pain, Muscle Soreness, and Swelling from Bruises or Injury - Non-greasy and Fragrance-Free - 2.6 oz</p><p> -34% 0FF </p><p>$8.29 ($3.19 / Ounce)</p><a href="https://www.amazon.com/dp/B00HCQEYCK?tag=eloabder-20&linkCode=osi&th=1&psc=1">View Product</a></div><div class="product"><a href="https://www.amazon.com/dp/B074F2FSX4?tag=eloabder-20&linkCode=osi&th=1&psc=1"><img src="https://m.media-amazon.com/images/I/41NsmqTCfVL._SL500_.jpg" alt="Product Image"></a><p>Amazon Basic Care Naproxen Sodium Tablets 220 mg, Pain Reliever/Fever Reducer (NSAID), Muscular Aches, Backache, Headache, Toothache, Minor Arthritis Pain Relief and More, 300 Count</p><p> -14% 0FF </p><p>$12.86 ($0.04 / Count)</p><a href="https://www.amazon.com/dp/B074F2FSX4?tag=eloabder-20&linkCode=osi&th=1&psc=1">View Product</a></div>
<div class="product"><a href="https://www.amazon.com/dp/B07L1PHSY9?tag=eloabder-20&linkCode=osi&th=1&psc=1"><img src="https://m.media-amazon.com/images/I/41u9g+RZFLL._SL500_.jpg" alt="Product Image"></a><p>Differin Acne Treatment Gel, 30 Day Supply, Retinoid Treatment for Face with 0.1% Adapalene, Gentle Skin Care for Acne Prone Sensitive Skin, 15g Tube (Packaging May Vary)</p><p> -34% 0FF </p><p>$9.95 ($19.90 / Ounce)</p><a href="https://www.amazon.com/dp/B07L1PHSY9?tag=eloabder-20&linkCode=osi&th=1&psc=1">View Product</a></div><div class="product"><a href="https://www.amazon.com/dp/B0014VTOAQ?tag=eloabder-20&linkCode=osi&th=1&psc=1"><img src="https://m.media-amazon.com/images/I/41N+MLQ+2XL._SL500_.jpg" alt="Product Image"></a><p>AcneFree Terminator 10 Acne Spot Treatment with Benzoyl Peroxide 10% Maximum Strength Acne Cream Treatment, 1 Ounce - Pack Of 1</p><p> -32% 0FF </p><p>$5.47</p><a href="https://www.amazon.com/dp/B0014VTOAQ?tag=eloabder-20&linkCode=osi&th=1&psc=1">View Product</a></div><div class="product"><a href="https://www.amazon.com/dp/B00NR1YVYU?tag=eloabder-20&linkCode=osi&th=1&psc=1"><img src="https://m.media-amazon.com/images/I/41WxZvl58rL._SL500_.jpg" alt="Product Image"></a><p>Neutrogena Rapid Clear Stubborn Acne Spot Treatment Gel with Maximum Strength 10% Benzoyl Peroxide Acne Treatment Medication, Pimple Cream for Acne Prone Skin Care, 1 oz</p><p> -20% 0FF </p><p>$10.77</p><a href="https://www.amazon.com/dp/B00NR1YVYU?tag=eloabder-20&linkCode=osi&th=1&psc=1">View Product</a></div><div class="product"><a href="https://www.amazon.com/dp/B097WMCYYJ?tag=eloabder-20&linkCode=osi&th=1&psc=1"><img src="https://m.media-amazon.com/images/I/41jj-LdIBUL._SL500_.jpg" alt="Product Image"></a><p>CeraVe Acne Control Gel, 2% Salicylic Acid Acne Treatment With Glycolic Acid + Lactic Acids + Niacniamide, Acne Gel Helps Clear Acne Blemishes Without Over Drying, Alcohol Free & Oil Free, 1.35 Fl Oz</p><p> -14% 0FF </p><p>$17.97 ($13.31 / Ounce)</p><a href="https://www.amazon.com/dp/B097WMCYYJ?tag=eloabder-20&linkCode=osi&th=1&psc=1">View Product</a></div><div class="product"><a href="https://www.amazon.com/dp/B0D9BP1HSS?tag=eloabder-20&linkCode=osi&th=1&psc=1"><img src="https://m.media-amazon.com/images/I/41-YQdCQgwL._SL500_.jpg" alt="Product Image"></a><p>Cystic Acne Spot Treatment Cream for Face, Back and Body, with 10% Azelaic Acid & 2% Salicylic Acid, Hormonal Pimple Moisturizer for Teens & Adults, Relief Breakouts Redness Swelling, 1.8 oz</p><p> -27% 0FF </p><p>$21.99 ($12.22 / Ounce)</p><a href="https://www.amazon.com/dp/B0D9BP1HSS?tag=eloabder-20&linkCode=osi&th=1&psc=1">View Product</a></div><div class="product"><a href="https://www.amazon.com/dp/B00KZ22ED4?tag=eloabder-20&linkCode=osi&th=1&psc=1"><img src="https://m.media-amazon.com/images/I/5139oSKFhAL._SL500_.jpg" alt="Product Image"></a><p>Clean & Clear Persa-Gel 10 Oil-Free Acne Spot Treatment with Maximum Strength 10% Benzoyl Peroxide, Topical Pimple Cream & Acne Gel Medication for Face Acne, Fragrance-Free, 1 fl. oz</p><p> -25% 0FF </p><p>$5.97</p><a href="https://www.amazon.com/dp/B00KZ22ED4?tag=eloabder-20&linkCode=osi&th=1&psc=1">View Product</a></div><div class="product"><a href="https://www.amazon.com/dp/B07952C372?tag=eloabder-20&linkCode=osi&th=1&psc=1"><img src="https://m.media-amazon.com/images/I/41Abobk5uVL._SL500_.jpg" alt="Product Image"></a><p>De La Cruz 10% Sulfur Ointment - Cystic Acne Treatment for Face and Body - Daily 10 Min Spot Treatment Mask Safe and Effective Game Changing Hormonal Acne Treatment that Clears Up Pimples 0.21oz 6g</p><p> -8% 0FF </p><p>$5.49 ($26.14 / Ounce)</p><a href="https://www.amazon.com/dp/B07952C372?tag=eloabder-20&linkCode=osi&th=1&psc=1">View Product</a></div>
<div class="product"><a href="https://www.amazon.com/dp/B0CY9X9FQQ?tag=eloabder-20&linkCode=osi&th=1&psc=1"><img src="https://m.media-amazon.com/images/I/31+KrwtuI1L._SL500_.jpg" alt="Product Image"></a><p>Bubble Skincare Cloud Surf Water Cream Face Moisturizer - Hydrating & Mattifying Moisturizer to Help Rebalance Oils and Minimize Pores with Celery Seed Extract - Suitable for Sensitive Skin (50ml)</p><p> -12% 0FF </p><p>$14.98 ($8.86 / Ounce)</p><a href="https://www.amazon.com/dp/B0CY9X9FQQ?tag=eloabder-20&linkCode=osi&th=1&psc=1">View Product</a></div><div class="product"><a href="https://www.amazon.com/dp/B0BJ74DJXG?tag=eloabder-20&linkCode=osi&th=1&psc=1"><img src="https://m.media-amazon.com/images/I/31RefDglMLL._SL500_.jpg" alt="Product Image"></a><p>BYOMA Moisturizing Gel Cream - Barrier Repair Cream/Gel Face Lotion with Niacinamide and Green Tea - Ceramide Face Moisturizer for Dry Skin - Alcohol Free, Oil Free Face Moisturizer - 1.69 fl. oz</p><p> -25% 0FF </p><p>$11.19 ($6.36 / Ounce)</p><a href="https://www.amazon.com/dp/B0BJ74DJXG?tag=eloabder-20&linkCode=osi&th=1&psc=1">View Product</a></div><div class="product"><a href="https://www.amazon.com/dp/B09NXS395V?tag=eloabder-20&linkCode=osi&th=1&psc=1"><img src="https://m.media-amazon.com/images/I/41ZHn0qwWwL._SL500_.jpg" alt="Product Image"></a><p>NAZANO Under Eye Patches - 60 Pcs - 24K Gold Eye Mask- Puffy Eyes & Dark Circles Treatments,Reduce Under Eye Bags and Smooth Wrinkles,Eye Skin Care Pads With Collagen,Hyaluronic Acid & Castor Oil</p><p> -40% 0FF </p><p>$8.99 ($0.30 / Count)</p><a href="https://www.amazon.com/dp/B09NXS395V?tag=eloabder-20&linkCode=osi&th=1&psc=1">View Product</a></div><div class="product"><a href="https://www.amazon.com/dp/B01M9F9JYH?tag=eloabder-20&linkCode=osi&th=1&psc=1"><img src="https://m.media-amazon.com/images/I/41s-rn1v8+L._SL500_.jpg" alt="Product Image"></a><p>Garnier Micellar Cleansing Water, All-in-1 Makeup Remover and Facial Cleanser, For All Skin Types, 3.4 Fl Oz (100mL), 1 Count (Packaging May Vary)</p><p> -11% 0FF </p><p>$3.99 ($1.17 / Fl Oz)</p><a href="https://www.amazon.com/dp/B01M9F9JYH?tag=eloabder-20&linkCode=osi&th=1&psc=1">View Product</a></div>
<div class="product"><a href="https://www.amazon.com/dp/B00TTD9BRC?tag=eloabder-20&linkCode=osi&th=1&psc=1"><img src="https://m.media-amazon.com/images/I/41ba2zJNMXL._SL500_.jpg" alt="Product Image"></a><p>CeraVe Moisturizing Cream | Body and Face Moisturizer for Dry Skin | Body Cream with Hyaluronic Acid and Ceramides | Daily Moisturizer | Oil-Free | Fragrance Free | Non-Comedogenic | 19 Ounce</p><p> -9% 0FF </p><p>$17.78 ($0.94 / Ounce)</p><a href="https://www.amazon.com/dp/B00TTD9BRC?tag=eloabder-20&linkCode=osi&th=1&psc=1">View Product</a></div><div class="product"><a href="https://www.amazon.com/dp/B000YJ2SLG?tag=eloabder-20&linkCode=osi&th=1&psc=1"><img src="https://m.media-amazon.com/images/I/31kAQxeCY6L._SL500_.jpg" alt="Product Image"></a><p>CeraVe Daily Moisturizing Lotion for Dry Skin | Body Lotion & Face Moisturizer with Hyaluronic Acid and Ceramides | Daily Moisturizer | Fragrance Free | Oil-Free | 12 Ounce</p><p> -9% 0FF </p><p>$13.68 ($1.14 / Fl Oz)</p><a href="https://www.amazon.com/dp/B000YJ2SLG?tag=eloabder-20&linkCode=osi&th=1&psc=1">View Product</a></div><div class="product"><a href="https://www.amazon.com/dp/B08BW46XXK?tag=eloabder-20&linkCode=osi&th=1&psc=1"><img src="https://m.media-amazon.com/images/I/41oCJ4BF8oL._SL500_.jpg" alt="Product Image"></a><p>Vanicream Daily Facial Moisturizer With Ceramides and Hyaluronic Acid - Formulated Without Common Irritants for Those with Sensitive Skin, 3 fl oz (Pack of 1)</p><p> -13% 0FF </p><p>$12.97 ($4.32 / Fl Oz)</p><a href="https://www.amazon.com/dp/B08BW46XXK?tag=eloabder-20&linkCode=osi&th=1&psc=1">View Product</a></div><div class="product"><a href="https://www.amazon.com/dp/B00NR1YQHM?tag=eloabder-20&linkCode=osi&th=1&psc=1"><img src="https://m.media-amazon.com/images/I/41yzZFTW63L._SL500_.jpg" alt="Product Image"></a><p>Neutrogena Hydro Boost Face Moisturizer with Hyaluronic Acid for Dry Skin, Oil-Free and Non-Comedogenic Water Gel Face Lotion, 1.7 oz</p><p> -48% 0FF </p><p>$13.99 ($8.23 / Ounce)</p><a href="https://www.amazon.com/dp/B00NR1YQHM?tag=eloabder-20&linkCode=osi&th=1&psc=1">View Product</a></div><div class="product"><a href="https://www.amazon.com/dp/B00365DABC?tag=eloabder-20&linkCode=osi&th=1&psc=1"><img src="https://m.media-amazon.com/images/I/41rqUy3OtML._SL500_.jpg" alt="Product Image"></a><p>CeraVe PM Facial Moisturizing Lotion | Night Cream with Hyaluronic Acid and Niacinamide | Ultra-Lightweight, Oil-Free Moisturizer for Face | 3 Ounce</p><p> -25% 0FF </p><p>$14.99 ($5.00 / Ounce)</p><a href="https://www.amazon.com/dp/B00365DABC?tag=eloabder-20&linkCode=osi&th=1&psc=1">View Product</a></div><div class="product"><a href="https://www.amazon.com/dp/B0BBSP2JNQ?tag=eloabder-20&linkCode=osi&th=1&psc=1"><img src="https://m.media-amazon.com/images/I/51HjtwscPOL._SL500_.jpg" alt="Product Image"></a><p>SimplyVital Face Moisturizer Collagen Cream - Anti Aging Neck and Décolleté - Made in USA Day & Night Face Cream - Moisturizing, Lifting & Recovery – 1.7oz</p><p> -43% 0FF </p><p>$22.89 ($13.46 / Fl Oz)</p><a href="https://www.amazon.com/dp/B0BBSP2JNQ?tag=eloabder-20&linkCode=osi&th=1&psc=1">View Product</a></div>
<div class="product"><a href="https://www.amazon.com/dp/B01N34XW93?tag=eloabder-20&linkCode=osi&th=1&psc=1"><img src="https://m.media-amazon.com/images/I/41LiOnNJ79L._SL500_.jpg" alt="Product Image"></a><p>La Roche-Posay Toleriane Purifying Foaming Facial Cleanser, Oil Free Face Wash for Oily Skin and for Sensitive Skin with Niacinamide, Pore Cleanser Won’t Dry Out Skin, Unscented</p><p> -17% 0FF </p><p>$14.99 ($1.11 / Fl Oz)</p><a href="https://www.amazon.com/dp/B01N34XW93?tag=eloabder-20&linkCode=osi&th=1&psc=1">View Product</a></div><div class="product"><a href="https://www.amazon.com/dp/B01N7T7JKJ?tag=eloabder-20&linkCode=osi&th=1&psc=1"><img src="https://m.media-amazon.com/images/I/31VXK3y1KYL._SL500_.jpg" alt="Product Image"></a><p>La Roche-Posay Toleriane Hydrating Gentle Face Cleanser, Daily Facial Cleanser with Niacinamide and Ceramides for Sensitive Skin, Moisturizing Face Wash for Normal to Dry Skin, Fragrance Free</p><p> -17% 0FF </p><p>$14.99 ($1.11 / Fl Oz)</p><a href="https://www.amazon.com/dp/B01N7T7JKJ?tag=eloabder-20&linkCode=osi&th=1&psc=1">View Product</a></div><div class="product"><a href="https://www.amazon.com/dp/B01MSSDEPK?tag=eloabder-20&linkCode=osi&th=1&psc=1"><img src="https://m.media-amazon.com/images/I/41YuSwjJUIL._SL500_.jpg" alt="Product Image"></a><p>CeraVe Hydrating Facial Cleanser | Moisturizing Face Wash For Dry Skin | Hyaluronic Acid + Ceramides + Glycerin | Hydrating Cleanser For Normal To Dry Skin | National Eczema Association Certified</p><p> -14% 0FF </p><p>$15.48 ($0.97 / Fl Oz)</p><a href="https://www.amazon.com/dp/B01MSSDEPK?tag=eloabder-20&linkCode=osi&th=1&psc=1">View Product</a></div><div class="product"><a href="https://www.amazon.com/dp/B00U1YCRD8?tag=eloabder-20&linkCode=osi&th=1&psc=1"><img src="https://m.media-amazon.com/images/I/31LVb8KvKwL._SL500_.jpg" alt="Product Image"></a><p>CeraVe SA Cleanser | Salicylic Acid Cleanser with Hyaluronic Acid, Niacinamide & Ceramides| BHA Exfoliant for Face | Fragrance Free Non-Comedogenic | 8 Ounce</p><p> -23% 0FF </p><p>$12.37 ($1.55 / Ounce)</p><a href="https://www.amazon.com/dp/B00U1YCRD8?tag=eloabder-20&linkCode=osi&th=1&psc=1">View Product</a></div><div class="product"><a href="https://www.amazon.com/dp/B01N1LL62W?tag=eloabder-20&linkCode=osi&th=1&psc=1"><img src="https://m.media-amazon.com/images/I/41kwN8dWWzL._SL500_.jpg" alt="Product Image"></a><p>CeraVe Foaming Facial Cleanser | Daily Face Wash for Oily Skin with Hyaluronic Acid, Ceramides, and Niacinamide| Fragrance Free | 16 Fluid Ounce</p><p> -14% 0FF </p><p>$15.48 ($0.97 / Fl Oz)</p><a href="https://www.amazon.com/dp/B01N1LL62W?tag=eloabder-20&linkCode=osi&th=1&psc=1">View Product</a></div><div class="product"><a href="https://www.amazon.com/dp/B00QY1XZ4W?tag=eloabder-20&linkCode=osi&th=1&psc=1"><img src="https://m.media-amazon.com/images/I/319pG+OQZxL._SL500_.jpg" alt="Product Image"></a><p>Vanicream Gentle Facial Cleanser with Pump Dispenser - 8 fl oz - Formulated Without Common Irritants for Those with Sensitive Skin</p><p> -11% 0FF </p><p>$8.86 ($1.11 / Fl Oz)</p><a href="https://www.amazon.com/dp/B00QY1XZ4W?tag=eloabder-20&linkCode=osi&th=1&psc=1">View Product</a></div><div class="product"><a href="https://www.amazon.com/dp/B09Y4HHY1P?tag=eloabder-20&linkCode=osi&th=1&psc=1"><img src="https://m.media-amazon.com/images/I/41Crw80Q3yL._SL500_.jpg" alt="Product Image"></a><p>Face Wash by CETAPHIL, Daily Facial Cleanser for Sensitive, Combination to Oily Skin, NEW 16 Oz, Fragrance Free ,Gentle Foaming, Soap Free, Hypoallergenic</p><p> -30% 0FF </p><p>$11.97 ($0.75 / Fl Oz)</p><a href="https://www.amazon.com/dp/B09Y4HHY1P?tag=eloabder-20&linkCode=osi&th=1&psc=1">View Product</a></div>
<div class="product"><a href="https://www.amazon.com/dp/B08CMS8P67?tag=eloabder-20&linkCode=osi&th=1&psc=1"><img src="https://m.media-amazon.com/images/I/21t-OAmjNPL._SL500_.jpg" alt="Product Image"></a><p>Anua Heartleaf 77 Soothing Toner I pH 5.5 Trouble Care, Calming Skin, Refreshing, Hydrating, Purifying, Cruelty Free, Vegan,(250ml / 8.45 fl.oz.)</p><p> -14% 0FF </p><p>$19.69 ($2.33 / Fl Oz)</p><a href="https://www.amazon.com/dp/B08CMS8P67?tag=eloabder-20&linkCode=osi&th=1&psc=1">View Product</a></div><div class="product"><a href="https://www.amazon.com/dp/B007HD570Q?tag=eloabder-20&linkCode=osi&th=1&psc=1"><img src="https://m.media-amazon.com/images/I/31uC8ENEVqL._SL500_.jpg" alt="Product Image"></a><p>Thayers Alcohol-Free Rose Petal Witch Hazel Facial Toner for Glowing Skin, Soothing, Hydrating, Refreshing Toner for Normal and Combination Skin, 12oz</p><p> -16% 0FF </p><p>$9.17 ($0.76 / Fl Oz)</p><a href="https://www.amazon.com/dp/B007HD570Q?tag=eloabder-20&linkCode=osi&th=1&psc=1">View Product</a></div><div class="product"><a href="https://www.amazon.com/dp/B07K23HV61?tag=eloabder-20&linkCode=osi&th=1&psc=1"><img src="https://m.media-amazon.com/images/I/31KkgEtoFiL._SL500_.jpg" alt="Product Image"></a><p>I'm from Rice Toner, Milky Toner for Glowing Skin, 77.78% Korean Rice, Glow Essence with Niacinamide, Hydrating for Dry, Dull, Combination Skin, Vegan, Fragrance Free, Glass Skin 5.07 Fl Oz</p><p> -20% 0FF </p><p>$24.90 ($4.91 / Fl Oz)</p><a href="https://www.amazon.com/dp/B07K23HV61?tag=eloabder-20&linkCode=osi&th=1&psc=1">View Product</a></div><div class="product"><a href="https://www.amazon.com/dp/B07THCMGFP?tag=eloabder-20&linkCode=osi&th=1&psc=1"><img src="https://m.media-amazon.com/images/I/31n-zByuthL._SL500_.jpg" alt="Product Image"></a><p>Haruharu Wonder Black Rice Hyaluronic Toner 5.1 fl.oz / 150ml | Face Moisturizer, Facial Toner for All Skin Types | Vegan, Cruelty Free, EWG-Green</p><p> -11% 0FF </p><p>$13.35 ($2.62 / Fl Oz)</p><a href="https://www.amazon.com/dp/B07THCMGFP?tag=eloabder-20&linkCode=osi&th=1&psc=1">View Product</a></div><div class="product"><a href="https://www.amazon.com/dp/B07BYJF7L7?tag=eloabder-20&linkCode=osi&th=1&psc=1"><img src="https://m.media-amazon.com/images/I/31+G3Xc+J7L._SL500_.jpg" alt="Product Image"></a><p>SOME BY MI AHA BHA PHA 30 Days Miracle Toner - 5.07Oz, 150ml - Mild Exfoliating Skin Prep Korean Toner for All Skin Type - Daily Blackhead Removing Pore Minimizer for Face Texture - Korean Skin Care</p><p> -38% 0FF </p><p>$13.90 ($2.74 / Fl Oz)</p><a href="https://www.amazon.com/dp/B07BYJF7L7?tag=eloabder-20&linkCode=osi&th=1&psc=1">View Product</a></div>
<div class="product"><a href="https://www.amazon.com/dp/B00PBX3L7K?tag=eloabder-20&linkCode=osi&th=1&psc=1"><img src="https://m.media-amazon.com/images/I/31OiAm-FA8L._SL500_.jpg" alt="Product Image"></a><p>COSRX Snail Mucin 96% Power Repairing Essence 3.38 fl.oz 100ml, Hydrating Serum for Face with Snail Secretion Filtrate for Dull Skin & Fine Lines, Korean Skin Care</p><p> -32% 0FF </p><p>$16.99 ($5.03 / Fl Oz)</p><a href="https://www.amazon.com/dp/B00PBX3L7K?tag=eloabder-20&linkCode=osi&th=1&psc=1">View Product</a></div><div class="product"><a href="https://www.amazon.com/dp/B014PGEEO2?tag=eloabder-20&linkCode=osi&th=1&psc=1"><img src="https://m.media-amazon.com/images/I/51v+djIfQGL._SL500_.jpg" alt="Product Image"></a><p>Tree of Life Facial Skin Care Set, Brightening, Firming, Hydrating, Dry Face, Dermatologist Tested - Trio Power Kit, Vitamin C, Retinol and Hyaluronic Acid, 3 count of 1 Fl Oz</p><p> -14% 0FF </p><p>$29.99 ($10.00 / Fl Oz)</p><a href="https://www.amazon.com/dp/B014PGEEO2?tag=eloabder-20&linkCode=osi&th=1&psc=1">View Product</a></div><div class="product"><a href="https://www.amazon.com/dp/B01B5G45R6?tag=eloabder-20&linkCode=osi&th=1&psc=1"><img src="https://m.media-amazon.com/images/I/51Q5RBPeaLL._SL500_.jpg" alt="Product Image"></a><p>artnaturals Anti-Aging-Set with Vitamin-C Retinol and Hyaluronic-Acid - (3 x 1 Fl Oz / 30ml) Serum for Anti Wrinkle and Dark Circle Remover – All Natural and Moisturizing</p><p> -19% 0FF </p><p>$24.95 ($8.32 / Fl Oz)</p><a href="https://www.amazon.com/dp/B01B5G45R6?tag=eloabder-20&linkCode=osi&th=1&psc=1">View Product</a></div><div class="product"><a href="https://www.amazon.com/dp/B07VWSN95S?tag=eloabder-20&linkCode=osi&th=1&psc=1"><img src="https://m.media-amazon.com/images/I/411Y0nzh9zL._SL500_.jpg" alt="Product Image"></a><p>CeraVe Retinol Serum for Post-Acne Marks and Skin Texture | Pore Refining, Resurfacing, Brightening Facial Serum with Retinol and Niacinamide | Fragrance Free, Paraben Free & Non-Comedogenic| 1 Oz</p><p> -15% 0FF </p><p>$18.68</p><a href="https://www.amazon.com/dp/B07VWSN95S?tag=eloabder-20&linkCode=osi&th=1&psc=1">View Product</a></div><div class="product"><a href="https://www.amazon.com/dp/B07QFHZZZL?tag=eloabder-20&linkCode=osi&th=1&psc=1"><img src="https://m.media-amazon.com/images/I/41I2Z44ByOL._SL500_.jpg" alt="Product Image"></a><p>The Ordinary Face Serum Set! Caffeine Solution 5%+EGCG! Hyaluronic Acid 2%+B5! Niacinamide 10% + Zinc 1%! Help Fight Visible Blemishes And Improve The Look Of Skin Texture&Radiance</p><p> -8% 0FF </p><p>$27.00 ($9.00 / Ounce)</p><a href="https://www.amazon.com/dp/B07QFHZZZL?tag=eloabder-20&linkCode=osi&th=1&psc=1">View Product</a></div>
<div class="product"><a href="https://www.amazon.com/dp/B09HH8R1T8?tag=eloabder-20&linkCode=osi&th=1&psc=1"><img src="https://m.media-amazon.com/images/I/51wBTGbcqkL._SL500_.jpg" alt="Product Image"></a><p>UJFQBH 3 Pieces African Bath Sponge African Net Long Net Bath Sponge Exfoliating Shower Body Scrubber Back Scrubber Skin Smoother,Great for Daily Use (Pink,Yellow,Purple)</p><p> -47% 0FF </p><p>$7.99 ($2.66 / Count)</p><a href="https://www.amazon.com/dp/B09HH8R1T8?tag=eloabder-20&linkCode=osi&th=1&psc=1">View Product</a></div><div class="product"><a href="https://www.amazon.com/dp/B004GEV9JW?tag=eloabder-20&linkCode=osi&th=1&psc=1"><img src="https://m.media-amazon.com/images/I/41MgyDfHXfL._SL500_.jpg" alt="Product Image"></a><p>Buf-Puf Gentle Facial Sponge, Dermatologist Developed, Removes Deep Down Dirt & Makeup That Causes Breakouts and Blackheads, Reusable, Exfoliating, 1 Count</p><p> -22% 0FF </p><p>$7.84</p><a href="https://www.amazon.com/dp/B004GEV9JW?tag=eloabder-20&linkCode=osi&th=1&psc=1">View Product</a></div>

<div class="product"><a href="https://www.amazon.com/dp/B005IHT94S?tag=eloabder-20&linkCode=osi&th=1&psc=1"><img src="https://m.media-amazon.com/images/I/31YAXVCRMAL._SL500_.jpg" alt="Product Image"></a><p>Neutrogena Ultra Sheer Dry-Touch Water Resistant and Non-Greasy Sunscreen Lotion with Broad Spectrum SPF 70, 3 Fl Oz (Pack of 1)</p><p> -26% 0FF </p><p>$9.88 ($3.29 / Fl Oz)</p><a href="https://www.amazon.com/dp/B005IHT94S?tag=eloabder-20&linkCode=osi&th=1&psc=1">View Product</a></div><div class="product"><a href="https://www.amazon.com/dp/B01MQXX9US?tag=eloabder-20&linkCode=osi&th=1&psc=1"><img src="https://m.media-amazon.com/images/I/41Zi7BP15NL._SL500_.jpg" alt="Product Image"></a><p>Banana Boat Sport Ultra SPF 50 Sunscreen Spray Twin Pack | Banana Boat Sunscreen Spray SPF 50, Spray On Sunscreen, Water Resistant Sunscreen, Oxybenzone Free Sunscreen Pack, 6oz each</p><p> -26% 0FF </p><p>$13.97 ($1.16 / Ounce)</p><a href="https://www.amazon.com/dp/B01MQXX9US?tag=eloabder-20&linkCode=osi&th=1&psc=1">View Product</a></div><div class="product"><a href="https://www.amazon.com/dp/B0033ZL5YY?tag=eloabder-20&linkCode=osi&th=1&psc=1"><img src="https://m.media-amazon.com/images/I/41gbrGgbm6L._SL500_.jpg" alt="Product Image"></a><p>Banana Boat Sport Ultra SPF 50 Sunscreen Lotion, 8oz | Banana Boat Sunscreen SPF 50 Lotion, Oxybenzone Free Sunscreen, Sunblock Lotion Sunscreen, Banana Boat Lotion, Water Resistant Sunscreen, 8oz</p><p> -40% 0FF </p><p>$8.97 ($1.12 / Fl Oz)</p><a href="https://www.amazon.com/dp/B0033ZL5YY?tag=eloabder-20&linkCode=osi&th=1&psc=1">View Product</a></div><div class="product"><a href="https://www.amazon.com/dp/B004D2DR0Q?tag=eloabder-20&linkCode=osi&th=1&psc=1"><img src="https://m.media-amazon.com/images/I/41QwzCWNnFL._SL500_.jpg" alt="Product Image"></a><p>Neutrogena Ultra Sheer Dry-Touch Water Resistant and Non-Greasy Sunscreen Lotion with Broad Spectrum SPF 45, TSA-Compliant travel Size, 3 Fl Oz, Pack of 2, 6 Fl Oz</p><p> -38% 0FF </p><p>$13.99 ($2.33 / Fl Oz)</p><a href="https://www.amazon.com/dp/B004D2DR0Q?tag=eloabder-20&linkCode=osi&th=1&psc=1">View Product</a></div><div class="product"><a href="https://www.amazon.com/dp/B074W9HR72?tag=eloabder-20&linkCode=osi&th=1&psc=1"><img src="https://m.media-amazon.com/images/I/41X2bu9GahL._SL500_.jpg" alt="Product Image"></a><p>Coppertone Sport Sunscreen Spray SPF 30, Water Resistant Spray Sunscreen, Broad Spectrum SPF 30 Sunscreen, Bulk Sunscreen Pack, 5.5 Oz Bottle, Pack of 2</p><p> -28% 0FF </p><p>$9.99 ($0.91 / Ounce)</p><a href="https://www.amazon.com/dp/B074W9HR72?tag=eloabder-20&linkCode=osi&th=1&psc=1">View Product</a></div><div class="product"><a href="https://www.amazon.com/dp/B0031O5QF6?tag=eloabder-20&linkCode=osi&th=1&psc=1"><img src="https://m.media-amazon.com/images/I/31aJ6gPLVaL._SL500_.jpg" alt="Product Image"></a><p>Hawaiian Tropic Sheer Touch Ultra Radiance Lotion Sunscreen SPF 30, 8oz | Hawaiian Tropic Sunscreen SPF 30, Sunblock, Broad Spectrum Sunscreen, Oxybenzone Free Sunscreen, Body Sunscreen, 8oz</p><p> -14% 0FF </p><p>$8.98 ($1.12 / Fl Oz)</p><a href="https://www.amazon.com/dp/B0031O5QF6?tag=eloabder-20&linkCode=osi&th=1&psc=1">View Product</a></div><div class="product"><a href="https://www.amazon.com/dp/B00B81XR1Y?tag=eloabder-20&linkCode=osi&th=1&psc=1"><img src="https://m.media-amazon.com/images/I/41NtDXr-dML._SL500_.jpg" alt="Product Image"></a><p>Banana Boat Sport Ultra SPF 30 Sunscreen Spray Twin Pack | Banana Boat Sunscreen Spray SPF 30, Spray On Sunscreen, Water Resistant Sunscreen, Oxybenzone Free Sunscreen Pack, 6oz each</p><p> -25% 0FF </p><p>$13.47 ($1.12 / Ounce)</p><a href="https://www.amazon.com/dp/B00B81XR1Y?tag=eloabder-20&linkCode=osi&th=1&psc=1">View Product</a></div><div class="product"><a href="https://www.amazon.com/dp/B00AEN4QZ8?tag=eloabder-20&linkCode=osi&th=1&psc=1"><img src="https://m.media-amazon.com/images/I/31QMrCJPoeL._SL500_.jpg" alt="Product Image"></a><p>Neutrogena Beach Defense Water-Resistant Face & Body SPF 70 Sunscreen Lotion with Broad Spectrum UVA/UVB Protection, Oil-Free Fast-Absorbing Sunscreen Lotion, Oxybenzone-Free, 6.7 oz</p><p> -27% 0FF </p><p>$9.60 ($1.43 / Fl Oz)</p><a href="https://www.amazon.com/dp/B00AEN4QZ8?tag=eloabder-20&linkCode=osi&th=1&psc=1">View Product</a></div><div class="product"><a href="https://www.amazon.com/dp/B09DGPRM22?tag=eloabder-20&linkCode=osi&th=1&psc=1"><img src="https://m.media-amazon.com/images/I/31B9wKQM5vL._SL500_.jpg" alt="Product Image"></a><p>ROUND LAB Birch Juice Moisturizing Sunscreen (SPF50+ PA++++) | A moisturizing sunscreen, No White Cast, Strong UV Protection, Moist Essence Type, Ocean Friendly-Reef Safe (1.69fl.oz)</p><p> -32% 0FF </p><p>$18.99 ($11.24 / Fl Oz)</p><a href="https://www.amazon.com/dp/B09DGPRM22?tag=eloabder-20&linkCode=osi&th=1&psc=1">View Product</a></div>
<div class="product"><a href="https://www.amazon.com/dp/B0C9H6PD9B?tag=eloabder-20&linkCode=osi&th=1&psc=1"><img src="https://m.media-amazon.com/images/I/51MQp9qtYZL._SL500_.jpg" alt="Product Image"></a><p>Collagen Face Moisturizer with Airless Pump - Collagen Botanical Stem Cells Cream for Skin with Retinol, Niacinamide, Hyaluronic Acid - Anti-Aging Day & Night Cream - Made in USA (1.7 Oz)</p><p> -17% 0FF </p><p>$14.99 ($8.82 / Ounce)</p><a href="https://www.amazon.com/dp/B0C9H6PD9B?tag=eloabder-20&linkCode=osi&th=1&psc=1">View Product</a></div><div class="product"><a href="https://www.amazon.com/dp/B008EKY8VK?tag=eloabder-20&linkCode=osi&th=1&psc=1"><img src="https://m.media-amazon.com/images/I/417CElRN9WL._SL500_.jpg" alt="Product Image"></a><p>L'Oreal Paris Revitalift Triple Power Anti-Aging Face Moisturizer, Pro Retinol, Hyaluronic Acid & Vitamin C to Reduce Wrinkles, Firm & Brighten Skin, 1.7 Oz</p><p> -21% 0FF </p><p>$23.66 ($13.92 / Ounce)</p><a href="https://www.amazon.com/dp/B008EKY8VK?tag=eloabder-20&linkCode=osi&th=1&psc=1">View Product</a></div><div class="product"><a href="https://www.amazon.com/dp/B07XJ7XWLW?tag=eloabder-20&linkCode=osi&th=1&psc=1"><img src="https://m.media-amazon.com/images/I/41NLZaGIIvL._SL500_.jpg" alt="Product Image"></a><p>CeraVe Anti Aging Retinol Serum | Cream Serum for Smoothing Fine Lines and Skin Brightening | With Retinol, Hyaluronic Acid, Niacinamide, and Ceramides | 1 Ounce</p><p> -6% 0FF </p><p>$23.49</p><a href="https://www.amazon.com/dp/B07XJ7XWLW?tag=eloabder-20&linkCode=osi&th=1&psc=1">View Product</a></div><div class="product"><a href="https://www.amazon.com/dp/B002JDUMFO?tag=eloabder-20&linkCode=osi&th=1&psc=1"><img src="https://m.media-amazon.com/images/I/41h3+tOcptL._SL500_.jpg" alt="Product Image"></a><p>L’Oréal Paris Collagen Daily Face Moisturizer, Reduce Wrinkles, Face Cream 1.7 oz</p><p> -16% 0FF </p><p>$9.70 ($5.71 / Ounce)</p><a href="https://www.amazon.com/dp/B002JDUMFO?tag=eloabder-20&linkCode=osi&th=1&psc=1">View Product</a></div><div class="product"><a href="https://www.amazon.com/dp/B09JMDLSJR?tag=eloabder-20&linkCode=osi&th=1&psc=1"><img src="https://m.media-amazon.com/images/I/41dzg8Cq95L._SL500_.jpg" alt="Product Image"></a><p>RoC Retinol Correxion Deep Wrinkle Serum Facial Cleanser with Niacinamide for Anti-Aging and Fine Lines, Long-Wear Makeup Remover, Fragrance Free Skin Care, Opthalmologist Tested, 6 Ounces</p><p> -29% 0FF </p><p>$9.99 ($1.66 / Fl Oz)</p><a href="https://www.amazon.com/dp/B09JMDLSJR?tag=eloabder-20&linkCode=osi&th=1&psc=1">View Product</a></div><div class="product"><a href="https://www.amazon.com/dp/B01B7AGX2U?tag=eloabder-20&linkCode=osi&th=1&psc=1"><img src="https://m.media-amazon.com/images/I/31ZFZXsQryL._SL500_.jpg" alt="Product Image"></a><p>Neutrogena Retinol Treatment and Tinted Facial Moisturizer, Healthy Skin Anti-Aging Perfector with Broad Spectrum SPF 20 Sunscreen with Titanium Dioxide, 40 Neutral to Tan, 1 fl. oz</p><p> -50% 0FF </p><p>$10.20</p><a href="https://www.amazon.com/dp/B01B7AGX2U?tag=eloabder-20&linkCode=osi&th=1&psc=1">View Product</a></div>
<div class="product"><a href="https://www.amazon.com/dp/B000N758A2?tag=eloabder-20&linkCode=osi&th=1&psc=1"><img src="https://m.media-amazon.com/images/I/41YSvL8jS6L._SL500_.jpg" alt="Product Image"></a><p>OGX Nourishing + Coconut Milk Anti-Breakage Serum, 4 Fl Oz</p><p> -11% 0FF </p><p>$7.97 ($1.99 / Fl Oz)</p><a href="https://www.amazon.com/dp/B000N758A2?tag=eloabder-20&linkCode=osi&th=1&psc=1">View Product</a></div><div class="product"><a href="https://www.amazon.com/dp/B005LPN8R6?tag=eloabder-20&linkCode=osi&th=1&psc=1"><img src="https://m.media-amazon.com/images/I/41AX5ZL0F9L._SL500_.jpg" alt="Product Image"></a><p>Wet Brush Original Detangling Hair Brush, Classic Black - Ultra-Soft IntelliFlex Bristles - Detangler Brush Glide Through Tangles With Ease For All Hair Types - For Women, Men, Wet & Dry Hair</p><p> -30% 0FF </p><p>$7.00</p><a href="https://www.amazon.com/dp/B005LPN8R6?tag=eloabder-20&linkCode=osi&th=1&psc=1">View Product</a></div><div class="product"><a href="https://www.amazon.com/dp/B001126XOI?tag=eloabder-20&linkCode=osi&th=1&psc=1"><img src="https://m.media-amazon.com/images/I/31MeKMlDGLL._SL500_.jpg" alt="Product Image"></a><p>Conair Velvet Touch hair brush - Detangling hair brush - Ideal for all hair types - Paddle Cushion - Soft Touch Handle - Colors at random - 1 Count</p><p> -28% 0FF </p><p>$4.99</p><a href="https://www.amazon.com/dp/B001126XOI?tag=eloabder-20&linkCode=osi&th=1&psc=1">View Product</a></div><div class="product"><a href="https://www.amazon.com/dp/B00AINMFAC?tag=eloabder-20&linkCode=osi&th=1&psc=1"><img src="https://m.media-amazon.com/images/I/41D7x04cFtL._SL500_.jpg" alt="Product Image"></a><p>Nizoral Anti-Dandruff Shampoo with 1% Ketoconazole, Fresh Scent, 7 Fl Oz</p><p> -47% 0FF </p><p>$15.88 ($2.27 / Fl Oz)</p><a href="https://www.amazon.com/dp/B00AINMFAC?tag=eloabder-20&linkCode=osi&th=1&psc=1">View Product</a></div><div class="product"><a href="https://www.amazon.com/dp/B01LTIAUAG?tag=eloabder-20&linkCode=osi&th=1&psc=1"><img src="https://m.media-amazon.com/images/I/414cIBskUjL._SL500_.jpg" alt="Product Image"></a><p>Cantu Leave-In Conditioning Repair Cream with Argan Oil, 16 oz (Packaging May Vary)</p><p> -13% 0FF </p><p>$6.48 ($0.40 / Ounce)</p><a href="https://www.amazon.com/dp/B01LTIAUAG?tag=eloabder-20&linkCode=osi&th=1&psc=1">View Product</a></div><div class="product"><a href="https://www.amazon.com/dp/B0011DP24Y?tag=eloabder-20&linkCode=osi&th=1&psc=1"><img src="https://m.media-amazon.com/images/I/318wWjq3aeL._SL500_.jpg" alt="Product Image"></a><p>Avalon Organics Revitalizing Lavender Shampoo, For Smooth, Shiny, Touchably Soft Hair For Normal To Dry Hair, 32 Fluid Ounces</p><p> -9% 0FF </p><p>$17.69 ($0.55 / Fl Oz)</p><a href="https://www.amazon.com/dp/B0011DP24Y?tag=eloabder-20&linkCode=osi&th=1&psc=1">View Product</a></div><div class="product"><a href="https://www.amazon.com/dp/B015HTJDDS?tag=eloabder-20&linkCode=osi&th=1&psc=1"><img src="https://m.media-amazon.com/images/I/31TKfcsgYvL._SL500_.jpg" alt="Product Image"></a><p>The Honest Company Conditioning Hair Detangler | Leave-in Conditioner + Fortifying Spray | Tear-free, Cruelty-Free, Hypoallergenic | Citrus Vanilla Refresh, 4 fl oz</p><p> -7% 0FF </p><p>$6.99 ($1.75 / Fl Oz)</p><a href="https://www.amazon.com/dp/B015HTJDDS?tag=eloabder-20&linkCode=osi&th=1&psc=1">View Product</a></div><div class="product"><a href="https://www.amazon.com/dp/B019ZZB3O2?tag=eloabder-20&linkCode=osi&th=1&psc=1"><img src="https://m.media-amazon.com/images/I/41LErxWdadL._SL500_.jpg" alt="Product Image"></a><p>SugarbearPRO Hair Vitamin Extra Strength 6000mcg Biotin, Longer-Looking Hair Gummy for Women & Men,B12, MSM, Inositol, Omega 3, Elderberry, Growth, USA Patent Design, Kosher Halal Vegan 2 Month Supply</p><p> -23% 0FF </p><p>$29.99 ($0.50 / Count)</p><a href="https://www.amazon.com/dp/B019ZZB3O2?tag=eloabder-20&linkCode=osi&th=1&psc=1">View Product</a></div>
<div class="product"><a href="https://www.amazon.com/dp/B00ADRH2OM?tag=eloabder-20&linkCode=osi&th=1&psc=1"><img src="https://m.media-amazon.com/images/I/413WPcPNDbL._SL500_.jpg" alt="Product Image"></a><p>OGX Thick & Full + Biotin & Collagen Volumizing Shampoo, Nutrient-Infused Hair Shampoo with Vitamin B7 Biotin Gives Hair Volume & Body for 72+ Hours, Sulfate-Free Surfactants, 13 fl. oz</p><p> -25% 0FF </p><p>$6.97 ($0.54 / Fl Oz)</p><a href="https://www.amazon.com/dp/B00ADRH2OM?tag=eloabder-20&linkCode=osi&th=1&psc=1">View Product</a></div><div class="product"><a href="https://www.amazon.com/dp/B008J2GP9G?tag=eloabder-20&linkCode=osi&th=1&psc=1"><img src="https://m.media-amazon.com/images/I/31BkIKu3HgL._SL500_.jpg" alt="Product Image"></a><p>OGX Renewing Argan Oil of Morocco Shampoo - Strengthens and Repairs Dry, Damaged Hair - Paraben-Free, Sulfate-Free - 25.4 fl. oz</p><p> -27% 0FF </p><p>$11.99 ($0.47 / Fl Oz)</p><a href="https://www.amazon.com/dp/B008J2GP9G?tag=eloabder-20&linkCode=osi&th=1&psc=1">View Product</a></div><div class="product"><a href="https://www.amazon.com/dp/B008OL3UYK?tag=eloabder-20&linkCode=osi&th=1&psc=1"><img src="https://m.media-amazon.com/images/I/41h78nCTqqL._SL500_.jpg" alt="Product Image"></a><p>Avalon Organics Therapy Biotin B-Complex Thickening Shampoo, For an Energized Scalp and Thicker, Fuller-Looking Hair, 32 Fluid Ounces</p><p> -9% 0FF </p><p>$17.69 ($0.55 / Fl Oz)</p><a href="https://www.amazon.com/dp/B008OL3UYK?tag=eloabder-20&linkCode=osi&th=1&psc=1">View Product</a></div><div class="product"><a href="https://www.amazon.com/dp/B001UGL84U?tag=eloabder-20&linkCode=osi&th=1&psc=1"><img src="https://m.media-amazon.com/images/I/41TIFLFVNyL._SL500_.jpg" alt="Product Image"></a><p>Selsun Blue Medicated Anti-dandruff Shampoo with Menthol, 11 fl. oz., Maximum Strength, Selenium Sulfide 1%</p><p> -13% 0FF </p><p>$7.89 ($0.72 / Fl Oz)</p><a href="https://www.amazon.com/dp/B001UGL84U?tag=eloabder-20&linkCode=osi&th=1&psc=1">View Product</a></div>
<div class="product"><a href="https://www.amazon.com/dp/B0128QFSPK?tag=eloabder-20&linkCode=osi&th=1&psc=1"><img src="https://m.media-amazon.com/images/I/31lrVfnasLL._SL500_.jpg" alt="Product Image"></a><p>OGX Quenching + Coconut Curls Curl-Defining Conditioner, Nourishing Curly Hair Conditioner with Coconut /Citrus Oil & Honey, Paraben-Free with Sulfate-Free Surfactants, 13oz</p><p> -25% 0FF </p><p>$6.97 ($0.54 / Fl Oz)</p><a href="https://www.amazon.com/dp/B0128QFSPK?tag=eloabder-20&linkCode=osi&th=1&psc=1">View Product</a></div><div class="product"><a href="https://www.amazon.com/dp/B0048F38DY?tag=eloabder-20&linkCode=osi&th=1&psc=1"><img src="https://m.media-amazon.com/images/I/41GrHa75nWL._SL500_.jpg" alt="Product Image"></a><p>OGX Renewing + Argan Oil of Morocco Conditioner, 13 fl. oz - Repairs Dry, Damaged Hair, Paraben-Free, Sulfate-Free Surfactants, LipiPro Shield Technology, Citrus-Fresh Scent</p><p> -25% 0FF </p><p>$6.97 ($0.54 / Fl Oz)</p><a href="https://www.amazon.com/dp/B0048F38DY?tag=eloabder-20&linkCode=osi&th=1&psc=1">View Product</a></div><div class="product"><a href="https://www.amazon.com/dp/B01E9CSI44?tag=eloabder-20&linkCode=osi&th=1&psc=1"><img src="https://m.media-amazon.com/images/I/31eFC3P2y4L._SL500_.jpg" alt="Product Image"></a><p>OGX Thick & Full + Biotin & Collagen Volumizing Conditioner, Nutrient-Infused Conditioner + Vitamin B7 Biotin Gives Hair Volume & Body for 72+ Hours, Sulfate-Free Surfactants, 25.4 fl. oz</p><p> -27% 0FF </p><p>$11.99 ($0.47 / Fl Oz)</p><a href="https://www.amazon.com/dp/B01E9CSI44?tag=eloabder-20&linkCode=osi&th=1&psc=1">View Product</a></div><div class="product"><a href="https://www.amazon.com/dp/B000TG850M?tag=eloabder-20&linkCode=osi&th=1&psc=1"><img src="https://m.media-amazon.com/images/I/31TYCRS9xuL._SL500_.jpg" alt="Product Image"></a><p>OGX Nourishing + Coconut Milk Conditioner, Hydrating & Restoring Conditioner Moisturizes for Soft Hair After the First Use, Parabens-Free, Sulfate-Free Surfactants, 13 fl. Oz</p><p> -30% 0FF </p><p>$6.97 ($0.54 / Fl Oz)</p><a href="https://www.amazon.com/dp/B000TG850M?tag=eloabder-20&linkCode=osi&th=1&psc=1">View Product</a></div><div class="product"><a href="https://www.amazon.com/dp/B008OL3VW6?tag=eloabder-20&linkCode=osi&th=1&psc=1"><img src="https://m.media-amazon.com/images/I/31tIRt0xMJL._SL500_.jpg" alt="Product Image"></a><p>Avalon Organics Therapy Thickening Conditioner, Biotin B-Complex, 32 Oz</p><p> -9% 0FF </p><p>$17.69 ($0.55 / Fl Oz)</p><a href="https://www.amazon.com/dp/B008OL3VW6?tag=eloabder-20&linkCode=osi&th=1&psc=1">View Product</a></div>
<div class="product"><a href="https://www.amazon.com/dp/B000ZLVUYO?tag=eloabder-20&linkCode=osi&th=1&psc=1"><img src="https://m.media-amazon.com/images/I/41CNAwwnEqL._SL500_.jpg" alt="Product Image"></a><p>It's A 10 Haircare Miracle Hair Mask - 8 oz. - 1ct</p><p> -21% 0FF </p><p>$24.45 ($3.06 / Fl Oz)</p><a href="https://www.amazon.com/dp/B000ZLVUYO?tag=eloabder-20&linkCode=osi&th=1&psc=1">View Product</a></div><div class="product"><a href="https://www.amazon.com/dp/B002WTC37A?tag=eloabder-20&linkCode=osi&th=1&psc=1"><img src="https://m.media-amazon.com/images/I/41yD1U1SpnL._SL500_.jpg" alt="Product Image"></a><p>Macadamia Natural Deep Repair Hair Masque, 8 OZ</p><p> -7% 0FF </p><p>$16.80 ($2.10 / Fl Oz)</p><a href="https://www.amazon.com/dp/B002WTC37A?tag=eloabder-20&linkCode=osi&th=1&psc=1">View Product</a></div><div class="product"><a href="https://www.amazon.com/dp/B0CQDWM26G?tag=eloabder-20&linkCode=osi&th=1&psc=1"><img src="https://m.media-amazon.com/images/I/41Cg2H-fyrL._SL500_.jpg" alt="Product Image"></a><p>Fino Premium Touch Hair Mask, 180g / 8.11 Ounce by ode</p><p> -9% 0FF </p><p>$13.69 ($1.69 / Ounce)</p><a href="https://www.amazon.com/dp/B0CQDWM26G?tag=eloabder-20&linkCode=osi&th=1&psc=1">View Product</a></div>
<div class="product"><a href="https://www.amazon.com/dp/B0BBSDNX7W?tag=eloabder-20&linkCode=osi&th=1&psc=1"><img src="https://m.media-amazon.com/images/I/41Y91vJb1TL._SL500_.jpg" alt="Product Image"></a><p>Handcraft Blends Castor Oil with Rosemary Oil - 8 Fl Oz - 100% Pure and Natural - Premium Grade Oil for Hair Growth, Eyelashes and Eyebrows - Carrier Oil - Hair and Body Oil</p><p> -10% 0FF </p><p>$8.99 ($1.12 / Fl Oz)</p><a href="https://www.amazon.com/dp/B0BBSDNX7W?tag=eloabder-20&linkCode=osi&th=1&psc=1">View Product</a></div><div class="product"><a href="https://www.amazon.com/dp/B0019LTGOU?tag=eloabder-20&linkCode=osi&th=1&psc=1"><img src="https://m.media-amazon.com/images/I/31pK3I8DkWL._SL500_.jpg" alt="Product Image"></a><p>NOW Foods Solutions, Organic Jojoba Oil, Moisturizing Multi-Purpose Oil for Face, Hair and Body, 4-Ounce</p><p> -31% 0FF </p><p>$10.31 ($2.58 / Fl Oz)</p><a href="https://www.amazon.com/dp/B0019LTGOU?tag=eloabder-20&linkCode=osi&th=1&psc=1">View Product</a></div><div class="product"><a href="https://www.amazon.com/dp/B004Z209HS?tag=eloabder-20&linkCode=osi&th=1&psc=1"><img src="https://m.media-amazon.com/images/I/41iZC2aD-zL._SL500_.jpg" alt="Product Image"></a><p>PURA D'OR 4 Oz ORGANIC Moroccan Argan Oil - USDA Certified 100% Pure & Cold Pressed Virgin Premium Grade Natural Moisturizer Treatment For Dry, Damaged Skin, Hair, Face, Body & Scalp - Men & Women</p><p> -13% 0FF </p><p>$12.99 ($3.25 / Fl Oz)</p><a href="https://www.amazon.com/dp/B004Z209HS?tag=eloabder-20&linkCode=osi&th=1&psc=1">View Product</a></div><div class="product"><a href="https://www.amazon.com/dp/B08ZLLB1QP?tag=eloabder-20&linkCode=osi&th=1&psc=1"><img src="https://m.media-amazon.com/images/I/41Er838d1WL._SL500_.jpg" alt="Product Image"></a><p>HIQILI Rosemary Oil for Hair Growth, Skin, Scalp, 100% Pure Natural, Add to Shampoo & Conditioner - 3.38 Fl Oz</p><p> -38% 0FF </p><p>$7.99 ($2.36 / Fl Oz)</p><a href="https://www.amazon.com/dp/B08ZLLB1QP?tag=eloabder-20&linkCode=osi&th=1&psc=1">View Product</a></div>
<div class="product"><a href="https://www.amazon.com/dp/B00AIL783I?tag=eloabder-20&linkCode=osi&th=1&psc=1"><img src="https://m.media-amazon.com/images/I/31H0Iw6tmZL._SL500_.jpg" alt="Product Image"></a><p>CHI Straight Guard Smoothing Styling Cream, Eliminates Frizz For Sleek & Shiny Hair, Maximum Control, 8.5 Oz</p><p> -58% 0FF </p><p>$8.50 ($1.00 / Fl Oz)</p><a href="https://www.amazon.com/dp/B00AIL783I?tag=eloabder-20&linkCode=osi&th=1&psc=1">View Product</a></div><div class="product"><a href="https://www.amazon.com/dp/B0167HOOEC?tag=eloabder-20&linkCode=osi&th=1&psc=1"><img src="https://m.media-amazon.com/images/I/51z28ow-ggL._SL500_.jpg" alt="Product Image"></a><p>Smooth Viking Hair Clay for Men - Strong Hold, Clay Pomade, Hair Paste, Styling Clay with Matte Finish, Made in USA, 2oz</p><p> -23% 0FF </p><p>$12.99 ($6.50 / Ounce)</p><a href="https://www.amazon.com/dp/B0167HOOEC?tag=eloabder-20&linkCode=osi&th=1&psc=1">View Product</a></div>
<div class="product"><a href="https://www.amazon.com/dp/B004INIW1Y?tag=eloabder-20&linkCode=osi&th=1&psc=1"><img src="https://m.media-amazon.com/images/I/51QXVxOgEkL._SL500_.jpg" alt="Product Image"></a><p>L'Oreal Paris Excellence Creme Permanent Hair Color, 4 Dark Brown, 100 percent Gray Coverage Hair Dye, Pack of 1</p><p> -9% 0FF </p><p>$10.97</p><a href="https://www.amazon.com/dp/B004INIW1Y?tag=eloabder-20&linkCode=osi&th=1&psc=1">View Product</a></div><div class="product"><a href="https://www.amazon.com/dp/B004C0K018?tag=eloabder-20&linkCode=osi&th=1&psc=1"><img src="https://m.media-amazon.com/images/I/517WiYZFqBL._SL500_.jpg" alt="Product Image"></a><p>L'Oreal Paris Superior Preference Fade-Defying + Shine Permanent Hair Color, 5A Medium Ash Brown, Pack of 1, Hair Dye</p><p> -8% 0FF </p><p>$11.97</p><a href="https://www.amazon.com/dp/B004C0K018?tag=eloabder-20&linkCode=osi&th=1&psc=1">View Product</a></div><div class="product"><a href="https://www.amazon.com/dp/B004INCW9W?tag=eloabder-20&linkCode=osi&th=1&psc=1"><img src="https://m.media-amazon.com/images/I/41zrK6E6A7L._SL500_.jpg" alt="Product Image"></a><p>L'Oreal Paris Feria Multi-Faceted Shimmering Permanent Hair Color, 45 French Roast (Deep Bronzed Brown), Pack of 1, Hair Dye</p><p> -8% 0FF </p><p>$11.97</p><a href="https://www.amazon.com/dp/B004INCW9W?tag=eloabder-20&linkCode=osi&th=1&psc=1">View Product</a></div><div class="product"><a href="https://www.amazon.com/dp/B00TUMG2N8?tag=eloabder-20&linkCode=osi&th=1&psc=1"><img src="https://m.media-amazon.com/images/I/51AQGB6nt+L._SL500_.jpg" alt="Product Image"></a><p>Schwarzkopf Keratin Color Anti-Age Hair Color Cream, 8.0 Medium Blonde (Packaging May Vary)</p><p> -7% 0FF </p><p>$11.09</p><a href="https://www.amazon.com/dp/B00TUMG2N8?tag=eloabder-20&linkCode=osi&th=1&psc=1">View Product</a></div><div class="product"><a href="https://www.amazon.com/dp/B004DK8TUQ?tag=eloabder-20&linkCode=osi&th=1&psc=1"><img src="https://m.media-amazon.com/images/I/410IY7twavL._SL500_.jpg" alt="Product Image"></a><p>John Frieda Deep Cherry Brown 3VR Permanent Foam Hair Color, 1 Application</p><p> -8% 0FF </p><p>$11.92</p><a href="https://www.amazon.com/dp/B004DK8TUQ?tag=eloabder-20&linkCode=osi&th=1&psc=1">View Product</a></div><div class="product"><a href="https://www.amazon.com/dp/B000NSX3NU?tag=eloabder-20&linkCode=osi&th=1&psc=1"><img src="https://m.media-amazon.com/images/I/51ioG6p30AS._SL500_.jpg" alt="Product Image"></a><p>Just For Men Shampoo-In Color (Formerly Original Formula), Mens Hair Color with Keratin and Vitamin E for Stronger Hair - Real Black, H-55, Pack of 3</p><p> -10% 0FF </p><p>$26.88 ($8.96 / Count)</p><a href="https://www.amazon.com/dp/B000NSX3NU?tag=eloabder-20&linkCode=osi&th=1&psc=1">View Product</a></div>
<div class="product"><a href="https://www.amazon.com/dp/B07FP3686J?tag=eloabder-20&linkCode=osi&th=1&psc=1"><img src="https://m.media-amazon.com/images/I/51KOSA5dFEL._SL500_.jpg" alt="Product Image"></a><p>Kitsch Spiral Hair Ties for Women, Coil Hair Ties for Thick Hair, No Crease Hair Tie, Spiral Hair Ties No Damage, Hair Coils & Phone Cord Hair Ties for Thin Hair, Hair Ties Spiral, 8pcs (Brunette)</p><p> -9% 0FF </p><p>$7.99 ($1.00 / Count)</p><a href="https://www.amazon.com/dp/B07FP3686J?tag=eloabder-20&linkCode=osi&th=1&psc=1">View Product</a></div><div class="product"><a href="https://www.amazon.com/dp/B08H6V3Q5Y?tag=eloabder-20&linkCode=osi&th=1&psc=1"><img src="https://m.media-amazon.com/images/I/41NgYqBP9PL._SL500_.jpg" alt="Product Image"></a><p>Kitsch Nylon Hair Elastics, No Tangle & No Breakage Hair Ties for Ponytails, Updos & Braids, For All Hair Types, Seamless, Damage Free Hair Accessories for Girls & Women, Blush, 20pcs</p><p> -10% 0FF </p><p>$7.93 ($0.40 / Count)</p><a href="https://www.amazon.com/dp/B08H6V3Q5Y?tag=eloabder-20&linkCode=osi&th=1&psc=1">View Product</a></div><div class="product"><a href="https://www.amazon.com/dp/B009MGKQ0W?tag=eloabder-20&linkCode=osi&th=1&psc=1"><img src="https://m.media-amazon.com/images/I/41pGPMVGZ4L._SL500_.jpg" alt="Product Image"></a><p>GOODY Ouchless Elastic Hair Tie - 50 Count, Neutral Colors - 2MM for Fine to Medium Hair - Pain-Free Hair Accessories for Men, Women, Boys, and Girls - for Long Lasting Braids, Ponytails</p><p> -39% 0FF </p><p>$3.79 ($0.08 / Count)</p><a href="https://www.amazon.com/dp/B009MGKQ0W?tag=eloabder-20&linkCode=osi&th=1&psc=1">View Product</a></div><div class="product"><a href="https://www.amazon.com/dp/B005CSYTCU?tag=eloabder-20&linkCode=osi&th=1&psc=1"><img src="https://m.media-amazon.com/images/I/41og7wvl2GL._SL500_.jpg" alt="Product Image"></a><p>GOODY Ouchless Womens Polyband Elastic Hair Tie - 250 Count, Clear - Fine Hair Accessories to Style With Ease and Keep Your Hair Secured - Perfect for Fun and Unique Hairstyles - Pain-Free</p><p> -39% 0FF </p><p>$4.54 ($0.02 / Count)</p><a href="https://www.amazon.com/dp/B005CSYTCU?tag=eloabder-20&linkCode=osi&th=1&psc=1">View Product</a></div><div class="product"><a href="https://www.amazon.com/dp/B00DFSHD5O?tag=eloabder-20&linkCode=osi&th=1&psc=1"><img src="https://m.media-amazon.com/images/I/41U4OswVDQL._SL500_.jpg" alt="Product Image"></a><p>Goody Ouchless Women's Elastic Hair Ties - 27 Count, Black - 4MM for Medium Hair - Long-Lasting Braids, Ponytails, and More - Pain-Free Hair Accessories (Packaging May Vary)</p><p> -42% 0FF </p><p>$4.27 ($0.16 / Count)</p><a href="https://www.amazon.com/dp/B00DFSHD5O?tag=eloabder-20&linkCode=osi&th=1&psc=1">View Product</a></div><div class="product"><a href="https://www.amazon.com/dp/B001SXPSD2?tag=eloabder-20&linkCode=osi&th=1&psc=1"><img src="https://m.media-amazon.com/images/I/4197dro0RyL._SL500_.jpg" alt="Product Image"></a><p>Scunci by Conair jaw claw clips - hair accessories for women - claw clips for thick hair - claw clip - Black & Tortoise- 2 Count</p><p> -36% 0FF </p><p>$4.99 ($2.50 / Count)</p><a href="https://www.amazon.com/dp/B001SXPSD2?tag=eloabder-20&linkCode=osi&th=1&psc=1">View Product</a></div><div class="product"><a href="https://www.amazon.com/dp/B00DIWQDWQ?tag=eloabder-20&linkCode=osi&th=1&psc=1"><img src="https://m.media-amazon.com/images/I/41YEJFomuGL._SL500_.jpg" alt="Product Image"></a><p>Goody Ouchless Comfort Headwraps - 3 Count(Pack of 1), Assorted Made from Fabric that is Soft and Strong for a Comfortable Fit All Hair Types Pain-Free Accessories Women Girls</p><p> -73% 0FF </p><p>$2.98 ($0.99 / Count)</p><a href="https://www.amazon.com/dp/B00DIWQDWQ?tag=eloabder-20&linkCode=osi&th=1&psc=1">View Product</a></div>
<div class="product"><a href="https://www.amazon.com/dp/B000QXH4PK?tag=eloabder-20&linkCode=osi&th=1&psc=1"><img src="https://m.media-amazon.com/images/I/41SXL+-YzcL._SL500_.jpg" alt="Product Image"></a><p>Listerine Cool Mint Pocketpaks Breath Strips Kills Bad Breath Germs, 24-Strip Pack, 3 Pack</p><p> -18% 0FF </p><p>$5.72 ($0.08 / Count)</p><a href="https://www.amazon.com/dp/B000QXH4PK?tag=eloabder-20&linkCode=osi&th=1&psc=1">View Product</a></div><div class="product"><a href="https://www.amazon.com/dp/B00UB7BO16?tag=eloabder-20&linkCode=osi&th=1&psc=1"><img src="https://m.media-amazon.com/images/I/51JexKE3EDL._SL500_.jpg" alt="Product Image"></a><p>Oral-B Glide Complete with Scope Outlast Mint Flavor Floss Picks 75 Count</p><p> -20% 0FF </p><p>$3.96 ($0.05 / Count)</p><a href="https://www.amazon.com/dp/B00UB7BO16?tag=eloabder-20&linkCode=osi&th=1&psc=1">View Product</a></div><div class="product"><a href="https://www.amazon.com/dp/B0758F8KDC?tag=eloabder-20&linkCode=osi&th=1&psc=1"><img src="https://m.media-amazon.com/images/I/51JvxvVlcIL._SL500_.jpg" alt="Product Image"></a><p>TheraBreath Healthy Gums Mouthwash Clean Mint, Antigingivitis, Dentist Formulated, 16 Fl Oz (2-Pack)</p><p> -37% 0FF </p><p>$17.58 ($0.55 / Fl Oz)</p><a href="https://www.amazon.com/dp/B0758F8KDC?tag=eloabder-20&linkCode=osi&th=1&psc=1">View Product</a></div><div class="product"><a href="https://www.amazon.com/dp/B0BG52SJ5N?tag=eloabder-20&linkCode=osi&th=1&psc=1"><img src="https://m.media-amazon.com/images/I/51PpZUt1LYL._SL500_.jpg" alt="Product Image"></a><p>COSLUS Water Dental Flosser Teeth Pick: Portable Cordless Oral Irrigator 300ML Rechargeable Travel Irrigation Cleaner IPX7 Waterproof Electric Waterflosser Flossing Machine for Teeth Cleaning F5020E</p><p> -25% 0FF </p><p>$29.98</p><a href="https://www.amazon.com/dp/B0BG52SJ5N?tag=eloabder-20&linkCode=osi&th=1&psc=1">View Product</a></div>
<div class="product"><a href="https://www.amazon.com/dp/B005PLQIQ4?tag=eloabder-20&linkCode=osi&th=1&psc=1"><img src="https://m.media-amazon.com/images/I/51DOyE1fx2L._SL500_.jpg" alt="Product Image"></a><p>Crest + Scope Complete Whitening Toothpaste - Pack of 3, 5.4 Oz Tubes - Anticavity Fluoride Toothpaste - Fresh Breath, Kills Germs - Tartar Protection, Enamel Protection - Minty Fresh Flavor</p><p> -10% 0FF </p><p>$9.00 ($0.56 / Ounce)</p><a href="https://www.amazon.com/dp/B005PLQIQ4?tag=eloabder-20&linkCode=osi&th=1&psc=1">View Product</a></div><div class="product"><a href="https://www.amazon.com/dp/B0BLX8VSCH?tag=eloabder-20&linkCode=osi&th=1&psc=1"><img src="https://m.media-amazon.com/images/I/61dvpbGDJjL._SL500_.jpg" alt="Product Image"></a><p>Colgate Max Fresh Whitening Toothpaste with Mini Strips, Clean Mint Toothpaste for Bad Breath, Helps Fight Cavities, Whitens Teeth, and Freshens Breath, 6.3 Ounce (Pack of 4)</p><p> -24% 0FF </p><p>$10.65 ($0.42 / Ounce)</p><a href="https://www.amazon.com/dp/B0BLX8VSCH?tag=eloabder-20&linkCode=osi&th=1&psc=1">View Product</a></div><div class="product"><a href="https://www.amazon.com/dp/B0BLJ68F9R?tag=eloabder-20&linkCode=osi&th=1&psc=1"><img src="https://m.media-amazon.com/images/I/51ccJX66fBL._SL500_.jpg" alt="Product Image"></a><p>Crest Pro-Health Clean Mint Toothpaste (4.3oz) Triple Pack</p><p> -10% 0FF </p><p>$8.97 ($0.70 / Ounce)</p><a href="https://www.amazon.com/dp/B0BLJ68F9R?tag=eloabder-20&linkCode=osi&th=1&psc=1">View Product</a></div><div class="product"><a href="https://www.amazon.com/dp/B0CMW3X9ZK?tag=eloabder-20&linkCode=osi&th=1&psc=1"><img src="https://m.media-amazon.com/images/I/41Y4jxmQuBL._SL500_.jpg" alt="Product Image"></a><p>Crest 3D White Advanced Teeth Whitening Toothpaste, Radiant Mint, 3.3 oz, Pack of 2</p><p> -10% 0FF </p><p>$8.97 ($1.36 / Ounce)</p><a href="https://www.amazon.com/dp/B0CMW3X9ZK?tag=eloabder-20&linkCode=osi&th=1&psc=1">View Product</a></div><div class="product"><a href="https://www.amazon.com/dp/B01BNEWDFQ?tag=eloabder-20&linkCode=osi&th=1&psc=1"><img src="https://m.media-amazon.com/images/I/51ViNDjKZIL._SL500_.jpg" alt="Product Image"></a><p>Colgate Cavity Protection Toothpaste with Fluoride, Great Regular Flavor, 6 Ounce (Pack of 6)</p><p> -16% 0FF </p><p>$11.82 ($0.33 / Ounce)</p><a href="https://www.amazon.com/dp/B01BNEWDFQ?tag=eloabder-20&linkCode=osi&th=1&psc=1">View Product</a></div>
<div class="product"><a href="https://www.amazon.com/dp/B06XK2M3H3?tag=eloabder-20&linkCode=osi&th=1&psc=1"><img src="https://m.media-amazon.com/images/I/41tntn0c7BL._SL500_.jpg" alt="Product Image"></a><p>Oral-B Vivid Dual Action Whitening Toothbrushes, Soft, 4 Count (Packaging and Product Color May Vary)</p><p> -17% 0FF </p><p>$7.49 ($1.87 / Count)</p><a href="https://www.amazon.com/dp/B06XK2M3H3?tag=eloabder-20&linkCode=osi&th=1&psc=1">View Product</a></div><div class="product"><a href="https://www.amazon.com/dp/B00I7HPNHS?tag=eloabder-20&linkCode=osi&th=1&psc=1"><img src="https://m.media-amazon.com/images/I/51Bm+7CrZ2L._SL500_.jpg" alt="Product Image"></a><p>Colgate Toothbrushes Premier Extra Clean ( 12 Toothbrushes)</p><p> -20% 0FF </p><p>$7.99 ($0.67 / Count)</p><a href="https://www.amazon.com/dp/B00I7HPNHS?tag=eloabder-20&linkCode=osi&th=1&psc=1">View Product</a></div><div class="product"><a href="https://www.amazon.com/dp/B08JQCZ71B?tag=eloabder-20&linkCode=osi&th=1&psc=1"><img src="https://m.media-amazon.com/images/I/41Zvcj-EvDL._SL500_.jpg" alt="Product Image"></a><p>Reach Essentials Toothbrush with Toothbrush Caps, Multi-Zoned Angled Soft Bristles, Contoured Handle, Tongue Scraper, 6 Count</p><p> -20% 0FF </p><p>$3.98 ($0.66 / Count)</p><a href="https://www.amazon.com/dp/B08JQCZ71B?tag=eloabder-20&linkCode=osi&th=1&psc=1">View Product</a></div><div class="product"><a href="https://www.amazon.com/dp/B07S9GV83R?tag=eloabder-20&linkCode=osi&th=1&psc=1"><img src="https://m.media-amazon.com/images/I/41ziiRLsaEL._SL500_.jpg" alt="Product Image"></a><p>Colgate 360 Optic White Advanced Whitening Toothbrush, Adult Medium Toothbrush with Whitening Cups, Helps Whiten Teeth and Removes Odor Causing Bacteria, 2 Pack</p><p> -19% 0FF </p><p>$6.96 ($3.48 / Count)</p><a href="https://www.amazon.com/dp/B07S9GV83R?tag=eloabder-20&linkCode=osi&th=1&psc=1">View Product</a></div><div class="product"><a href="https://www.amazon.com/dp/B0BQ1CT7V7?tag=eloabder-20&linkCode=osi&th=1&psc=1"><img src="https://m.media-amazon.com/images/I/41afWttiPjL._SL500_.jpg" alt="Product Image"></a><p>Colgate 360 Whole Mouth Clean Toothbrush, Adult Medium Toothbrushes, 5 Count (Pack of 1)</p><p> -11% 0FF </p><p>$9.99 ($2.00 / Count)</p><a href="https://www.amazon.com/dp/B0BQ1CT7V7?tag=eloabder-20&linkCode=osi&th=1&psc=1">View Product</a></div><div class="product"><a href="https://www.amazon.com/dp/B08172V3Y5?tag=eloabder-20&linkCode=osi&th=1&psc=1"><img src="https://m.media-amazon.com/images/I/41kw3icbwXL._SL500_.jpg" alt="Product Image"></a><p>VIVAGO Biodegradable Bamboo Toothbrushes 10 Pack - BPA Free Soft Bristles Toothbrushes, Eco-Friendly, Compostable Natural Wooden Toothbrush</p><p> -10% 0FF </p><p>$8.98 ($0.90 / Count)</p><a href="https://www.amazon.com/dp/B08172V3Y5?tag=eloabder-20&linkCode=osi&th=1&psc=1">View Product</a></div>
<div class="product"><a href="https://www.amazon.com/dp/B00IRKRK9O?tag=eloabder-20&linkCode=osi&th=1&psc=1"><img src="https://m.media-amazon.com/images/I/51oNh1DLVjL._SL500_.jpg" alt="Product Image"></a><p>TheraBreath Fresh Breath Mouthwash, Icy Mint Flavor, Alcohol-Free, 16 Fl Oz (Pack of 2)</p><p> -15% 0FF </p><p>$15.34 ($0.48 / Fl Oz)</p><a href="https://www.amazon.com/dp/B00IRKRK9O?tag=eloabder-20&linkCode=osi&th=1&psc=1">View Product</a></div><div class="product"><a href="https://www.amazon.com/dp/B0126XBQK6?tag=eloabder-20&linkCode=osi&th=1&psc=1"><img src="https://m.media-amazon.com/images/I/51dT1Mhf3zL._SL500_.jpg" alt="Product Image"></a><p>Crest Pro-Health Advanced Mouthwash, Alcohol Free, Extra Whitening, Energizing Mint Flavor, 946 mL (32 fl oz)</p><p> -19% 0FF </p><p>$7.32 ($0.23 / Fl Oz)</p><a href="https://www.amazon.com/dp/B0126XBQK6?tag=eloabder-20&linkCode=osi&th=1&psc=1">View Product</a></div><div class="product"><a href="https://www.amazon.com/dp/B0B5Y7KCS8?tag=eloabder-20&linkCode=osi&th=1&psc=1"><img src="https://m.media-amazon.com/images/I/51Dmtgp-2ZL._SL500_.jpg" alt="Product Image"></a><p>Listerine Total Care Anticavity Fluoride Mouthwash, Kills 99.9% of Germs That Cause Bad Breath and Prevents Cavities, Fresh Mint Flavor, 1L (Pack of 2)</p><p> -30% 0FF </p><p>$15.96 ($0.24 / Fl Oz)</p><a href="https://www.amazon.com/dp/B0B5Y7KCS8?tag=eloabder-20&linkCode=osi&th=1&psc=1">View Product</a></div><div class="product"><a href="https://www.amazon.com/dp/B0C881GLNM?tag=eloabder-20&linkCode=osi&th=1&psc=1"><img src="https://m.media-amazon.com/images/I/51C2ohy2RWL._SL500_.jpg" alt="Product Image"></a><p>Crest Pro-Health Advanced Mouthwash, Alcohol Free, Multi-Protection, Fresh Mint, 1 L (33.8 fl oz), Pack of 2</p><p> -9% 0FF </p><p>$10.97 ($0.16 / Fl Oz)</p><a href="https://www.amazon.com/dp/B0C881GLNM?tag=eloabder-20&linkCode=osi&th=1&psc=1">View Product</a></div><div class="product"><a href="https://www.amazon.com/dp/B0B5Y2G4HH?tag=eloabder-20&linkCode=osi&th=1&psc=1"><img src="https://m.media-amazon.com/images/I/41KhoumiQGL._SL500_.jpg" alt="Product Image"></a><p>Listerine Freshburst Antiseptic Mouthwash for Bad Breath, Kills 99% of Germs That Cause Bad Breath & Fight Plaque & Gingivitis, ADA Accepted Mouthwash, Spearmint, 1 L, Pack of 2</p><p> -25% 0FF </p><p>$13.96 ($0.21 / Fl Oz)</p><a href="https://www.amazon.com/dp/B0B5Y2G4HH?tag=eloabder-20&linkCode=osi&th=1&psc=1">View Product</a></div><div class="product"><a href="https://www.amazon.com/dp/B005IHSPLQ?tag=eloabder-20&linkCode=osi&th=1&psc=1"><img src="https://m.media-amazon.com/images/I/41iKIAcP6+L._SL500_.jpg" alt="Product Image"></a><p>Listerine Zero Alcohol Mouthwash, Alcohol-Free Oral Rinse to Kill 99% of Germs That Cause Bad Breath for Fresh Breath & Clean Mouth, Less Intense Taste, Cool Mint Flavor, 1 L</p><p> -26% 0FF </p><p>$6.98 ($0.21 / Fl Oz)</p><a href="https://www.amazon.com/dp/B005IHSPLQ?tag=eloabder-20&linkCode=osi&th=1&psc=1">View Product</a></div>
<div class="product"><a href="https://www.amazon.com/dp/B013OKRGWW?tag=eloabder-20&linkCode=osi&th=1&psc=1"><img src="https://m.media-amazon.com/images/I/31JQij0qrGL._SL500_.jpg" alt="Product Image"></a><p>REACH Waxed Dental Floss, Mint, Plaque Remover, Shred Resistant, Extra Wide Cleaning, Gentle on Gums & Teeth, PFAS-Free, Oral Care, for Adults & Kids, 55yd, 1 Pack</p><p> -13% 0FF </p><p>$1.29 ($0.01 / Foot)</p><a href="https://www.amazon.com/dp/B013OKRGWW?tag=eloabder-20&linkCode=osi&th=1&psc=1">View Product</a></div><div class="product"><a href="https://www.amazon.com/dp/B00FZNMHZS?tag=eloabder-20&linkCode=osi&th=1&psc=1"><img src="https://m.media-amazon.com/images/I/31whYdSykoL._SL500_.jpg" alt="Product Image"></a><p>Johnson & Johnson Reach Mint Waxed Dental Floss, 5 Count</p><p> -32% 0FF </p><p>$9.50 ($0.01 / Foot)</p><a href="https://www.amazon.com/dp/B00FZNMHZS?tag=eloabder-20&linkCode=osi&th=1&psc=1">View Product</a></div><div class="product"><a href="https://www.amazon.com/dp/B07WFX1WD2?tag=eloabder-20&linkCode=osi&th=1&psc=1"><img src="https://m.media-amazon.com/images/I/51lqCql47sL._SL500_.jpg" alt="Product Image"></a><p>Oral-B Glide Dental Floss, Scope Flavor, 40m (Pack of 6)</p><p> -5% 0FF </p><p>$18.99 ($0.02 / Foot)</p><a href="https://www.amazon.com/dp/B07WFX1WD2?tag=eloabder-20&linkCode=osi&th=1&psc=1">View Product</a></div><div class="product"><a href="https://www.amazon.com/dp/B013EK49VI?tag=eloabder-20&linkCode=osi&th=1&psc=1"><img src="https://m.media-amazon.com/images/I/31nlcs4SdpL._SL500_.jpg" alt="Product Image"></a><p>REACH Waxed Dental Floss, 200 yds, Mint, Plaque Remover, Shred Resistant, Extra Wide Cleaning, Gentle on Gums & Teeth, PFAS-Free, Oral Care, for Adults & Kids, 1 Pack</p><p> -7% 0FF </p><p>$7.45 ($0.01 / Foot)</p><a href="https://www.amazon.com/dp/B013EK49VI?tag=eloabder-20&linkCode=osi&th=1&psc=1">View Product</a></div>
<div class="product"><a href="https://www.amazon.com/dp/B0BVT76MFH?tag=eloabder-20&linkCode=osi&th=1&psc=1"><img src="https://m.media-amazon.com/images/I/41-2mpIWfYL._SL500_.jpg" alt="Product Image"></a><p>Crest 3D Whitestrips Sensitive At-home Teeth Whitening Kit, 18 Treatments, Gently Removes 15 Years of Stains</p><p> -24% 0FF </p><p>$37.88 ($2.10 / Count)</p><a href="https://www.amazon.com/dp/B0BVT76MFH?tag=eloabder-20&linkCode=osi&th=1&psc=1">View Product</a></div><div class="product"><a href="https://www.amazon.com/dp/B00YPBHU5S?tag=eloabder-20&linkCode=osi&th=1&psc=1"><img src="https://m.media-amazon.com/images/I/51f2CfyycTL._SL500_.jpg" alt="Product Image"></a><p>Crest 3D Whitestrips, Professional Effects, Teeth Whitening Strip Kit, 44 Strips (22 Count Pack)</p><p> -23% 0FF </p><p>$39.94</p><a href="https://www.amazon.com/dp/B00YPBHU5S?tag=eloabder-20&linkCode=osi&th=1&psc=1">View Product</a></div><div class="product"><a href="https://www.amazon.com/dp/B0D7BM9PZB?tag=eloabder-20&linkCode=osi&th=1&psc=1"><img src="https://m.media-amazon.com/images/I/41Nc3jZFaqL._SL500_.jpg" alt="Product Image"></a><p>Teeth Whitening Strips for Sensitive Teeth - Annecal 28 White Strips Enamel Safe for Whiter Teeth, Non-Sensitive Formula, Deep Stains Removal Tooth Whitening, 14 Treatment Enhanced Brightness, Mint</p><p> -33% 0FF </p><p>$19.99 ($0.71 / Count)</p><a href="https://www.amazon.com/dp/B0D7BM9PZB?tag=eloabder-20&linkCode=osi&th=1&psc=1">View Product</a></div><div class="product"><a href="https://www.amazon.com/dp/B082TPDTM2?tag=eloabder-20&linkCode=osi&th=1&psc=1"><img src="https://m.media-amazon.com/images/I/41yMwYlzBGL._SL500_.jpg" alt="Product Image"></a><p>Lumineux Teeth Whitening Strips 21 Treatments – Peroxide Free - Enamel Safe for Whiter Teeth - Whitening Without The Sensitivity - Dentist Formulated and Certified Non-Toxic - Sensitivity Free</p><p> -10% 0FF </p><p>$44.99 ($1.07 / count)</p><a href="https://www.amazon.com/dp/B082TPDTM2?tag=eloabder-20&linkCode=osi&th=1&psc=1">View Product</a></div><div class="product"><a href="https://www.amazon.com/dp/B0B5HN65QQ?tag=eloabder-20&linkCode=osi&th=1&psc=1"><img src="https://m.media-amazon.com/images/I/517JKm6wCpL._SL500_.jpg" alt="Product Image"></a><p>InoPro Teeth Whitening Strips 14 Treatments Kit - Sensitive Teeth Whitener, Peroxide Free, Enamel Safe Green White Strips, Deep Stains Removal - Instant Teeth Whitening Without The Harm (28 Strips)</p><p> -23% 0FF </p><p>$29.99 ($1.07 / Count)</p><a href="https://www.amazon.com/dp/B0B5HN65QQ?tag=eloabder-20&linkCode=osi&th=1&psc=1">View Product</a></div>
<div class="product"><a href="https://www.amazon.com/dp/B0072K2BMG?tag=eloabder-20&linkCode=osi&th=1&psc=1"><img src="https://m.media-amazon.com/images/I/41jVFfZ76tL._SL500_.jpg" alt="Product Image"></a><p>vH essentials, Ph Balanced Daily Feminine Wash, Tea Tree Oil & Prebiotic, 6, Fl Oz, (Pack Of 1) 54306 Clear</p><p> -18% 0FF </p><p>$6.99 ($1.16 / Fl Oz)</p><a href="https://www.amazon.com/dp/B0072K2BMG?tag=eloabder-20&linkCode=osi&th=1&psc=1">View Product</a></div><div class="product"><a href="https://www.amazon.com/dp/B0D5FZGY8W?tag=eloabder-20&linkCode=osi&th=1&psc=1"><img src="https://m.media-amazon.com/images/I/51gWW6a+5uL._SL500_.jpg" alt="Product Image"></a><p>URO Vaginal Probiotics for Women pH Balance with Prebiotics & Lactobacillus Probiotic Blend - Women's Vaginal Health Supplement - Promote Healthy Vaginal Odor & Vaginal Flora, 60 Count (Pack of 1)</p><p> -10% 0FF </p><p>$28.79 ($0.48 / Count)</p><a href="https://www.amazon.com/dp/B0D5FZGY8W?tag=eloabder-20&linkCode=osi&th=1&psc=1">View Product</a></div><div class="product"><a href="https://www.amazon.com/dp/B01IULAUJG?tag=eloabder-20&linkCode=osi&th=1&psc=1"><img src="https://m.media-amazon.com/images/I/51gWC1MsOnL._SL500_.jpg" alt="Product Image"></a><p>Always Infinity Feminine Pads for Women, Size 2, 96 Count, Heavy Flow Absorbency, with Wings, Unscented 32 Count (Pack of 3)</p><p> -35% 0FF </p><p>$17.38 ($0.18 / Count)</p><a href="https://www.amazon.com/dp/B01IULAUJG?tag=eloabder-20&linkCode=osi&th=1&psc=1">View Product</a></div><div class="product"><a href="https://www.amazon.com/dp/B0BYPLPV5P?tag=eloabder-20&linkCode=osi&th=1&psc=1"><img src="https://m.media-amazon.com/images/I/31vw19c9DUL._SL500_.jpg" alt="Product Image"></a><p>The Honey Pot Company - Anti-Itch Soothing Wipes - At Home or On the Go Medicated Feminine Wipes. Temporary Relief of Itching and Discomfort. Maximum Strength - 30 ct.</p><p> -26% 0FF </p><p>$10.39 ($0.35 / Count)</p><a href="https://www.amazon.com/dp/B0BYPLPV5P?tag=eloabder-20&linkCode=osi&th=1&psc=1">View Product</a></div><div class="product"><a href="https://www.amazon.com/dp/B08L4Q75QP?tag=eloabder-20&linkCode=osi&th=1&psc=1"><img src="https://m.media-amazon.com/images/I/41Mo8N3g62L._SL500_.jpg" alt="Product Image"></a><p>Playtex Sport Tampons, Multipack (24ct Regular/24ct Super Absorbency), Fragrance-Free - 48ct</p><p> -29% 0FF </p><p>$9.97 ($0.21 / Count)</p><a href="https://www.amazon.com/dp/B08L4Q75QP?tag=eloabder-20&linkCode=osi&th=1&psc=1">View Product</a></div>
<div class="product"><a href="https://www.amazon.com/dp/B01NCUIII2?tag=eloabder-20&linkCode=osi&th=1&psc=1"><img src="https://m.media-amazon.com/images/I/516gNXGwbTL._SL500_.jpg" alt="Product Image"></a><p>Tampax Pearl Tampons Regular Absorbency, With Leakguard Braid, Unscented, 50 Count</p><p> -10% 0FF </p><p>$9.42 ($0.19 / Count)</p><a href="https://www.amazon.com/dp/B01NCUIII2?tag=eloabder-20&linkCode=osi&th=1&psc=1">View Product</a></div><div class="product"><a href="https://www.amazon.com/dp/B077NHF4FS?tag=eloabder-20&linkCode=osi&th=1&psc=1"><img src="https://m.media-amazon.com/images/I/51oCPmCaG2L._SL500_.jpg" alt="Product Image"></a><p>Tampax Radiant Tampons Multipack, Regular/Super/Super Plus Absorbency, With Leakguard Braid, Unscented, 28 Count X 4 Packs (112 Count Total)</p><p> -7% 0FF </p><p>$29.64 ($0.26 / Count)</p><a href="https://www.amazon.com/dp/B077NHF4FS?tag=eloabder-20&linkCode=osi&th=1&psc=1">View Product</a></div><div class="product"><a href="https://www.amazon.com/dp/B083M2GP97?tag=eloabder-20&linkCode=osi&th=1&psc=1"><img src="https://m.media-amazon.com/images/I/41RnK1xUDqL._SL500_.jpg" alt="Product Image"></a><p>U by Kotex Click Compact Tampons, Super Absorbency, Unscented, 45 Count</p><p> -17% 0FF </p><p>$9.97 ($0.22 / Count)</p><a href="https://www.amazon.com/dp/B083M2GP97?tag=eloabder-20&linkCode=osi&th=1&psc=1">View Product</a></div>
<div class="product"><a href="https://www.amazon.com/dp/B01M1BLRC1?tag=eloabder-20&linkCode=osi&th=1&psc=1"><img src="https://m.media-amazon.com/images/I/51-XQGHg6iL._SL500_.jpg" alt="Product Image"></a><p>Always Maxi Overnight Pads with Wings, Size 5, Extra Heavy Overnight, Unscented, 36 Count</p><p> -5% 0FF </p><p>$10.47 ($0.29 / Count)</p><a href="https://www.amazon.com/dp/B01M1BLRC1?tag=eloabder-20&linkCode=osi&th=1&psc=1">View Product</a></div><div class="product"><a href="https://www.amazon.com/dp/B01IZ5FDNA?tag=eloabder-20&linkCode=osi&th=1&psc=1"><img src="https://m.media-amazon.com/images/I/51EuvaPNa7L._SL500_.jpg" alt="Product Image"></a><p>Always Ultra Thin Feminine Pads with Wings for Women, Super Absorbency, Unscented, Size 2, 126 Count</p><p> -33% 0FF </p><p>$16.00 ($0.13 / Count)</p><a href="https://www.amazon.com/dp/B01IZ5FDNA?tag=eloabder-20&linkCode=osi&th=1&psc=1">View Product</a></div><div class="product"><a href="https://www.amazon.com/dp/B0BG45ZMLB?tag=eloabder-20&linkCode=osi&th=1&psc=1"><img src="https://m.media-amazon.com/images/I/511-kp7efTL._SL500_.jpg" alt="Product Image"></a><p>Always Ultra Thin Daytime Pads with Wings, Size 1, Regular, Unscented, 42 Counts x 3 Packs (126 Count Total)</p><p> -28% 0FF </p><p>$15.33 ($0.12 / Count)</p><a href="https://www.amazon.com/dp/B0BG45ZMLB?tag=eloabder-20&linkCode=osi&th=1&psc=1">View Product</a></div>
<div class="product"><a href="https://www.amazon.com/dp/B086JBZW48?tag=eloabder-20&linkCode=osi&th=1&psc=1"><img src="https://m.media-amazon.com/images/I/419mX5-k8XL._SL500_.jpg" alt="Product Image"></a><p>EcoBlossom Reusable Menstrual Cup Set - The Most Reliable Medical Grade Silicone Period Cups - Comfortably use for 12 Hours (Small & Large)</p><p> -25% 0FF </p><p>$14.99 ($7.50 / Count)</p><a href="https://www.amazon.com/dp/B086JBZW48?tag=eloabder-20&linkCode=osi&th=1&psc=1">View Product</a></div><div class="product"><a href="https://www.amazon.com/dp/B0CY2QM3Q3?tag=eloabder-20&linkCode=osi&th=1&psc=1"><img src="https://m.media-amazon.com/images/I/41GsZ8ifixL._SL500_.jpg" alt="Product Image"></a><p>Reusable Menstrual Cup with Sterilizing Cup | Tampon, Pad, and Disc Alternative</p><p> -23% 0FF </p><p>$9.99</p><a href="https://www.amazon.com/dp/B0CY2QM3Q3?tag=eloabder-20&linkCode=osi&th=1&psc=1">View Product</a></div><div class="product"><a href="https://www.amazon.com/dp/B019632Z0E?tag=eloabder-20&linkCode=osi&th=1&psc=1"><img src="https://m.media-amazon.com/images/I/41q2-srqXeL._SL500_.jpg" alt="Product Image"></a><p>Pixie Menstrual Cup - No Metals or Toxins - 100% Medical-Grade Silicone - Ranked 1 for The Most Soft Reusable Period Cup - Wear 12 Hours - Tampon Alternative - Buy One We Give One (Small)</p><p> -29% 0FF </p><p>$19.95 ($19.95 / Count)</p><a href="https://www.amazon.com/dp/B019632Z0E?tag=eloabder-20&linkCode=osi&th=1&psc=1">View Product</a></div><div class="product"><a href="https://www.amazon.com/dp/B000X29GY6?tag=eloabder-20&linkCode=osi&th=1&psc=1"><img src="https://m.media-amazon.com/images/I/31-khSMUfFL._SL500_.jpg" alt="Product Image"></a><p>Softdisc Menstrual Discs | Disposable Period Discs | Tampon, Pad, and Cup Alternative | Capacity of 3 Super Tampons | HSA or FSA Eligible | 14 Count</p><p> -10% 0FF </p><p>$14.79 ($1.06 / Count)</p><a href="https://www.amazon.com/dp/B000X29GY6?tag=eloabder-20&linkCode=osi&th=1&psc=1">View Product</a></div>
<div class="product"><a href="https://www.amazon.com/dp/B01ARVVTYW?tag=eloabder-20&linkCode=osi&th=1&psc=1"><img src="https://m.media-amazon.com/images/I/41x8sgpA-CL._SL500_.jpg" alt="Product Image"></a><p>Carefree Panty Liners for Women, Regular, Wrapped, Unscented, 54ct | Pantiliners, Carefree Liners, Daily Liners for Women, Light Periods and Leaks, 8-Hour Odor Control | 54ct (Packaging May Vary)</p><p> -33% 0FF </p><p>$3.35 ($0.06 / Count)</p><a href="https://www.amazon.com/dp/B01ARVVTYW?tag=eloabder-20&linkCode=osi&th=1&psc=1">View Product</a></div><div class="product"><a href="https://www.amazon.com/dp/B00NJNJ6O6?tag=eloabder-20&linkCode=osi&th=1&psc=1"><img src="https://m.media-amazon.com/images/I/41J8A9AcBLL._SL500_.jpg" alt="Product Image"></a><p>Carefree Panty Liners for Women, Regular, Unwrapped, Unscented, 120ct | Pantiliners, Carefree Liners, Daily Liners for Women, Light Periods and Leaks, 8-Hour Odor Control | 120ct (Packaging May Vary)</p><p> -35% 0FF </p><p>$6.14 ($0.05 / Count)</p><a href="https://www.amazon.com/dp/B00NJNJ6O6?tag=eloabder-20&linkCode=osi&th=1&psc=1">View Product</a></div><div class="product"><a href="https://www.amazon.com/dp/B00UASJJX6?tag=eloabder-20&linkCode=osi&th=1&psc=1"><img src="https://m.media-amazon.com/images/I/41NJQqZQrOL._SL500_.jpg" alt="Product Image"></a><p>U by Kotex Balance Wrapped Panty Liners, Regular Length, 80 Count (Packaging May Vary)</p><p> -38% 0FF </p><p>$4.99 ($0.06 / Count)</p><a href="https://www.amazon.com/dp/B00UASJJX6?tag=eloabder-20&linkCode=osi&th=1&psc=1">View Product</a></div><div class="product"><a href="https://www.amazon.com/dp/B00UASJM1K?tag=eloabder-20&linkCode=osi&th=1&psc=1"><img src="https://m.media-amazon.com/images/I/41m0POFpI4L._SL500_.jpg" alt="Product Image"></a><p>U by Kotex Balance Daily Wrapped Panty Liners, Light Absorbency, Regular Length, 100 Count (Packaging May Vary)</p><p> -22% 0FF </p><p>$6.24 ($0.06 / Count)</p><a href="https://www.amazon.com/dp/B00UASJM1K?tag=eloabder-20&linkCode=osi&th=1&psc=1">View Product</a></div>
<div class="product"><a href="https://www.amazon.com/dp/B076HFFX3J?tag=eloabder-20&linkCode=osi&th=1&psc=1"><img src="https://m.media-amazon.com/images/I/410TtiZGkvL._SL500_.jpg" alt="Product Image"></a><p>Summer's Eve Simply Sensitive Daily Gentle Feminine Wipes, Removes Odor, pH balanced, 32 count, 4 Pack</p><p> -11% 0FF </p><p>$15.12 ($0.12 / Count)</p><a href="https://www.amazon.com/dp/B076HFFX3J?tag=eloabder-20&linkCode=osi&th=1&psc=1">View Product</a></div><div class="product"><a href="https://www.amazon.com/dp/B01FV02YZ2?tag=eloabder-20&linkCode=osi&th=1&psc=1"><img src="https://m.media-amazon.com/images/I/41mq0T4rupL._SL500_.jpg" alt="Product Image"></a><p>Always Feminine Wipes, Fresh & Clean, Soft Pack, 32 Count</p><p> -42% 0FF </p><p>$3.79 ($0.12 / Count)</p><a href="https://www.amazon.com/dp/B01FV02YZ2?tag=eloabder-20&linkCode=osi&th=1&psc=1">View Product</a></div><div class="product"><a href="https://www.amazon.com/dp/B0D1KXV9ZS?tag=eloabder-20&linkCode=osi&th=1&psc=1"><img src="https://m.media-amazon.com/images/I/311Liu9BWoL._SL500_.jpg" alt="Product Image"></a><p>Vagisil pH Balance Daily Freshening Wipes for Feminine Hygiene in Resealable Pouch, Gynecologist Tested & Hypoallergenic, 20 Wipes (Pack of 1)</p><p> -40% 0FF </p><p>$2.97 ($0.15 / Count)</p><a href="https://www.amazon.com/dp/B0D1KXV9ZS?tag=eloabder-20&linkCode=osi&th=1&psc=1">View Product</a></div><div class="product"><a href="https://www.amazon.com/dp/B078JG7HWT?tag=eloabder-20&linkCode=osi&th=1&psc=1"><img src="https://m.media-amazon.com/images/I/31xeOLgbUdL._SL500_.jpg" alt="Product Image"></a><p>The Honey Pot Company - Feminine Wipes - Daily PH Balancing, Fragrance & Sulfate Free Wipes for Intimate Parts, Body, or Face - Feminine Products - Sensitive 30 ct.</p><p> -28% 0FF </p><p>$7.91 ($0.26 / Count)</p><a href="https://www.amazon.com/dp/B078JG7HWT?tag=eloabder-20&linkCode=osi&th=1&psc=1">View Product</a></div>
<div class="product"><a href="https://www.amazon.com/dp/B0735Q681B?tag=eloabder-20&linkCode=osi&th=1&psc=1"><img src="https://m.media-amazon.com/images/I/41GSnrtq3-L._SL500_.jpg" alt="Product Image"></a><p>SKYN Elite – 36 Count – Ultra-Thin, Lubricated Latex-Free Condoms</p><p> -16% 0FF </p><p>$15.99 ($0.44 / Count)</p><a href="https://www.amazon.com/dp/B0735Q681B?tag=eloabder-20&linkCode=osi&th=1&psc=1">View Product</a></div><div class="product"><a href="https://www.amazon.com/dp/B0073RKL2U?tag=eloabder-20&linkCode=osi&th=1&psc=1"><img src="https://m.media-amazon.com/images/I/51sxGCFULDL._SL500_.jpg" alt="Product Image"></a><p>TROJAN Pleasure Pack Assorted Condoms, Lubricated Condoms Value Pack, 36 Count</p><p> -32% 0FF </p><p>$11.97 ($0.33 / Count)</p><a href="https://www.amazon.com/dp/B0073RKL2U?tag=eloabder-20&linkCode=osi&th=1&psc=1">View Product</a></div><div class="product"><a href="https://www.amazon.com/dp/B0073RBUZ2?tag=eloabder-20&linkCode=osi&th=1&psc=1"><img src="https://m.media-amazon.com/images/I/41xsciTqR7L._SL500_.jpg" alt="Product Image"></a><p>TROJAN Ultra Thin Condoms For Ultra Sensitivity, Lubricated Condoms for Men, America’s Number One Condom, 36 Count Value Pack</p><p> -30% 0FF </p><p>$11.24 ($0.31 / Count)</p><a href="https://www.amazon.com/dp/B0073RBUZ2?tag=eloabder-20&linkCode=osi&th=1&psc=1">View Product</a></div><div class="product"><a href="https://www.amazon.com/dp/B0946VTR1Y?tag=eloabder-20&linkCode=osi&th=1&psc=1"><img src="https://m.media-amazon.com/images/I/41VsQAsg3DL._SL500_.jpg" alt="Product Image"></a><p>TROJAN BareSkin Raw Thin Condoms, Lubricated Condoms For Men, America’s Number One Condom Brand, 24 Count Pack</p><p> -25% 0FF </p><p>$13.07 ($0.54 / Count)</p><a href="https://www.amazon.com/dp/B0946VTR1Y?tag=eloabder-20&linkCode=osi&th=1&psc=1">View Product</a></div><div class="product"><a href="https://www.amazon.com/dp/B0073R7TWU?tag=eloabder-20&linkCode=osi&th=1&psc=1"><img src="https://m.media-amazon.com/images/I/414DiUf9FbL._SL500_.jpg" alt="Product Image"></a><p>TROJAN ENZ Lubricated Condoms, Latex Condoms For Contraception and STI Protection, America’s Number One Condom, 36 Count Value Pack</p><p> -54% 0FF </p><p>$9.26 ($0.26 / Count)</p><a href="https://www.amazon.com/dp/B0073R7TWU?tag=eloabder-20&linkCode=osi&th=1&psc=1">View Product</a></div><div class="product"><a href="https://www.amazon.com/dp/B097F5B2CW?tag=eloabder-20&linkCode=osi&th=1&psc=1"><img src="https://m.media-amazon.com/images/I/51bEsCRMIxL._SL500_.jpg" alt="Product Image"></a><p>Trojan Bareskin Variety Pack Every Thin Premium Lubricated Condoms - 24 Count</p><p> -28% 0FF </p><p>$11.49 ($0.48 / Count)</p><a href="https://www.amazon.com/dp/B097F5B2CW?tag=eloabder-20&linkCode=osi&th=1&psc=1">View Product</a></div><div class="product"><a href="https://www.amazon.com/dp/B004WDRCTI?tag=eloabder-20&linkCode=osi&th=1&psc=1"><img src="https://m.media-amazon.com/images/I/51arxJlXsUL._SL500_.jpg" alt="Product Image"></a><p>TROJAN EXTENDED PLEASURE Climax Control Extended Pleasure Condoms, 12 Count</p><p> -27% 0FF </p><p>$7.98 ($0.66 / Count)</p><a href="https://www.amazon.com/dp/B004WDRCTI?tag=eloabder-20&linkCode=osi&th=1&psc=1">View Product</a></div><div class="product"><a href="https://www.amazon.com/dp/B0083HLPLA?tag=eloabder-20&linkCode=osi&th=1&psc=1"><img src="https://m.media-amazon.com/images/I/51EQMHCwVYL._SL500_.jpg" alt="Product Image"></a><p>TROJAN Magnum Lubricated Large Condoms, Comfortable and Smooth Lubricated Condoms for Men, America’s Number One Condom, 36 Count Pack</p><p> -36% 0FF </p><p>$15.47 ($0.43 / Count)</p><a href="https://www.amazon.com/dp/B0083HLPLA?tag=eloabder-20&linkCode=osi&th=1&psc=1">View Product</a></div><div class="product"><a href="https://www.amazon.com/dp/B004N731ZM?tag=eloabder-20&linkCode=osi&th=1&psc=1"><img src="https://m.media-amazon.com/images/I/41woyNNX1QL._SL500_.jpg" alt="Product Image"></a><p>Lifestyles Skyn Polyisoprene Condoms, 12 Count (Pack of 1)</p><p> -13% 0FF </p><p>$6.99 ($0.58 / Count)</p><a href="https://www.amazon.com/dp/B004N731ZM?tag=eloabder-20&linkCode=osi&th=1&psc=1">View Product</a></div><div class="product"><a href="https://www.amazon.com/dp/B0CD85PD5K?tag=eloabder-20&linkCode=osi&th=1&psc=1"><img src="https://m.media-amazon.com/images/I/51YMzd0CMKL._SL500_.jpg" alt="Product Image"></a><p>Durex Condoms Adventure Pack | Mix of Smooth & Ribbed Condoms Bulk | Condom Variety Pack | Regular Fit Latex Condoms (Includes Durex Extra Sensitive Smooth, Stimulating, & Performax Intense), 144 ct</p><p> -20% 0FF </p><p>$28.00 ($0.19 / Count)</p><a href="https://www.amazon.com/dp/B0CD85PD5K?tag=eloabder-20&linkCode=osi&th=1&psc=1">View Product</a></div>
<div class="product"><a href="https://www.amazon.com/dp/B000CLTYCW?tag=eloabder-20&linkCode=osi&th=1&psc=1"><img src="https://m.media-amazon.com/images/I/41OOYdcG-QL._SL500_.jpg" alt="Product Image"></a><p>Astroglide Water Based Lube (5oz), Liquid Personal Lubricant, Sex Lube, Long-Lasting for Men, Women and Couples, Safe for Toys</p><p> -38% 0FF </p><p>$7.48 ($1.50 / Fl Oz)</p><a href="https://www.amazon.com/dp/B000CLTYCW?tag=eloabder-20&linkCode=osi&th=1&psc=1">View Product</a></div><div class="product"><a href="https://www.amazon.com/dp/B00008NFL0?tag=eloabder-20&linkCode=osi&th=1&psc=1"><img src="https://m.media-amazon.com/images/I/41ZksVV7iHL._SL500_.jpg" alt="Product Image"></a><p>Astroglide Water Based Lube (4oz), Ultra Gentle Gel Personal Lubricant for Vaginal and Anal Sex, Stays Put with No Drip, Sex Lube, Long-Lasting for Men, Women and Couples, Safe for Toys</p><p> -11% 0FF </p><p>$3.98 ($1.00 / Ounce)</p><a href="https://www.amazon.com/dp/B00008NFL0?tag=eloabder-20&linkCode=osi&th=1&psc=1">View Product</a></div><div class="product"><a href="https://www.amazon.com/dp/B00B29WMIQ?tag=eloabder-20&linkCode=osi&th=1&psc=1"><img src="https://m.media-amazon.com/images/I/41N3u7LtJBL._SL500_.jpg" alt="Product Image"></a><p>Lubricant, Durex Massage Gel & Personal Lubricant, Durex Massage & Play 2 in 1 Lubricant, 6.76 oz., Soothing Touch with Aloe Vera</p><p> -11% 0FF </p><p>$9.68 ($1.43 / Fl Oz)</p><a href="https://www.amazon.com/dp/B00B29WMIQ?tag=eloabder-20&linkCode=osi&th=1&psc=1">View Product</a></div><div class="product"><a href="https://www.amazon.com/dp/B004GW9GXU?tag=eloabder-20&linkCode=osi&th=1&psc=1"><img src="https://m.media-amazon.com/images/I/41ubL2N3JBL._SL500_.jpg" alt="Product Image"></a><p>K-Y Ultragel Water Based Personal Lubricant, pH Balanced Lube, Paraben Free, Non-Sticky, Non-Staining, 4.5 fl oz</p><p> -28% 0FF </p><p>$9.99 ($2.22 / Fl Oz)</p><a href="https://www.amazon.com/dp/B004GW9GXU?tag=eloabder-20&linkCode=osi&th=1&psc=1">View Product</a></div>
<div class="product"><a href="https://www.amazon.com/dp/B07BGLT25K?tag=eloabder-20&linkCode=osi&th=1&psc=1"><img src="https://m.media-amazon.com/images/I/51E4cTD1y1L._SL500_.jpg" alt="Product Image"></a><p>Scott ComfortPlus Toilet Paper, 12 Double Rolls, 231 Sheets per Roll, Septic-Safe, 1-Ply Toilet Tissue</p><p> -12% 0FF </p><p>$5.68 ($0.20 / 100 Sheets)</p><a href="https://www.amazon.com/dp/B07BGLT25K?tag=eloabder-20&linkCode=osi&th=1&psc=1">View Product</a></div><div class="product"><a href="https://www.amazon.com/dp/B08L7KWMBQ?tag=eloabder-20&linkCode=osi&th=1&psc=1"><img src="https://m.media-amazon.com/images/I/41Fk482WEaL._SL500_.jpg" alt="Product Image"></a><p>kingheroes Electric Toothbrush Set, Comes with 8 Brush Heads & Travel Case,4 Modes with 2 Minutes Built in Smart Timer, One Charge for 60 Days, 42000 VPM Motor (Pink)</p><p> -75% 0FF </p><p>$9.99</p><a href="https://www.amazon.com/dp/B08L7KWMBQ?tag=eloabder-20&linkCode=osi&th=1&psc=1">View Product</a></div><div class="product"><a href="https://www.amazon.com/dp/B0CFHDV2S8?tag=eloabder-20&linkCode=osi&th=1&psc=1"><img src="https://m.media-amazon.com/images/I/41xOOYd+igL._SL500_.jpg" alt="Product Image"></a><p>Breiboz Pimple Patches for Face, Hydrocolloid Acne Patches, Zit Patches for Day and Night Invisible with Tea Tree, Salicylic Acid & Cica Oil</p><p> -82% 0FF </p><p>$9.09 ($0.03 / Count)</p><a href="https://www.amazon.com/dp/B0CFHDV2S8?tag=eloabder-20&linkCode=osi&th=1&psc=1">View Product</a></div><div class="product"><a href="https://www.amazon.com/dp/B0CDZJ9JJC?tag=eloabder-20&linkCode=osi&th=1&psc=1"><img src="https://m.media-amazon.com/images/I/51eaQ4M7l3L._SL500_.jpg" alt="Product Image"></a><p>Charmin Ultra Soft Toilet Paper 6 Mega Rolls = 24 Regular Rolls</p><p> -27% 0FF </p><p>$7.97 ($0.59 / 100 Sheets)</p><a href="https://www.amazon.com/dp/B0CDZJ9JJC?tag=eloabder-20&linkCode=osi&th=1&psc=1">View Product</a></div><div class="product"><a href="https://www.amazon.com/dp/B09NW92T8Q?tag=eloabder-20&linkCode=osi&th=1&psc=1"><img src="https://m.media-amazon.com/images/I/5125ACWy+CL._SL500_.jpg" alt="Product Image"></a><p>Sparkle Pick-A-Size Paper Towels, 6 Double Rolls = 12 Regular Rolls, Everyday Value Paper Towel With Full And Half Sheets</p><p> -13% 0FF </p><p>$7.28 ($1.10 / 100 Sheets)</p><a href="https://www.amazon.com/dp/B09NW92T8Q?tag=eloabder-20&linkCode=osi&th=1&psc=1">View Product</a></div><div class="product"><a href="https://www.amazon.com/dp/B0CKK43XXS?tag=eloabder-20&linkCode=osi&th=1&psc=1"><img src="https://m.media-amazon.com/images/I/51H5mXFgbsL._SL500_.jpg" alt="Product Image"></a><p>Scott Paper Towels, Choose-A-Sheet, 6 Double Rolls = 12 Regular Rolls (100 Sheets Per Roll)</p><p> -20% 0FF </p><p>$6.84 ($1.14 / 100 Sheets)</p><a href="https://www.amazon.com/dp/B0CKK43XXS?tag=eloabder-20&linkCode=osi&th=1&psc=1">View Product</a></div><div class="product"><a href="https://www.amazon.com/dp/B09NW83XJ2?tag=eloabder-20&linkCode=osi&th=1&psc=1"><img src="https://m.media-amazon.com/images/I/51vCc1LlPYL._SL500_.jpg" alt="Product Image"></a><p>Sparkle Pick-A-Size Paper Towels, Spirited Prints, 6 Double Rolls = 12 Regular Rolls, Everyday Value Paper Towel With Full And Half Sheets</p><p> -13% 0FF </p><p>$7.28 ($1.10 / 100 Sheets)</p><a href="https://www.amazon.com/dp/B09NW83XJ2?tag=eloabder-20&linkCode=osi&th=1&psc=1">View Product</a></div>



<div class="product"><a href="https://www.amazon.com/dp/B07KRMQ8W6?tag=eloabder-20&linkCode=osi&th=1&psc=1"><img src="https://m.media-amazon.com/images/I/31-2HjYAfiL._SL500_.jpg" alt="Product Image"></a><p>Bactine MAX First Aid Spray - Pain Relief Cleansing Spray with 4% Lidocaine - Numbing Lidocaine Spray Kills 99.9% of Germs - Pain + Itch Relief for Minor Cuts & Scrapes, Burns & Bug Bites - 5oz</p><p> -28% 0FF </p><p>$5.74 ($1.15 / Fl Oz)</p><a href="https://www.amazon.com/dp/B07KRMQ8W6?tag=eloabder-20&linkCode=osi&th=1&psc=1">View Product</a></div><div class="product"><a href="https://www.amazon.com/dp/B010VE7BS8?tag=eloabder-20&linkCode=osi&th=1&psc=1"><img src="https://m.media-amazon.com/images/I/41qfuMfsQoL._SL500_.jpg" alt="Product Image"></a><p>Band-Aid Brand Cushion Care Non-Stick Gauze Pads, Individually-Wrapped, Medium, 3 in x 3 in, 10 ct</p><p> -33% 0FF </p><p>$2.28 ($0.23 / Count)</p><a href="https://www.amazon.com/dp/B010VE7BS8?tag=eloabder-20&linkCode=osi&th=1&psc=1">View Product</a></div><div class="product"><a href="https://www.amazon.com/dp/B09RD87NGV?tag=eloabder-20&linkCode=osi&th=1&psc=1"><img src="https://m.media-amazon.com/images/I/418Vl5rxFQL._SL500_.jpg" alt="Product Image"></a><p>Nexcare Gentle Paper Tape, Medical Paper Tape, Secures Dressings and Lifts Away Gently - 1 In x 10 Yds, 2 Rolls of Tape</p><p> -37% 0FF </p><p>$3.99 ($2.00 / Count)</p><a href="https://www.amazon.com/dp/B09RD87NGV?tag=eloabder-20&linkCode=osi&th=1&psc=1">View Product</a></div><div class="product"><a href="https://www.amazon.com/dp/B0BQWYRXPT?tag=eloabder-20&linkCode=osi&th=1&psc=1"><img src="https://m.media-amazon.com/images/I/411xH4LwE1L._SL500_.jpg" alt="Product Image"></a><p>Dermoplast Wound Wipes Medicated First Aid Cloths, Analgesic & Antiseptic Wipes for Treating Minor Cuts, Scrapes and Burns on The Go, Sting Free Formula, 10 Individual Cloths (Packaging May Vary)</p><p> -38% 0FF </p><p>$8.00 ($0.80 / Count)</p><a href="https://www.amazon.com/dp/B0BQWYRXPT?tag=eloabder-20&linkCode=osi&th=1&psc=1">View Product</a></div><div class="product"><a href="https://www.amazon.com/dp/B09N1R2WSS?tag=eloabder-20&linkCode=osi&th=1&psc=1"><img src="https://m.media-amazon.com/images/I/31Y2u8YVFiL._SL500_.jpg" alt="Product Image"></a><p>Band-Aid Brand Pain Relieving Antiseptic Cleansing Spray, Pramoxine HCl, 8 fl. Oz</p><p> -5% 0FF </p><p>$8.02 ($1.00 / Fl Oz)</p><a href="https://www.amazon.com/dp/B09N1R2WSS?tag=eloabder-20&linkCode=osi&th=1&psc=1">View Product</a></div><div class="product"><a href="https://www.amazon.com/dp/B076FS9RYL?tag=eloabder-20&linkCode=osi&th=1&psc=1"><img src="https://m.media-amazon.com/images/I/51A3wOry1oL._SL500_.jpg" alt="Product Image"></a><p>General Medi 160 Piece First Aid Kit Bag Refill Kit - Includes Eyewash, Instant Cold Pack, Bandages,Emergency Blanket, Moleskin Pad, Gauze - Extra Replacement Medical Supplies for First Aid</p><p> -25% 0FF </p><p>$14.95</p><a href="https://www.amazon.com/dp/B076FS9RYL?tag=eloabder-20&linkCode=osi&th=1&psc=1">View Product</a></div>
<div class="product"><a href="https://www.amazon.com/dp/B07W7BHM2R?tag=eloabder-20&linkCode=osi&th=1&psc=1"><img src="https://m.media-amazon.com/images/I/41tq1TfsR6L._SL500_.jpg" alt="Product Image"></a><p>Fanwer Toilet Aids for Wiping - 15.7" Long Reach Comfort Butt Wiper Tools - Bathroom Bottom Buddy Wiping Self Assist for Disabled,Elderly,Pregnant,Overweight People and Back Surgery Recovery (2 Pack)</p><p> -12% 0FF </p><p>$14.99 ($7.50 / Count)</p><a href="https://www.amazon.com/dp/B07W7BHM2R?tag=eloabder-20&linkCode=osi&th=1&psc=1">View Product</a></div><div class="product"><a href="https://www.amazon.com/dp/B0151FP9AY?tag=eloabder-20&linkCode=osi&th=1&psc=1"><img src="https://m.media-amazon.com/images/I/31aU3GgS78S._SL500_.jpg" alt="Product Image"></a><p>Juvo Toilet Aid - 18” Long Reach Personal Wiping Aid with Hygienic Cover - Easy Use Comfort Self Wiper for Toileting (SATA01)</p><p> -11% 0FF </p><p>$24.99</p><a href="https://www.amazon.com/dp/B0151FP9AY?tag=eloabder-20&linkCode=osi&th=1&psc=1">View Product</a></div><div class="product"><a href="https://www.amazon.com/dp/B0BFB93583?tag=eloabder-20&linkCode=osi&th=1&psc=1"><img src="https://m.media-amazon.com/images/I/310TRP10uvL._SL500_.jpg" alt="Product Image"></a><p>Toilet Aids Set for Wiping - Long Handle Butt Wiper for People Overweight, Elderly and Disabled, Bottom Buddy Wiping Aid for Bathroom ( 4PCS Personal Hygiene Kit )</p><p> -43% 0FF </p><p>$19.95 ($19.95 / Count)</p><a href="https://www.amazon.com/dp/B0BFB93583?tag=eloabder-20&linkCode=osi&th=1&psc=1">View Product</a></div>



<div class="product"><a href="https://www.amazon.com/dp/B000Q6WAFG?tag=eloabder-20&linkCode=osi&th=1&psc=1"><img src="https://m.media-amazon.com/images/I/31LASXSqc+L._SL500_.jpg" alt="Product Image"></a><p>Gillette Shaving Cream</p><p> -5% 0FF </p><p>$2.47 ($0.22 / Ounce)</p><a href="https://www.amazon.com/dp/B000Q6WAFG?tag=eloabder-20&linkCode=osi&th=1&psc=1">View Product</a></div><div class="product"><a href="https://www.amazon.com/dp/B01CKC8O9Y?tag=eloabder-20&linkCode=osi&th=1&psc=1"><img src="https://m.media-amazon.com/images/I/31e7qUv0w3L._SL500_.jpg" alt="Product Image"></a><p>Cremo Barber Grade Cooling Shave Cream, Astonishingly Superior Ultra-Slick Shaving Cream for Men, Fights Nicks, Cuts and Razor Burn, 6 Fl Oz</p><p> -20% 0FF </p><p>$7.97 ($1.33 / Ounce)</p><a href="https://www.amazon.com/dp/B01CKC8O9Y?tag=eloabder-20&linkCode=osi&th=1&psc=1">View Product</a></div><div class="product"><a href="https://www.amazon.com/dp/B08QB3V7HK?tag=eloabder-20&linkCode=osi&th=1&psc=1"><img src="https://m.media-amazon.com/images/I/51C8qpNYbWL._SL500_.jpg" alt="Product Image"></a><p>Skintimate Coconut Delight Shave Gel for Women, 3 Pack | Skintimate Shaving Cream for Women, Womens Shaving Cream, Shave Cream, Shaving Foam, Womens Shave Gel, Pack of 3, 7oz each</p><p> -19% 0FF </p><p>$9.71 ($0.46 / Ounce)</p><a href="https://www.amazon.com/dp/B08QB3V7HK?tag=eloabder-20&linkCode=osi&th=1&psc=1">View Product</a></div><div class="product"><a href="https://www.amazon.com/dp/B07C8XGF63?tag=eloabder-20&linkCode=osi&th=1&psc=1"><img src="https://m.media-amazon.com/images/I/41EST2aAOmL._SL500_.jpg" alt="Product Image"></a><p>Cremo Barber Grade Original Shave Cream Classic Citrus Moisturizing Formula, Astonishingly Superior Ultra-Slick Shaving Cream Fights Nicks, Cuts and Razor Burn, 6 Fl Oz (2 Pack)</p><p> -20% 0FF </p><p>$15.94 ($1.33 / Fl Oz)</p><a href="https://www.amazon.com/dp/B07C8XGF63?tag=eloabder-20&linkCode=osi&th=1&psc=1">View Product</a></div><div class="product"><a href="https://www.amazon.com/dp/B00Q1L9Q0W?tag=eloabder-20&linkCode=osi&th=1&psc=1"><img src="https://m.media-amazon.com/images/I/41m5NDPkYuL._SL500_.jpg" alt="Product Image"></a><p>Barbasol Thick & Rich Shaving Cream, Original 10 oz (Value Pack of 3)</p><p> -40% 0FF </p><p>$11.44 ($3.81 / Count)</p><a href="https://www.amazon.com/dp/B00Q1L9Q0W?tag=eloabder-20&linkCode=osi&th=1&psc=1">View Product</a></div>
<div class="product"><a href="https://www.amazon.com/dp/B0001LQGPG?tag=eloabder-20&linkCode=osi&th=1&psc=1"><img src="https://m.media-amazon.com/images/I/51V5N3IVEwL._SL500_.jpg" alt="Product Image"></a><p>Gillette Sensor3 Sensitive Men's Disposable Razor, 4 Razors</p><p> -22% 0FF </p><p>$6.97 ($1.74 / Count)</p><a href="https://www.amazon.com/dp/B0001LQGPG?tag=eloabder-20&linkCode=osi&th=1&psc=1">View Product</a></div><div class="product"><a href="https://www.amazon.com/dp/B002L5WFT6?tag=eloabder-20&linkCode=osi&th=1&psc=1"><img src="https://m.media-amazon.com/images/I/413g3af4kiL._SL500_.jpg" alt="Product Image"></a><p>BIC Soleil Smooth Scented Women’s Disposable Razor, 3 Blades with a Moisture Strip For a Silky Shave, Assorted, 4 Piece Razor Set</p><p> -51% 0FF </p><p>$4.92 ($1.23 / Count)</p><a href="https://www.amazon.com/dp/B002L5WFT6?tag=eloabder-20&linkCode=osi&th=1&psc=1">View Product</a></div><div class="product"><a href="https://www.amazon.com/dp/B0787JNN97?tag=eloabder-20&linkCode=osi&th=1&psc=1"><img src="https://m.media-amazon.com/images/I/41H+SqazA0L._SL500_.jpg" alt="Product Image"></a><p>BIC Soleil Smooth Colors Women's Disposable Razors With Aloe Vera and vitamin E Lubricating Strip for Enhanced Glide, With 3 Blades, 14 Count</p><p> -39% 0FF </p><p>$13.95 ($1.00 / Count)</p><a href="https://www.amazon.com/dp/B0787JNN97?tag=eloabder-20&linkCode=osi&th=1&psc=1">View Product</a></div><div class="product"><a href="https://www.amazon.com/dp/B08J94S65H?tag=eloabder-20&linkCode=osi&th=1&psc=1"><img src="https://m.media-amazon.com/images/I/51K2Cnt2eRL._SL500_.jpg" alt="Product Image"></a><p>Schick Xtreme 3 Original Razor — Disposable Head Razor for Sensitive Skin, 12 Count</p><p> -12% 0FF </p><p>$14.97 ($1.25 / Count)</p><a href="https://www.amazon.com/dp/B08J94S65H?tag=eloabder-20&linkCode=osi&th=1&psc=1">View Product</a></div>
<div class="product"><a href="https://www.amazon.com/dp/B01HTJTPZA?tag=eloabder-20&linkCode=osi&th=1&psc=1"><img src="https://m.media-amazon.com/images/I/618IrjjMkUL._SL500_.jpg" alt="Product Image"></a><p>Dove Advanced Care Antiperspirant Deodorant Stick Cool Essentials 4 ct for helping your skin barrier repair after shaving 72 hour odor control and sweat protection with Pro Ceramide Technology 2.6 oz</p><p> -43% 0FF </p><p>$13.98 ($1.34 / Ounce)</p><a href="https://www.amazon.com/dp/B01HTJTPZA?tag=eloabder-20&linkCode=osi&th=1&psc=1">View Product</a></div><div class="product"><a href="https://www.amazon.com/dp/B01HTJTMF8?tag=eloabder-20&linkCode=osi&th=1&psc=1"><img src="https://m.media-amazon.com/images/I/61k+x5yZyML._SL500_.jpg" alt="Product Image"></a><p>Dove Men + Care Antiperspirant Deodorant, 72hr Sweat & Odor Protection, Vitamin E, Triple Moisturizer, 4 Pack</p><p> -21% 0FF </p><p>$15.48 ($1.43 / Ounce)</p><a href="https://www.amazon.com/dp/B01HTJTMF8?tag=eloabder-20&linkCode=osi&th=1&psc=1">View Product</a></div><div class="product"><a href="https://www.amazon.com/dp/B072J2ZBPY?tag=eloabder-20&linkCode=osi&th=1&psc=1"><img src="https://m.media-amazon.com/images/I/41Th2KQyzlL._SL500_.jpg" alt="Product Image"></a><p>Degree Men UltraClear Antiperspirant Deodorant Black + White 72-Hour Sweat & Odor Protection Antiperspirant For Men With MotionSense Technology 2.7 Ounce (Pack of 4)</p><p> -19% 0FF </p><p>$15.96 ($1.48 / Ounce)</p><a href="https://www.amazon.com/dp/B072J2ZBPY?tag=eloabder-20&linkCode=osi&th=1&psc=1">View Product</a></div><div class="product"><a href="https://www.amazon.com/dp/B0080PEM3S?tag=eloabder-20&linkCode=osi&th=1&psc=1"><img src="https://m.media-amazon.com/images/I/61a+r3V48HL._SL500_.jpg" alt="Product Image"></a><p>Degree Advanced Protection Antiperspirant Deodorant White Flowers & Lychee for 72-Hour Sweat & Odor Control for Women, with Body Heat Activated Technology, 2.6 oz</p><p> -6% 0FF </p><p>$4.99 ($1.92 / Ounce)</p><a href="https://www.amazon.com/dp/B0080PEM3S?tag=eloabder-20&linkCode=osi&th=1&psc=1">View Product</a></div><div class="product"><a href="https://www.amazon.com/dp/B08ZH6P1NY?tag=eloabder-20&linkCode=osi&th=1&psc=1"><img src="https://m.media-amazon.com/images/I/51D2Klixa3L._SL500_.jpg" alt="Product Image"></a><p>Speed Stick Men's Deodorant, Regular, 3 Ounce, 4 Pack</p><p> -10% 0FF </p><p>$8.97 ($0.75 / Ounce)</p><a href="https://www.amazon.com/dp/B08ZH6P1NY?tag=eloabder-20&linkCode=osi&th=1&psc=1">View Product</a></div><div class="product"><a href="https://www.amazon.com/dp/B002VUAM46?tag=eloabder-20&linkCode=osi&th=1&psc=1"><img src="https://m.media-amazon.com/images/I/51+tUdTWg0L._SL500_.jpg" alt="Product Image"></a><p>Degree Men Antiperspirant Deodorant Adventure Freshness and Odor Protection Deodorant for Men 2.7 Oz, (Pack of 4) Woodsy, Stick</p><p> -39% 0FF </p><p>$11.98 ($1.11 / Ounce)</p><a href="https://www.amazon.com/dp/B002VUAM46?tag=eloabder-20&linkCode=osi&th=1&psc=1">View Product</a></div>
<div class="product"><a href="https://www.amazon.com/dp/B0BV4SCSBH?tag=eloabder-20&linkCode=osi&th=1&psc=1"><img src="https://m.media-amazon.com/images/I/61TxQVLN5DL._SL500_.jpg" alt="Product Image"></a><p>Dove Body Wash Deep Moisture 4 Count For Dry Skin Moisturizing Skin Cleanser with 24hr Renewing MicroMoisture Nourishes The Driest Skin 20 oz</p><p> -24% 0FF </p><p>$19.70 ($0.25 / Fl Oz)</p><a href="https://www.amazon.com/dp/B0BV4SCSBH?tag=eloabder-20&linkCode=osi&th=1&psc=1">View Product</a></div><div class="product"><a href="https://www.amazon.com/dp/B082QB23YG?tag=eloabder-20&linkCode=osi&th=1&psc=1"><img src="https://m.media-amazon.com/images/I/31QPAuuaLwL._SL500_.jpg" alt="Product Image"></a><p>NIVEA Refreshing White Peach and Jasmine Body Wash, Scented Body Wash with Nourishing Serum, Plant-Derived Oils, Essential Skin Lipids and Vitamins, 20 Fl Oz Bottle</p><p> -25% 0FF </p><p>$6.00 ($0.30 / Fl Oz)</p><a href="https://www.amazon.com/dp/B082QB23YG?tag=eloabder-20&linkCode=osi&th=1&psc=1">View Product</a></div><div class="product"><a href="https://www.amazon.com/dp/B0BT1VXDGD?tag=eloabder-20&linkCode=osi&th=1&psc=1"><img src="https://m.media-amazon.com/images/I/217eAv7yKyL._SL500_.jpg" alt="Product Image"></a><p>Method Body Wash, Pure Peace, Paraben and Phthalate Free, Biodegradable Formula, 28 oz (Pack of 1)</p><p> -13% 0FF </p><p>$9.99 ($0.36 / Fl Oz)</p><a href="https://www.amazon.com/dp/B0BT1VXDGD?tag=eloabder-20&linkCode=osi&th=1&psc=1">View Product</a></div><div class="product"><a href="https://www.amazon.com/dp/B0CK51LYDN?tag=eloabder-20&linkCode=osi&th=1&psc=1"><img src="https://m.media-amazon.com/images/I/51oaEavRWNL._SL500_.jpg" alt="Product Image"></a><p>Dr Teal's Body Wash with Pure Epsom Salt, Glow & Radiance with Vitamin C & Citrus Essential Oils, 24oz (Pack of 2) (Packaging May Vary)</p><p> -23% 0FF </p><p>$10.00 ($0.21 / Fl Oz)</p><a href="https://www.amazon.com/dp/B0CK51LYDN?tag=eloabder-20&linkCode=osi&th=1&psc=1">View Product</a></div><div class="product"><a href="https://www.amazon.com/dp/B0BT1WN3ZD?tag=eloabder-20&linkCode=osi&th=1&psc=1"><img src="https://m.media-amazon.com/images/I/21GMn0pFzCL._SL500_.jpg" alt="Product Image"></a><p>Method Body Wash, Sea + Surf, Paraben and Phthalate Free, Biodegradable Formula, 28 oz, (Pack of 1)</p><p> -13% 0FF </p><p>$9.99 ($0.36 / Fl Oz)</p><a href="https://www.amazon.com/dp/B0BT1WN3ZD?tag=eloabder-20&linkCode=osi&th=1&psc=1">View Product</a></div><div class="product"><a href="https://www.amazon.com/dp/B0BT1WL6KY?tag=eloabder-20&linkCode=osi&th=1&psc=1"><img src="https://m.media-amazon.com/images/I/21jeYtt0GbL._SL500_.jpg" alt="Product Image"></a><p>Method Body Wash, Simply Nourish, Paraben and Phthalate Free, Biodegradable Formula, 28 oz (Pack of 1)</p><p> -20% 0FF </p><p>$11.00 ($0.39 / Fl Oz)</p><a href="https://www.amazon.com/dp/B0BT1WL6KY?tag=eloabder-20&linkCode=osi&th=1&psc=1">View Product</a></div><div class="product"><a href="https://www.amazon.com/dp/B082QBPDJC?tag=eloabder-20&linkCode=osi&th=1&psc=1"><img src="https://m.media-amazon.com/images/I/31tC4JDwHQL._SL500_.jpg" alt="Product Image"></a><p>NIVEA Coconut and Almond Milk Body Wash with Nourishing Serum, 20 Fl Oz Bottle</p><p> -34% 0FF </p><p>$5.29 ($0.26 / Fl Oz)</p><a href="https://www.amazon.com/dp/B082QBPDJC?tag=eloabder-20&linkCode=osi&th=1&psc=1">View Product</a></div><div class="product"><a href="https://www.amazon.com/dp/B09GN14Y2S?tag=eloabder-20&linkCode=osi&th=1&psc=1"><img src="https://m.media-amazon.com/images/I/41UAqKPL6XL._SL500_.jpg" alt="Product Image"></a><p>Irish Spring Mens Body Wash, Moisture Blast Body Wash for Men, Feel Fresh All Day, 30 Oz Pump Bottle</p><p> -13% 0FF </p><p>$6.94 ($0.23 / Fl Oz)</p><a href="https://www.amazon.com/dp/B09GN14Y2S?tag=eloabder-20&linkCode=osi&th=1&psc=1">View Product</a></div><div class="product"><a href="https://www.amazon.com/dp/B09M7SPFSJ?tag=eloabder-20&linkCode=osi&th=1&psc=1"><img src="https://m.media-amazon.com/images/I/31EHpflVh5L._SL500_.jpg" alt="Product Image"></a><p>Ivory Gentle Body Wash, Designed for the Whole Family, Free of Dyes Heavy Perfumes Parabens Phthalates & Silicones, Original Scent, 35 oz</p><p> -15% 0FF </p><p>$5.97 ($0.17 / Fl Oz)</p><a href="https://www.amazon.com/dp/B09M7SPFSJ?tag=eloabder-20&linkCode=osi&th=1&psc=1">View Product</a></div>


<div class="product"><a href="https://www.amazon.com/dp/B086V843R8?tag=eloabder-20&linkCode=osi&th=1&psc=1"><img src="https://m.media-amazon.com/images/I/410evC+SQHL._SL500_.jpg" alt="Product Image"></a><p>ANAI RUI Turmeric Clay Mask - Green Tea Clay Mask - Dead Sea Minerals Mud Mask, Spa Facial Mask Set, Face Mask Gift Set 2.5 oz each</p><p> -23% 0FF </p><p>$22.99</p><a href="https://www.amazon.com/dp/B086V843R8?tag=eloabder-20&linkCode=osi&th=1&psc=1">View Product</a></div><div class="product"><a href="https://www.amazon.com/dp/B0BSZ23FTF?tag=eloabder-20&linkCode=osi&th=1&psc=1"><img src="https://m.media-amazon.com/images/I/31GRN7P2p8L._SL500_.jpg" alt="Product Image"></a><p>Bubble Skincare Slam Dunk Face Moisturizer - Hydrating Face Cream for Dry Skin Made with Vitamin E + Aloe Vera Juice for a Glowing Complexion - Skin Care with Blue Light Protection (50ml)</p><p> -12% 0FF </p><p>$14.98 ($8.81 / Ounce)</p><a href="https://www.amazon.com/dp/B0BSZ23FTF?tag=eloabder-20&linkCode=osi&th=1&psc=1">View Product</a></div><div class="product"><a href="https://www.amazon.com/dp/B000VPPUEA?tag=eloabder-20&linkCode=osi&th=1&psc=1"><img src="https://m.media-amazon.com/images/I/31e4JzjWhkL._SL500_.jpg" alt="Product Image"></a><p>Bio-Oil Skincare Body Oil, Vitamin E, Serum for Scars & Stretchmarks, Face & Body Moisturizer, 2 oz, All Skin Types</p><p> -18% 0FF </p><p>$11.12 ($5.56 / Fl Oz)</p><a href="https://www.amazon.com/dp/B000VPPUEA?tag=eloabder-20&linkCode=osi&th=1&psc=1">View Product</a></div>

<div class="product"><a href="https://www.amazon.com/dp/B0719GRD5R?tag=eloabder-20&linkCode=osi&th=1&psc=1"><img src="https://m.media-amazon.com/images/I/31d9NvTUowL._SL500_.jpg" alt="Product Image"></a><p>Clean & Clear Deep Action Exfoliating Cleanser with Pro-Vitamin B5, Gentle Exfoliating Daily Face Scrub Cleans Deep Down to the Pore for Soft, Smooth, Hydrated Skin, Oil Free Face Wash, 7 FL OZ</p><p> -39% 0FF </p><p>$5.97 ($0.85 / Fl Oz)</p><a href="https://www.amazon.com/dp/B0719GRD5R?tag=eloabder-20&linkCode=osi&th=1&psc=1">View Product</a></div>

<div class="product"><a href="https://www.amazon.com/dp/B00U2KYUAY?tag=eloabder-20&linkCode=osi&th=1&psc=1"><img src="https://m.media-amazon.com/images/I/516ldzLw1iL._SL500_.jpg" alt="Product Image"></a><p>PURELL Advanced Hand Sanitizer Soothing Gel, Fresh Scent, 8 fl oz Pump Bottle (Pack of 4), 9674-06-ECDECO</p><p> -25% 0FF </p><p>$14.99 ($0.47 / Fl Oz)</p><a href="https://www.amazon.com/dp/B00U2KYUAY?tag=eloabder-20&linkCode=osi&th=1&psc=1">View Product</a></div><div class="product"><a href="https://www.amazon.com/dp/B087781VTJ?tag=eloabder-20&linkCode=osi&th=1&psc=1"><img src="https://m.media-amazon.com/images/I/31OkRWcr12L._SL500_.jpg" alt="Product Image"></a><p>PURELL Advanced Hand Sanitizer Refreshing Gel, Clean Scent, 1 Liter Pump Bottle (Pack of 1) - 9632-04-CMR</p><p> -27% 0FF </p><p>$10.99 ($0.33 / Fl Oz)</p><a href="https://www.amazon.com/dp/B087781VTJ?tag=eloabder-20&linkCode=osi&th=1&psc=1">View Product</a></div><div class="product"><a href="https://www.amazon.com/dp/B08D6V7BLY?tag=eloabder-20&linkCode=osi&th=1&psc=1"><img src="https://m.media-amazon.com/images/I/31jNnpJBhbL._SL500_.jpg" alt="Product Image"></a><p>Purell 64 Oz. Advanced Instant Hand Sanitizer Gel Refill</p><p> -17% 0FF </p><p>$9.95 ($0.16 / Fl Oz)</p><a href="https://www.amazon.com/dp/B08D6V7BLY?tag=eloabder-20&linkCode=osi&th=1&psc=1">View Product</a></div><div class="product"><a href="https://www.amazon.com/dp/B0889WWM49?tag=eloabder-20&linkCode=osi&th=1&psc=1"><img src="https://m.media-amazon.com/images/I/51KTBSE1ZwL._SL500_.jpg" alt="Product Image"></a><p>Germ-X Original Hand Sanitizer, Moisturizing Gel with Vitamin E, Instant and No Rinse Formula, Back to School Supplies College, 8 Fl Oz Pump Bottle (Pack of 12)</p><p> -35% 0FF </p><p>$23.64 ($0.25 / Fl Oz)</p><a href="https://www.amazon.com/dp/B0889WWM49?tag=eloabder-20&linkCode=osi&th=1&psc=1">View Product</a></div>
<div class="product"><a href="https://www.amazon.com/dp/B00A8S6HM4?tag=eloabder-20&linkCode=osi&th=1&psc=1"><img src="https://m.media-amazon.com/images/I/31tIssP5CQL._SL500_.jpg" alt="Product Image"></a><p>Gold Bond Healing Hand Cream, 3 oz., With Aloe, Moisture That Lasts Through Handwashing</p><p> -12% 0FF </p><p>$3.97 ($1.32 / Ounce)</p><a href="https://www.amazon.com/dp/B00A8S6HM4?tag=eloabder-20&linkCode=osi&th=1&psc=1">View Product</a></div><div class="product"><a href="https://www.amazon.com/dp/B0034F9K36?tag=eloabder-20&linkCode=osi&th=1&psc=1"><img src="https://m.media-amazon.com/images/I/319i3EFVPvL._SL500_.jpg" alt="Product Image"></a><p>Jergens Ultra Healing Dry Skin Moisturizer, Body and Hand Lotion for Dry Skin, for Quick Absorption into Extra Dry Skin, with HYDRALUCENCE blend, Vitamins C, E, and B5, 32 Ounce</p><p> -33% 0FF </p><p>$8.17 ($0.26 / Fl Oz)</p><a href="https://www.amazon.com/dp/B0034F9K36?tag=eloabder-20&linkCode=osi&th=1&psc=1">View Product</a></div><div class="product"><a href="https://www.amazon.com/dp/B00008J2XQ?tag=eloabder-20&linkCode=osi&th=1&psc=1"><img src="https://m.media-amazon.com/images/I/419MsgGjzvL._SL500_.jpg" alt="Product Image"></a><p>Aveeno Skin Relief Intense Moisture Hand Cream with Soothing Prebiotic Oat for Dry Skin, Sensitive Skin Cream Softens & Smooths Hands & Lasts Through Hand Washing, Fragrance-Free, 3.5 oz</p><p> -31% 0FF </p><p>$8.79 ($2.51 / Fl Oz)</p><a href="https://www.amazon.com/dp/B00008J2XQ?tag=eloabder-20&linkCode=osi&th=1&psc=1">View Product</a></div><div class="product"><a href="https://www.amazon.com/dp/B0CWVSNVG6?tag=eloabder-20&linkCode=osi&th=1&psc=1"><img src="https://m.media-amazon.com/images/I/31hjLpzc8DL._SL500_.jpg" alt="Product Image"></a><p>Gold Bond Healing Hydrating Lotion with Aloe Moisturizes, Heals & Smooths Dry Skin, Delivers Immediate 24-Hour Hydration, Value Size, 24 oz.</p><p> -26% 0FF </p><p>$9.99 ($0.42 / Fl Oz)</p><a href="https://www.amazon.com/dp/B0CWVSNVG6?tag=eloabder-20&linkCode=osi&th=1&psc=1">View Product</a></div><div class="product"><a href="https://www.amazon.com/dp/B07QBN245V?tag=eloabder-20&linkCode=osi&th=1&psc=1"><img src="https://m.media-amazon.com/images/I/31N7vGLuV0L._SL500_.jpg" alt="Product Image"></a><p>Jergens Lavender Body Butter Body and Hand Lotion, Moisturizer for Women, 7 Fl Oz (Pack of 1), with Essential Oils for Indulgent Moisturization White</p><p> -15% 0FF </p><p>$7.97 ($1.14 / Fl Oz)</p><a href="https://www.amazon.com/dp/B07QBN245V?tag=eloabder-20&linkCode=osi&th=1&psc=1">View Product</a></div><div class="product"><a href="https://www.amazon.com/dp/B00J2L5TOK?tag=eloabder-20&linkCode=osi&th=1&psc=1"><img src="https://m.media-amazon.com/images/I/31ur4kqsEOL._SL500_.jpg" alt="Product Image"></a><p>Gold Bond Healing Skin Therapy Lotion with aloe 5.5 oz., Non-Greasy & Hypoallergenic</p><p> -25% 0FF </p><p>$5.98 ($1.09 / Ounce)</p><a href="https://www.amazon.com/dp/B00J2L5TOK?tag=eloabder-20&linkCode=osi&th=1&psc=1">View Product</a></div><div class="product"><a href="https://www.amazon.com/dp/B003JT8PKQ?tag=eloabder-20&linkCode=osi&th=1&psc=1"><img src="https://m.media-amazon.com/images/I/31TFisQDpKL._SL500_.jpg" alt="Product Image"></a><p>Lubriderm Daily Moisture Lotion + Pro-Ceramide with Shea Butter and Glycerin Helps Moisturize Dry Skin, Hydrating Face, Hand and Body Lotion, Lightly Scented, Non-Greasy, 24 FL OZ</p><p> -13% 0FF </p><p>$12.72 ($0.53 / Fl Oz)</p><a href="https://www.amazon.com/dp/B003JT8PKQ?tag=eloabder-20&linkCode=osi&th=1&psc=1">View Product</a></div><div class="product"><a href="https://www.amazon.com/dp/B00B3R2YVM?tag=eloabder-20&linkCode=osi&th=1&psc=1"><img src="https://m.media-amazon.com/images/I/31F7qr3VMQL._SL500_.jpg" alt="Product Image"></a><p>J.R. Watkins Natural Moisturizing Hand Cream, Hydrating Hand Moisturizer with Shea Butter, Cocoa Butter, and Avocado Oil, USA Made and Cruelty Free, 3.3oz, Aloe & Green Tea, Single</p><p> -7% 0FF </p><p>$5.03 ($1.52 / Fl Oz)</p><a href="https://www.amazon.com/dp/B00B3R2YVM?tag=eloabder-20&linkCode=osi&th=1&psc=1">View Product</a></div>
<div class="product"><a href="https://www.amazon.com/dp/B000BI1Z9Q?tag=eloabder-20&linkCode=osi&th=1&psc=1"><img src="https://m.media-amazon.com/images/I/413HU0cbbrL._SL500_.jpg" alt="Product Image"></a><p>Dynarex BZK Antiseptic Towelettes - 5"x7" - Benzalkonium Chloride, Hand Sanitizing Wipes or First Aid Wound Wipes, 1 Case of 1000 (Packaging May Vary)</p><p> -17% 0FF </p><p>$32.99 ($0.03 / Count)</p><a href="https://www.amazon.com/dp/B000BI1Z9Q?tag=eloabder-20&linkCode=osi&th=1&psc=1">View Product</a></div><div class="product"><a href="https://www.amazon.com/dp/B06XS38XH6?tag=eloabder-20&linkCode=osi&th=1&psc=1"><img src="https://m.media-amazon.com/images/I/41+1GOsXdPL._SL500_.jpg" alt="Product Image"></a><p>Care Touch Alcohol Wipes Individually Wrapped - Prep Pads with 70% Isopropyl Alcohol, Great for Home, Medical & First Aid Kits Sterilized, Antiseptic 2-Ply Swabs 400 Count</p><p> -13% 0FF </p><p>$10.99 ($0.03 / Count)</p><a href="https://www.amazon.com/dp/B06XS38XH6?tag=eloabder-20&linkCode=osi&th=1&psc=1">View Product</a></div>
<div class="product"><a href="https://www.amazon.com/dp/B00006IDL6?tag=eloabder-20&linkCode=osi&th=1&psc=1"><img src="https://m.media-amazon.com/images/I/51SFTNQg7-L._SL500_.jpg" alt="Product Image"></a><p>Band-Aid Brand Flexible Fabric Adhesive Bandages for Wound Care and First Aid, All One Size, 100 Count</p><p> -35% 0FF </p><p>$7.70 ($0.08 / Count)</p><a href="https://www.amazon.com/dp/B00006IDL6?tag=eloabder-20&linkCode=osi&th=1&psc=1">View Product</a></div><div class="product"><a href="https://www.amazon.com/dp/B000GCPW8C?tag=eloabder-20&linkCode=osi&th=1&psc=1"><img src="https://m.media-amazon.com/images/I/51vXh4MmDrL._SL500_.jpg" alt="Product Image"></a><p>Band-Aid Brand Tru-Stay Adhesive Pads, Large Sterile Bandages for Wound Care, Large Size, 10 ct</p><p> -28% 0FF </p><p>$3.77 ($0.38 / Count)</p><a href="https://www.amazon.com/dp/B000GCPW8C?tag=eloabder-20&linkCode=osi&th=1&psc=1">View Product</a></div><div class="product"><a href="https://www.amazon.com/dp/B01M18DYAH?tag=eloabder-20&linkCode=osi&th=1&psc=1"><img src="https://m.media-amazon.com/images/I/411HWhlyuxL._SL500_.jpg" alt="Product Image"></a><p>Band-Aid Brand Skin-Flex Adhesive Bandages for First Aid and Wound Care of Minor Cuts and Scrapes & Burns, Flexible Sterile Bandages for Fingers & Knees, Extra Large, All One Size, 7 ct</p><p> -34% 0FF </p><p>$3.77 ($0.54 / Count)</p><a href="https://www.amazon.com/dp/B01M18DYAH?tag=eloabder-20&linkCode=osi&th=1&psc=1">View Product</a></div><div class="product"><a href="https://www.amazon.com/dp/B09N1PJFH4?tag=eloabder-20&linkCode=osi&th=1&psc=1"><img src="https://m.media-amazon.com/images/I/414tb0lZk2L._SL500_.jpg" alt="Product Image"></a><p>Band-Aid Brand Adhesive Bandages for Sensitive Skin, Hypoallergenic First Aid Bandages with Painless Removal, Stays on When Wet & Suitable for Eczema Prone Skin, Extra Large Size, 7 ct</p><p> -34% 0FF </p><p>$3.77 ($0.54 / Count)</p><a href="https://www.amazon.com/dp/B09N1PJFH4?tag=eloabder-20&linkCode=osi&th=1&psc=1">View Product</a></div><div class="product"><a href="https://www.amazon.com/dp/B09B32CSJ5?tag=eloabder-20&linkCode=osi&th=1&psc=1"><img src="https://m.media-amazon.com/images/I/510JDYafj9L._SL500_.jpg" alt="Product Image"></a><p>Band-Aid Brand Flexible Fabric Adhesive Bandages for Comfortable Flexible Protection, Twin Pack, 2 x 100 ct</p><p> -19% 0FF </p><p>$16.96 ($8.48 / Count)</p><a href="https://www.amazon.com/dp/B09B32CSJ5?tag=eloabder-20&linkCode=osi&th=1&psc=1">View Product</a></div><div class="product"><a href="https://www.amazon.com/dp/B0014CQ7C8?tag=eloabder-20&linkCode=osi&th=1&psc=1"><img src="https://m.media-amazon.com/images/I/511SbCVd5iL._SL500_.jpg" alt="Product Image"></a><p>Band-Aid Brand Flexible Fabric Adhesive Bandages, Comfortable Sterile Protection & Wound Care for Minor Cuts & Burns, Quilt-Aid Technology to Cushion Painful Wounds, Assorted Sizes, 30 ct</p><p> -26% 0FF </p><p>$3.77</p><a href="https://www.amazon.com/dp/B0014CQ7C8?tag=eloabder-20&linkCode=osi&th=1&psc=1">View Product</a></div>
<div class="product"><a href="https://www.amazon.com/dp/B08B8BDG42?tag=eloabder-20&linkCode=osi&th=1&psc=1"><img src="https://m.media-amazon.com/images/I/41irwh1BfnL._SL500_.jpg" alt="Product Image"></a><p>Boncare Thermometer for Adults with 10 Seconds Fast Reading, Digital Oral Thermometer for Fever (Light Blue)</p><p> -30% 0FF </p><p>$6.99</p><a href="https://www.amazon.com/dp/B08B8BDG42?tag=eloabder-20&linkCode=osi&th=1&psc=1">View Product</a></div><div class="product"><a href="https://www.amazon.com/dp/B0824XNJSW?tag=eloabder-20&linkCode=osi&th=1&psc=1"><img src="https://m.media-amazon.com/images/I/31JdU9LcpxL._SL500_.jpg" alt="Product Image"></a><p>No-Touch Thermometer for Adults and Kids, Accurate Digital Baby Thermometer, FSA HSA Eligible, Fever Alarm & Silent Mode, 2 in 1 Forehead & Object Thermometer</p><p> -33% 0FF </p><p>$19.99</p><a href="https://www.amazon.com/dp/B0824XNJSW?tag=eloabder-20&linkCode=osi&th=1&psc=1">View Product</a></div><div class="product"><a href="https://www.amazon.com/dp/B08B7V2RG3?tag=eloabder-20&linkCode=osi&th=1&psc=1"><img src="https://m.media-amazon.com/images/I/41vXfFSaN4L._SL500_.jpg" alt="Product Image"></a><p>Boncare 10 Second Thermometer for Adults - Fast Reading, Accurate Fever Thermometer, Basal Digital Thermometer</p><p> -25% 0FF </p><p>$7.49</p><a href="https://www.amazon.com/dp/B08B7V2RG3?tag=eloabder-20&linkCode=osi&th=1&psc=1">View Product</a></div><div class="product"><a href="https://www.amazon.com/dp/B0C82Z3479?tag=eloabder-20&linkCode=osi&th=1&psc=1"><img src="https://m.media-amazon.com/images/I/21m2oNvDqiL._SL500_.jpg" alt="Product Image"></a><p>Vicks ComfortFlex Digital Thermometer – Accurate, Color Coded Reading in 8 Seconds – Digital Thermometer for Oral, Rectal or Under Arm Use</p><p> -38% 0FF </p><p>$10.48</p><a href="https://www.amazon.com/dp/B0C82Z3479?tag=eloabder-20&linkCode=osi&th=1&psc=1">View Product</a></div><div class="product"><a href="https://www.amazon.com/dp/B0C3B2VZLJ?tag=eloabder-20&linkCode=osi&th=1&psc=1"><img src="https://m.media-amazon.com/images/I/31JdU9LcpxL._SL500_.jpg" alt="Product Image"></a><p>No-Touch Thermometer for Adults and Kids, Fast Accurate Digital Thermometer with Fever Alarm & Silent Mode, FSA HSA Eligible, Easy-to-use, Forehead Thermometer for Babies, Kids & Elderly</p><p> -47% 0FF </p><p>$15.95</p><a href="https://www.amazon.com/dp/B0C3B2VZLJ?tag=eloabder-20&linkCode=osi&th=1&psc=1">View Product</a></div><div class="product"><a href="https://www.amazon.com/dp/B075QQ8VZW?tag=eloabder-20&linkCode=osi&th=1&psc=1"><img src="https://m.media-amazon.com/images/I/31XPaGGJcyL._SL500_.jpg" alt="Product Image"></a><p>iHealth No-Touch Forehead Thermometer, Infrared Digital Thermometer for Adults and Kids, Touchless Baby Thermometer, 3 Ultra-Sensitive Sensors, Large LED Digits, Quiet Vibration Feedback, Non Contact</p><p> -44% 0FF </p><p>$19.99</p><a href="https://www.amazon.com/dp/B075QQ8VZW?tag=eloabder-20&linkCode=osi&th=1&psc=1">View Product</a></div><div class="product"><a href="https://www.amazon.com/dp/B00MUK6M82?tag=eloabder-20&linkCode=osi&th=1&psc=1"><img src="https://m.media-amazon.com/images/I/31fl3MSNmuL._SL500_.jpg" alt="Product Image"></a><p>Vicks Braun Digital Ear Thermometer, ThermoScan 5 IRT6500, Ear Thermometer for Babies, Kids, Toddlers and Adults, Display is Digital and Accurate, Thermometer for Precise Fever Tracking at Home</p><p> -15% 0FF </p><p>$42.44</p><a href="https://www.amazon.com/dp/B00MUK6M82?tag=eloabder-20&linkCode=osi&th=1&psc=1">View Product</a></div><div class="product"><a href="https://www.amazon.com/dp/B0B513SHYR?tag=eloabder-20&linkCode=osi&th=1&psc=1"><img src="https://m.media-amazon.com/images/I/41erMNtrL8L._SL500_.jpg" alt="Product Image"></a><p>Forehead Thermometer for Adults and Kids, Digital Infrared Thermometer for Home with Fever Alarm, FSA HSA Eligible,1s Reading and 3-Color Indicator, No-Touch, Accurate</p><p> -45% 0FF </p><p>$13.59</p><a href="https://www.amazon.com/dp/B0B513SHYR?tag=eloabder-20&linkCode=osi&th=1&psc=1">View Product</a></div>
<div class="product"><a href="https://www.amazon.com/dp/B01C5QS1T8?tag=eloabder-20&linkCode=osi&th=1&psc=1"><img src="https://m.media-amazon.com/images/I/41DgEaoOjaL._SL500_.jpg" alt="Product Image"></a><p>iHealth Track Smart Upper Arm Blood Pressure Monitor with Wide Range Cuff That fits Standard to Large Adult Arms, Bluetooth Compatible for iOS & Android Devices</p><p> -20% 0FF </p><p>$39.99</p><a href="https://www.amazon.com/dp/B01C5QS1T8?tag=eloabder-20&linkCode=osi&th=1&psc=1">View Product</a></div><div class="product"><a href="https://www.amazon.com/dp/B0BF9YHRFM?tag=eloabder-20&linkCode=osi&th=1&psc=1"><img src="https://m.media-amazon.com/images/I/41Hd1YfS0VL._SL500_.jpg" alt="Product Image"></a><p>Blood Pressure Monitor,AILE blood pressure machine Upper Arm Large Cuff(8.7"-16.5"Adjustable),automatic high blood pressure cuff for home use,(BP)blood pressure monitor,2*99 memory,Easy to use/travel</p><p> -17% 0FF </p><p>$24.99</p><a href="https://www.amazon.com/dp/B0BF9YHRFM?tag=eloabder-20&linkCode=osi&th=1&psc=1">View Product</a></div><div class="product"><a href="https://www.amazon.com/dp/B0BFQWYSWR?tag=eloabder-20&linkCode=osi&th=1&psc=1"><img src="https://m.media-amazon.com/images/I/51lb5nRMBnL._SL500_.jpg" alt="Product Image"></a><p>Blood Pressure Monitors for Home Use Upper Arm, Accurate cuff 8.7”-15.7” Monitor with Large Backlight Display 2 Users 240 Sets Memory & HR Detection, Digital BP Machine with Carrying Case</p><p> -40% 0FF </p><p>$29.99</p><a href="https://www.amazon.com/dp/B0BFQWYSWR?tag=eloabder-20&linkCode=osi&th=1&psc=1">View Product</a></div><div class="product"><a href="https://www.amazon.com/dp/B07RYBKNC2?tag=eloabder-20&linkCode=osi&th=1&psc=1"><img src="https://m.media-amazon.com/images/I/41EBBbpDipL._SL500_.jpg" alt="Product Image"></a><p>OMRON Silver Blood Pressure Monitor, Upper Arm Cuff, Digital Bluetooth Blood Pressure Machine, Stores Up to 80 Readings</p><p> -6% 0FF </p><p>$52.88</p><a href="https://www.amazon.com/dp/B07RYBKNC2?tag=eloabder-20&linkCode=osi&th=1&psc=1">View Product</a></div>
<div class="product"><a href="https://www.amazon.com/dp/B084CQ41M2?tag=eloabder-20&linkCode=osi&th=1&psc=1"><img src="https://m.media-amazon.com/images/I/311ThQv0JoL._SL500_.jpg" alt="Product Image"></a><p>Fitbit Charge 4 Fitness and Activity Tracker with Built-in GPS, Heart Rate, Sleep & Swim Tracking, Black/Black, One Size (S &L Bands Included)</p><p> -17% 0FF </p><p>$124.00</p><a href="https://www.amazon.com/dp/B084CQ41M2?tag=eloabder-20&linkCode=osi&th=1&psc=1">View Product</a></div><div class="product"><a href="https://www.amazon.com/dp/B07GM59D12?tag=eloabder-20&linkCode=osi&th=1&psc=1"><img src="https://m.media-amazon.com/images/I/417I7hV3oaL._SL500_.jpg" alt="Product Image"></a><p>Garmin vivosmart 4, Activity and Fitness Tracker w/ Pulse Ox and Heart Rate Monitor, Black, Large Band</p><p> -33% 0FF </p><p>$64.99</p><a href="https://www.amazon.com/dp/B07GM59D12?tag=eloabder-20&linkCode=osi&th=1&psc=1">View Product</a></div><div class="product"><a href="https://www.amazon.com/dp/B00MWHUOSM?tag=eloabder-20&linkCode=osi&th=1&psc=1"><img src="https://m.media-amazon.com/images/I/514A9FIZMeL._SL500_.jpg" alt="Product Image"></a><p>3DTriSport Walking 3D Pedometer with Clip and Strap, Free eBook | 30 Days Memory, Accurate Step Counter, Walking Distance Miles/Km, Calorie Counter (Holdable, Grey)</p><p> -38% 0FF </p><p>$24.99</p><a href="https://www.amazon.com/dp/B00MWHUOSM?tag=eloabder-20&linkCode=osi&th=1&psc=1">View Product</a></div><div class="product"><a href="https://www.amazon.com/dp/B08JX22N4G?tag=eloabder-20&linkCode=osi&th=1&psc=1"><img src="https://m.media-amazon.com/images/I/413rXPXOmzL._SL500_.jpg" alt="Product Image"></a><p>Garmin vivofit jr. 3, Fitness Tracker for Kids, Includes Interactive App Experience, Swim-Friendly, Up To 1-year Battery Life, Lilac Floral</p><p> -22% 0FF </p><p>$69.99</p><a href="https://www.amazon.com/dp/B08JX22N4G?tag=eloabder-20&linkCode=osi&th=1&psc=1">View Product</a></div>
<div class="product"><a href="https://www.amazon.com/dp/B01HI1W1V4?tag=eloabder-20&linkCode=osi&th=1&psc=1"><img src="https://m.media-amazon.com/images/I/41xSV5KCm+L._SL500_.jpg" alt="Product Image"></a><p>Etekcity Bathroom Scale for Body Weight, Digital Weighing Machine for People, Accurate & Large LCD Backlight Display, 6mm Tempered Glass, 400 lbs</p><p> -20% 0FF </p><p>$15.89</p><a href="https://www.amazon.com/dp/B01HI1W1V4?tag=eloabder-20&linkCode=osi&th=1&psc=1">View Product</a></div><div class="product"><a href="https://www.amazon.com/dp/B01N1UX8RW?tag=eloabder-20&linkCode=osi&th=1&psc=1"><img src="https://m.media-amazon.com/images/I/41jK19A68DL._SL500_.jpg" alt="Product Image"></a><p>RENPHO Smart Scale for Body Weight, FSA HSA Eligible, Digital Bathroom Scale BMI Weighing Bluetooth Body Fat Scale, Body Composition Monitor Health Analyzer with Smartphone App, 400 lbs - Elis 1</p><p> -31% 0FF </p><p>$23.99</p><a href="https://www.amazon.com/dp/B01N1UX8RW?tag=eloabder-20&linkCode=osi&th=1&psc=1">View Product</a></div><div class="product"><a href="https://www.amazon.com/dp/B095YJW56C?tag=eloabder-20&linkCode=osi&th=1&psc=1"><img src="https://m.media-amazon.com/images/I/41vhjbr6FRL._SL500_.jpg" alt="Product Image"></a><p>Etekcity Smart Scale for Body Weight FSA HSA Store Eligible, Bathroom Digital Weighing Scale with BMI, Body Fat, Muscle Mass, Accurate Bluetooth Home User Health Equipment Sync Apps</p><p> -17% 0FF </p><p>$19.99</p><a href="https://www.amazon.com/dp/B095YJW56C?tag=eloabder-20&linkCode=osi&th=1&psc=1">View Product</a></div><div class="product"><a href="https://www.amazon.com/dp/B07S9PTLNZ?tag=eloabder-20&linkCode=osi&th=1&psc=1"><img src="https://m.media-amazon.com/images/I/21wW7Xf7Q+L._SL500_.jpg" alt="Product Image"></a><p>RENPHO Scale for Body Weight, Digital Bathroom Scale with Backlit LED Display, Highly Accurate & Measures Weight up to 400 lb/180kg, Batteries Included, Black-Core 1S</p><p> -42% 0FF </p><p>$13.99</p><a href="https://www.amazon.com/dp/B07S9PTLNZ?tag=eloabder-20&linkCode=osi&th=1&psc=1">View Product</a></div><div class="product"><a href="https://www.amazon.com/dp/B0CHRSYP3D?tag=eloabder-20&linkCode=osi&th=1&psc=1"><img src="https://m.media-amazon.com/images/I/41f-WUPPMQL._SL500_.jpg" alt="Product Image"></a><p>Ovutek Bathroom Scale for Body Weight, Highly Accurate Digital Weighing Machine for People, Upgraded Batteries Included, Compact Size, LED Display, Physician Scale with Sturdy Tempered Glass, 400lb</p><p> -26% 0FF </p><p>$13.99</p><a href="https://www.amazon.com/dp/B0CHRSYP3D?tag=eloabder-20&linkCode=osi&th=1&psc=1">View Product</a></div><div class="product"><a href="https://www.amazon.com/dp/B0C5DCTH9M?tag=eloabder-20&linkCode=osi&th=1&psc=1"><img src="https://m.media-amazon.com/images/I/31eXDYPTnbL._SL500_.jpg" alt="Product Image"></a><p>RunSTAR 550lb Bathroom Digital Scale for Body Weight with Ultra-Wide Platform and Large LCD Display, Accurate High Precision Scale with Extra-High Capacity</p><p> -40% 0FF </p><p>$33.99</p><a href="https://www.amazon.com/dp/B0C5DCTH9M?tag=eloabder-20&linkCode=osi&th=1&psc=1">View Product</a></div><div class="product"><a href="https://www.amazon.com/dp/B08839L43J?tag=eloabder-20&linkCode=osi&th=1&psc=1"><img src="https://m.media-amazon.com/images/I/41ijx4JiG5L._SL500_.jpg" alt="Product Image"></a><p>Posture Scale for Body Weight, Digital Bathroom Smart Scale LED Display, 13 Body Composition Analyzer Sync Weight Scale BMl Health Monitor Sync Apps 400lbs - Black</p><p> -60% 0FF </p><p>$25.24</p><a href="https://www.amazon.com/dp/B08839L43J?tag=eloabder-20&linkCode=osi&th=1&psc=1">View Product</a></div><div class="product"><a href="https://www.amazon.com/dp/B0BX1GVDBS?tag=eloabder-20&linkCode=osi&th=1&psc=1"><img src="https://m.media-amazon.com/images/I/31sSNdlJQOL._SL500_.jpg" alt="Product Image"></a><p>iHome Digital Scale Step-On Bathroom Scale - iHome High Precision Body Weight Scale - 400 lbs, Battery Powered with LED Display - Batteries Included -Great for Home Gym (Black)</p><p> -22% 0FF </p><p>$18.99</p><a href="https://www.amazon.com/dp/B0BX1GVDBS?tag=eloabder-20&linkCode=osi&th=1&psc=1">View Product</a></div>
<div class="product"><a href="https://www.amazon.com/dp/B079HXLZGY?tag=eloabder-20&linkCode=osi&th=1&psc=1"><img src="https://m.media-amazon.com/images/I/51O0z0rymgL._SL500_.jpg" alt="Product Image"></a><p>Amazon Basic Care Nighttime Sleep Aid Tablets for Adults, Doxylamine Succinate 25 mg, 96 Count</p><p> -13% 0FF </p><p>$10.93 ($0.11 / Count)</p><a href="https://www.amazon.com/dp/B079HXLZGY?tag=eloabder-20&linkCode=osi&th=1&psc=1">View Product</a></div><div class="product"><a href="https://www.amazon.com/dp/B0848WCZFM?tag=eloabder-20&linkCode=osi&th=1&psc=1"><img src="https://m.media-amazon.com/images/I/41Rzyzjg2UL._SL500_.jpg" alt="Product Image"></a><p>HealthA2Z Sleep Aid, Diphenhydramine Softgels, 50mg, Supports Deeper, Restful Sleeping, Non Habit-Forming (250 Counts)</p><p> -29% 0FF </p><p>$9.85 ($0.04 / Count)</p><a href="https://www.amazon.com/dp/B0848WCZFM?tag=eloabder-20&linkCode=osi&th=1&psc=1">View Product</a></div><div class="product"><a href="https://www.amazon.com/dp/B00NJ1BQZA?tag=eloabder-20&linkCode=osi&th=1&psc=1"><img src="https://m.media-amazon.com/images/I/41q8bT3bu0L._SL500_.jpg" alt="Product Image"></a><p>Relaxium Sleep Aid for Adults, Melatonin 5mg with Magnesium Glycinate, Sleep-Promoting Valerest & Ashwagandha, Non-Habit Forming Sleep Supplement, 60 Capsules, 30-Day Supply</p><p> -14% 0FF </p><p>$29.99 ($0.50 / count)</p><a href="https://www.amazon.com/dp/B00NJ1BQZA?tag=eloabder-20&linkCode=osi&th=1&psc=1">View Product</a></div><div class="product"><a href="https://www.amazon.com/dp/B07BZW88NY?tag=eloabder-20&linkCode=osi&th=1&psc=1"><img src="https://m.media-amazon.com/images/I/51HD9BxwlWL._SL500_.jpg" alt="Product Image"></a><p>Kirkland Signature Sleep Aid, 192 Tablets</p><p> -8% 0FF </p><p>$13.72 ($6.86 / Count)</p><a href="https://www.amazon.com/dp/B07BZW88NY?tag=eloabder-20&linkCode=osi&th=1&psc=1">View Product</a></div><div class="product"><a href="https://www.amazon.com/dp/B07PXT5LYR?tag=eloabder-20&linkCode=osi&th=1&psc=1"><img src="https://m.media-amazon.com/images/I/41Pu3C1zvML._SL500_.jpg" alt="Product Image"></a><p>Nature's Bounty Sleep3 Melatonin 10mg, Maximum Strength 100% Drug Free Sleep Aid, Dietary Supplement, L-Theanine & Nighttime Herbal Blend Time Release Technology, 60 Tri-Layered Tablets</p><p> -38% 0FF </p><p>$13.68 ($0.23 / Count)</p><a href="https://www.amazon.com/dp/B07PXT5LYR?tag=eloabder-20&linkCode=osi&th=1&psc=1">View Product</a></div><div class="product"><a href="https://www.amazon.com/dp/B002L4M4M0?tag=eloabder-20&linkCode=osi&th=1&psc=1"><img src="https://m.media-amazon.com/images/I/41S9lyFQZzL._SL500_.jpg" alt="Product Image"></a><p>KIRKLAND SIGNATURE Sleep Aid Doxylamine Succinate 25 Mg X Tabs (53201812) No Flavor 96 Count, Packaging May Vary</p><p> -29% 0FF </p><p>$7.75 ($0.08 / Count)</p><a href="https://www.amazon.com/dp/B002L4M4M0?tag=eloabder-20&linkCode=osi&th=1&psc=1">View Product</a></div><div class="product"><a href="https://www.amazon.com/dp/B01683HFGY?tag=eloabder-20&linkCode=osi&th=1&psc=1"><img src="https://m.media-amazon.com/images/I/51hFnh0pfXL._SL500_.jpg" alt="Product Image"></a><p>Unisom SleepTabs, Nighttime Sleep-aid, Doxylamine Succinate, 80 Tablets</p><p> -30% 0FF </p><p>$13.98 ($0.17 / Count)</p><a href="https://www.amazon.com/dp/B01683HFGY?tag=eloabder-20&linkCode=osi&th=1&psc=1">View Product</a></div><div class="product"><a href="https://www.amazon.com/dp/B08Y74HSSH?tag=eloabder-20&linkCode=osi&th=1&psc=1"><img src="https://m.media-amazon.com/images/I/41WtHEKTuML._SL500_.jpg" alt="Product Image"></a><p>ZzzQuil ULTRA, Sleep Aid, Nighttime Sleep Aid, 25 mg Doxylamine Succinate, From Makers of Nyquil, Non- Habit Forming, Fall Asleep Fast, Stay Asleep Longer, 48 Count</p><p> -11% 0FF </p><p>$19.63 ($0.41 / Count)</p><a href="https://www.amazon.com/dp/B08Y74HSSH?tag=eloabder-20&linkCode=osi&th=1&psc=1">View Product</a></div><div class="product"><a href="https://www.amazon.com/dp/B07613ZLWT?tag=eloabder-20&linkCode=osi&th=1&psc=1"><img src="https://m.media-amazon.com/images/I/41TljMCBnsL._SL500_.jpg" alt="Product Image"></a><p>Unisom Nighttime Sleep-Aid Gels, Diphenhydramine HCI 50mg, 100 Count</p><p> -6% 0FF </p><p>$16.38 ($0.16 / Count)</p><a href="https://www.amazon.com/dp/B07613ZLWT?tag=eloabder-20&linkCode=osi&th=1&psc=1">View Product</a></div>

<div class="product"><a href="https://www.amazon.com/dp/B009ITR4EY?tag=eloabder-20&linkCode=osi&th=1&psc=1"><img src="https://m.media-amazon.com/images/I/5108J1lmIxL._SL500_.jpg" alt="Product Image"></a><p>Tylenol Cold + Flu Severe Medicine Caplets for Fever, Pain, Cough & Congestion, 24 ct.</p><p> -28% 0FF </p><p>$7.67 ($0.32 / Count)</p><a href="https://www.amazon.com/dp/B009ITR4EY?tag=eloabder-20&linkCode=osi&th=1&psc=1">View Product</a></div><div class="product"><a href="https://www.amazon.com/dp/B019DL5KCO?tag=eloabder-20&linkCode=osi&th=1&psc=1"><img src="https://m.media-amazon.com/images/I/51i-U6pGMjL._SL500_.jpg" alt="Product Image"></a><p>Coricidin HBP Decongestant-Free Cough and Cold Medicine - Specially Designed Relief for High Blood Pressure, Cough, Runny Nose, Sneezing and Cold Symptoms (16 Count)</p><p> -6% 0FF </p><p>$8.49 ($0.53 / Count)</p><a href="https://www.amazon.com/dp/B019DL5KCO?tag=eloabder-20&linkCode=osi&th=1&psc=1">View Product</a></div><div class="product"><a href="https://www.amazon.com/dp/B0B63WW9H4?tag=eloabder-20&linkCode=osi&th=1&psc=1"><img src="https://m.media-amazon.com/images/I/51zjSOAQyTL._SL500_.jpg" alt="Product Image"></a><p>Coricidin HBP, Decongestant-Free Cold Symptom Relief for People with High Blood Pressure, Maximum Strength, Flu & Chest Congestion Liquid Gels, 24 Count</p><p> -21% 0FF </p><p>$8.29 ($0.35 / Count)</p><a href="https://www.amazon.com/dp/B0B63WW9H4?tag=eloabder-20&linkCode=osi&th=1&psc=1">View Product</a></div><div class="product"><a href="https://www.amazon.com/dp/B000WAWN8K?tag=eloabder-20&linkCode=osi&th=1&psc=1"><img src="https://m.media-amazon.com/images/I/41MhHkkpCQL._SL500_.jpg" alt="Product Image"></a><p>Zicam Cold Remedy Zinc Rapidmelts, Citrus Flavor, 25 Count (Pack of 1)</p><p> -21% 0FF </p><p>$10.30 ($0.41 / Count)</p><a href="https://www.amazon.com/dp/B000WAWN8K?tag=eloabder-20&linkCode=osi&th=1&psc=1">View Product</a></div><div class="product"><a href="https://www.amazon.com/dp/B08836KTVQ?tag=eloabder-20&linkCode=osi&th=1&psc=1"><img src="https://m.media-amazon.com/images/I/51kNMcIeJPL._SL500_.jpg" alt="Product Image"></a><p>Mucinex Fast-Max Cold and Flu & Nightshift Severe Cold and Flu Medicine for Adults, Over-the-Counter Medication Combo Pack for Sore Throat Relief, Decongestant, Cough & Cold Medicines, 2 x 6 Fl Oz</p><p> -17% 0FF </p><p>$18.65 ($1.55 / Fl Oz)</p><a href="https://www.amazon.com/dp/B08836KTVQ?tag=eloabder-20&linkCode=osi&th=1&psc=1">View Product</a></div><div class="product"><a href="https://www.amazon.com/dp/B01DZ0CN6A?tag=eloabder-20&linkCode=osi&th=1&psc=1"><img src="https://m.media-amazon.com/images/I/41DVIB8+QVL._SL500_.jpg" alt="Product Image"></a><p>Hyland's Baby Mucus and Cold Relief, Daytime Baby Cold Medicine, Infant Cold and Cough Remedy, Decongestant, 4 Fluid Ounce</p><p> -46% 0FF </p><p>$7.00 ($1.75 / Fl Oz)</p><a href="https://www.amazon.com/dp/B01DZ0CN6A?tag=eloabder-20&linkCode=osi&th=1&psc=1">View Product</a></div><div class="product"><a href="https://www.amazon.com/dp/B00L3LAK7S?tag=eloabder-20&linkCode=osi&th=1&psc=1"><img src="https://m.media-amazon.com/images/I/41acNMiAH7L._SL500_.jpg" alt="Product Image"></a><p>Hyland's Kids Cold & Cough, Day and Night Combo Pack, Cold Medicine for Ages 2+, Syrup Cough Medicine for Kids, Nasal Decongestant, Allergy Relief, 4 Fl Oz (Pack of 2)</p><p> -37% 0FF </p><p>$12.59 ($3.15 / Fl Oz)</p><a href="https://www.amazon.com/dp/B00L3LAK7S?tag=eloabder-20&linkCode=osi&th=1&psc=1">View Product</a></div><div class="product"><a href="https://www.amazon.com/dp/B08938GBKJ?tag=eloabder-20&linkCode=osi&th=1&psc=1"><img src="https://m.media-amazon.com/images/I/41T41ChZ9KL._SL500_.jpg" alt="Product Image"></a><p>Cold-EEZE Natural Cherry Zinc Lozenges, Homeopathic Cold Remedy, Reduces Duration of the Common Cold, Sore Throat, Cough, Congestion and Post Nasal Drip, 25 Count</p><p> -25% 0FF </p><p>$9.33 ($0.37 / Count)</p><a href="https://www.amazon.com/dp/B08938GBKJ?tag=eloabder-20&linkCode=osi&th=1&psc=1">View Product</a></div>

<div class="product"><a href="https://www.amazon.com/dp/B0012BNVE8?tag=eloabder-20&linkCode=osi&th=1&psc=1"><img src="https://m.media-amazon.com/images/I/51AbEqW79jL._SL500_.jpg" alt="Product Image"></a><p>Men's Rogaine 5% Minoxidil Topical Aerosol Hair Regrowth Treatment Foam, 3 Month Supply (Each Can 2.11 Ounce - 60 Gram)</p><p> -25% 0FF </p><p>$58.83 ($9.29 / Ounce)</p><a href="https://www.amazon.com/dp/B0012BNVE8?tag=eloabder-20&linkCode=osi&th=1&psc=1">View Product</a></div><div class="product"><a href="https://www.amazon.com/dp/B0000Y8H3S?tag=eloabder-20&linkCode=osi&th=1&psc=1"><img src="https://m.media-amazon.com/images/I/41HVx2izbyL._SL500_.jpg" alt="Product Image"></a><p>Men's Rogaine Extra Strength 5% Minoxidil Topical Solution for Thin Hair, Hair Loss Treatment to Regrow Fuller, Thicker Hair, 3-Month Supply, 3 x 2 fl. oz</p><p> -39% 0FF </p><p>$47.82 ($7.97 / Fl Oz)</p><a href="https://www.amazon.com/dp/B0000Y8H3S?tag=eloabder-20&linkCode=osi&th=1&psc=1">View Product</a></div><div class="product"><a href="https://www.amazon.com/dp/B00M6I5SMY?tag=eloabder-20&linkCode=osi&th=1&psc=1"><img src="https://m.media-amazon.com/images/I/415RcmGI84L._SL500_.jpg" alt="Product Image"></a><p>Rogaine 5% Minoxidil Foam, Topical Once-A-Day Hair Loss Treatment for Women to Regrow Fuller, Thicker Hair, Unscented, 2-Month Supply, 2.11 oz</p><p> -28% 0FF </p><p>$31.37 ($14.87 / Ounce)</p><a href="https://www.amazon.com/dp/B00M6I5SMY?tag=eloabder-20&linkCode=osi&th=1&psc=1">View Product</a></div><div class="product"><a href="https://www.amazon.com/dp/B0BVTD8JYP?tag=eloabder-20&linkCode=osi&th=1&psc=1"><img src="https://m.media-amazon.com/images/I/51j7YLVoqqL._SL500_.jpg" alt="Product Image"></a><p>5% Minoxidil Hair Growth for Men and Women - 60mL Hair Growth Serum - Minoxidil Spray for Hair and Beard Regrowth - Hair Loss treatment - 1 Month Supply</p><p> -24% 0FF </p><p>$12.99 ($6.50 / Fl Oz)</p><a href="https://www.amazon.com/dp/B0BVTD8JYP?tag=eloabder-20&linkCode=osi&th=1&psc=1">View Product</a></div><div class="product"><a href="https://www.amazon.com/dp/B0BWZTV1V7?tag=eloabder-20&linkCode=osi&th=1&psc=1"><img src="https://m.media-amazon.com/images/I/412B7e7oK+L._SL500_.jpg" alt="Product Image"></a><p>Nature's Bounty Hair Growth Supplement, 1 Per Day, Clinically Shown to Support Thicker, Fuller Hair, with Biotin, Silicon & Arginine, 30 Capsules</p><p> -6% 0FF </p><p>$16.98 ($0.57 / Count)</p><a href="https://www.amazon.com/dp/B0BWZTV1V7?tag=eloabder-20&linkCode=osi&th=1&psc=1">View Product</a></div>
<div class="product"><a href="https://www.amazon.com/dp/B00NNZRJ2G?tag=eloabder-20&linkCode=osi&th=1&psc=1"><img src="https://m.media-amazon.com/images/I/41YWG-0RKpL._SL500_.jpg" alt="Product Image"></a><p>OCuSOFT Lid Scrub Original Eyelid Cleanser - Pre-Moistened Eyelid Wipes for Mild to Moderate Conditions - Eyelid Cleanser to Clean, Comfort & Soothe Irritated Eyelids - 30 Count</p><p> -10% 0FF </p><p>$11.97 ($0.40 / Count)</p><a href="https://www.amazon.com/dp/B00NNZRJ2G?tag=eloabder-20&linkCode=osi&th=1&psc=1">View Product</a></div><div class="product"><a href="https://www.amazon.com/dp/B00DJUK8HS?tag=eloabder-20&linkCode=osi&th=1&psc=1"><img src="https://m.media-amazon.com/images/I/51oBE3IVUkL._SL500_.jpg" alt="Product Image"></a><p>PreserVision AREDS 2 Eye Vitamin & Mineral Supplement, Contains Lutein, Vitamin C, Zeaxanthin, Zinc & Vitamin E, 120 Softgels (Packaging May Vary)</p><p> -12% 0FF </p><p>$35.99 ($0.30 / Count)</p><a href="https://www.amazon.com/dp/B00DJUK8HS?tag=eloabder-20&linkCode=osi&th=1&psc=1">View Product</a></div><div class="product"><a href="https://www.amazon.com/dp/B00DJUK8IM?tag=eloabder-20&linkCode=osi&th=1&psc=1"><img src="https://m.media-amazon.com/images/I/51LPoH2nRnL._SL500_.jpg" alt="Product Image"></a><p>Ocuvite Eye Vitamin & Mineral Supplement, Contains Zinc, Vitamins C, E, Omega 3, Lutein, & Zeaxanthin, 90 Softgels (Packaging May Vary)</p><p> -19% 0FF </p><p>$23.47 ($0.26 / Count)</p><a href="https://www.amazon.com/dp/B00DJUK8IM?tag=eloabder-20&linkCode=osi&th=1&psc=1">View Product</a></div><div class="product"><a href="https://www.amazon.com/dp/B00JJPMXDO?tag=eloabder-20&linkCode=osi&th=1&psc=1"><img src="https://m.media-amazon.com/images/I/41xUbY21ojL._SL500_.jpg" alt="Product Image"></a><p>CeraVe Eye Repair Cream | Under Eye Cream For Puffiness And Bags Under Eyes | Hyaluronic Acid + Niacinamide + Marine Botanical Complex | Hydrating Eye Cream | Oil Free & Opthalmologist Tested</p><p> -28% 0FF </p><p>$14.44 ($28.88 / Ounce)</p><a href="https://www.amazon.com/dp/B00JJPMXDO?tag=eloabder-20&linkCode=osi&th=1&psc=1">View Product</a></div><div class="product"><a href="https://www.amazon.com/dp/B00008BRR8?tag=eloabder-20&linkCode=osi&th=1&psc=1"><img src="https://m.media-amazon.com/images/I/41RscSZokiL._SL500_.jpg" alt="Product Image"></a><p>Refresh Tears, Lubricant Eye Drops, 2 Bottles .5 fl oz (15 ml)</p><p> -7% 0FF </p><p>$14.68</p><a href="https://www.amazon.com/dp/B00008BRR8?tag=eloabder-20&linkCode=osi&th=1&psc=1">View Product</a></div><div class="product"><a href="https://www.amazon.com/dp/B0B45LL4DD?tag=eloabder-20&linkCode=osi&th=1&psc=1"><img src="https://m.media-amazon.com/images/I/31ZNIWikbtL._SL500_.jpg" alt="Product Image"></a><p>Beauty of Joseon Revive Eye Serum with Retinal Niacinamide Correction for Puffy Eye Bags Fine Lines Dark Circles Wrinkles, Korean Skin Care 30ml, 1 fl.oz</p><p> -12% 0FF </p><p>$14.50 ($14.50 / Fl Oz)</p><a href="https://www.amazon.com/dp/B0B45LL4DD?tag=eloabder-20&linkCode=osi&th=1&psc=1">View Product</a></div><div class="product"><a href="https://www.amazon.com/dp/B07BVYZL88?tag=eloabder-20&linkCode=osi&th=1&psc=1"><img src="https://m.media-amazon.com/images/I/41Nyltw77SL._SL500_.jpg" alt="Product Image"></a><p>LUMIFY Redness Reliever Eye Drops 0.25 Ounce (7.5mL)</p><p> -9% 0FF </p><p>$19.99 ($79.01 / Fl Oz)</p><a href="https://www.amazon.com/dp/B07BVYZL88?tag=eloabder-20&linkCode=osi&th=1&psc=1">View Product</a></div>
<div class="product"><a href="https://www.amazon.com/dp/B072N7WNTK?tag=eloabder-20&linkCode=osi&th=1&psc=1"><img src="https://m.media-amazon.com/images/I/4109e6u0vfL._SL500_.jpg" alt="Product Image"></a><p>Renu Contact Lens Solution Multipurpose Disinfectant, Advanced Formula Lens Cleaner, Cleans & Moisturizes Soft & Silicon Hydrogel Lenses, 12 Fl Oz</p><p> -5% 0FF </p><p>$8.58 ($0.72 / Fl Oz)</p><a href="https://www.amazon.com/dp/B072N7WNTK?tag=eloabder-20&linkCode=osi&th=1&psc=1">View Product</a></div><div class="product"><a href="https://www.amazon.com/dp/B010GD3NUY?tag=eloabder-20&linkCode=osi&th=1&psc=1"><img src="https://m.media-amazon.com/images/I/51J4K0ac2IL._SL500_.jpg" alt="Product Image"></a><p>Clear Care Plus Cleaning Solution with Lens Case, Twin Pack, Multi, 12 Oz, Pack of 2</p><p> -18% 0FF </p><p>$17.98 ($0.75 / Fl Oz)</p><a href="https://www.amazon.com/dp/B010GD3NUY?tag=eloabder-20&linkCode=osi&th=1&psc=1">View Product</a></div>
<div class="product"><a href="https://www.amazon.com/dp/B09XW9LBLF?tag=eloabder-20&linkCode=osi&th=1&psc=1"><img src="https://m.media-amazon.com/images/I/51n47pJYTJL._SL500_.jpg" alt="Product Image"></a><p>Arm & Hammer Simply Saline Daily Care Nasal Mist 4.4oz, Saline Nasal Spray, Drug-Free, 3-Pack</p><p> -28% 0FF </p><p>$13.67 ($1.04 / Ounce)</p><a href="https://www.amazon.com/dp/B09XW9LBLF?tag=eloabder-20&linkCode=osi&th=1&psc=1">View Product</a></div><div class="product"><a href="https://www.amazon.com/dp/B073MY31H6?tag=eloabder-20&linkCode=osi&th=1&psc=1"><img src="https://m.media-amazon.com/images/I/51pzJS3WS1L._SL500_.jpg" alt="Product Image"></a><p>Vicks Sinex SEVERE Nasal Spray, Original Ultra Fine Mist, Decongestant Medicine, Relief from Stuffy Nose due to Cold or Allergy, & Nasal Congestion, Sinus Pressure Relief, 265 Sprays x 2</p><p> -14% 0FF </p><p>$14.97</p><a href="https://www.amazon.com/dp/B073MY31H6?tag=eloabder-20&linkCode=osi&th=1&psc=1">View Product</a></div><div class="product"><a href="https://www.amazon.com/dp/B08R2SRN88?tag=eloabder-20&linkCode=osi&th=1&psc=1"><img src="https://m.media-amazon.com/images/I/51psI6ed71L._SL500_.jpg" alt="Product Image"></a><p>KIRKLAND SIGNATURE Aller-Flo Fluticasone Propionate (Glucorticoid) 5 Bottles x 120 Metered Sprays 0.54 Fl OZ per Bottle (15.8 mL x 5) 2.70 OZ Total (79 mL Total) 600 Total Sprays Total, 1-Pack</p><p> -24% 0FF </p><p>$27.35 ($10.13 / Fl Oz)</p><a href="https://www.amazon.com/dp/B08R2SRN88?tag=eloabder-20&linkCode=osi&th=1&psc=1">View Product</a></div><div class="product"><a href="https://www.amazon.com/dp/B000M4W2E6?tag=eloabder-20&linkCode=osi&th=1&psc=1"><img src="https://m.media-amazon.com/images/I/41ThKOpdtsL._SL500_.jpg" alt="Product Image"></a><p>Xlear Nasal Spray with Xylitol, 1.5 fl oz (Pack of 1)</p><p> -6% 0FF </p><p>$11.79 ($7.86 / Fl Oz)</p><a href="https://www.amazon.com/dp/B000M4W2E6?tag=eloabder-20&linkCode=osi&th=1&psc=1">View Product</a></div><div class="product"><a href="https://www.amazon.com/dp/B07PDJ138X?tag=eloabder-20&linkCode=osi&th=1&psc=1"><img src="https://m.media-amazon.com/images/I/51ZjUYn3qjL._SL500_.jpg" alt="Product Image"></a><p>FamilyCare Nasal Relief Spray, Pump Mist, Anti-drip, Severe Congestion, (Oxymetazoline HCI) 12 Hours, 3 Pack</p><p> -39% 0FF </p><p>$7.34 ($4.89 / Fl Oz)</p><a href="https://www.amazon.com/dp/B07PDJ138X?tag=eloabder-20&linkCode=osi&th=1&psc=1">View Product</a></div>
<div class="product"><a href="https://www.amazon.com/dp/B013IJPTFK?tag=eloabder-20&linkCode=osi&th=1&psc=1"><img src="https://m.media-amazon.com/images/I/41xvjpmyhUL._SL500_.jpg" alt="Product Image"></a><p>Pure Enrichment MistAire Ultrasonic Cool Mist Humidifier - Quiet Air Humidifier for Bedroom, Nursery, Office, & Indoor Plants - Lasts Up To 25 Hours</p><p> -20% 0FF </p><p>$39.99</p><a href="https://www.amazon.com/dp/B013IJPTFK?tag=eloabder-20&linkCode=osi&th=1&psc=1">View Product</a></div><div class="product"><a href="https://www.amazon.com/dp/B00F8MJXMG?tag=eloabder-20&linkCode=osi&th=1&psc=1"><img src="https://m.media-amazon.com/images/I/31JYco8Dz4L._SL500_.jpg" alt="Product Image"></a><p>Vicks Filter-Free Ultrasonic Humidifier. #1 Brand Recommended by Pediatricians*. 1.2 Gal Ultrasonic cool mist humidifier for medium to large Bedrooms, Kids Rooms, and More. Use with Vicks VapoPads.</p><p> -13% 0FF </p><p>$56.45</p><a href="https://www.amazon.com/dp/B00F8MJXMG?tag=eloabder-20&linkCode=osi&th=1&psc=1">View Product</a></div><div class="product"><a href="https://www.amazon.com/dp/B01MR4Y0CZ?tag=eloabder-20&linkCode=osi&th=1&psc=1"><img src="https://m.media-amazon.com/images/I/31FL7raWviL._SL500_.jpg" alt="Product Image"></a><p>ASAKUKI 500ml Premium, Essential Oil Diffuser with Remote Control, 5 in 1 Ultrasonic Aromatherapy Fragrant Oil Humidifier Vaporizer, Timer and Auto-Off Safety Switch Brown</p><p> -41% 0FF </p><p>$21.23</p><a href="https://www.amazon.com/dp/B01MR4Y0CZ?tag=eloabder-20&linkCode=osi&th=1&psc=1">View Product</a></div><div class="product"><a href="https://www.amazon.com/dp/B001FWXKTA?tag=eloabder-20&linkCode=osi&th=1&psc=1"><img src="https://m.media-amazon.com/images/I/31Rb8V-nAVL._SL500_.jpg" alt="Product Image"></a><p>Vicks Warm Mist Humidifier Small to Large Room for Baby, Kids and Adults, 1 Gallon Tank</p><p> -5% 0FF </p><p>$40.99</p><a href="https://www.amazon.com/dp/B001FWXKTA?tag=eloabder-20&linkCode=osi&th=1&psc=1">View Product</a></div><div class="product"><a href="https://www.amazon.com/dp/B07C683MBH?tag=eloabder-20&linkCode=osi&th=1&psc=1"><img src="https://m.media-amazon.com/images/I/31PvUTEoMCL._SL500_.jpg" alt="Product Image"></a><p>HealthSmart Essential Oil Diffuser, Cool Mist Humidifier and Aromatherapy Diffuser, FSA HSA Eligible with 500ML Tank for Large Rooms, Adjustable Timer, Mist Mode and 7 LED Light Colors, White</p><p> -47% 0FF </p><p>$25.49</p><a href="https://www.amazon.com/dp/B07C683MBH?tag=eloabder-20&linkCode=osi&th=1&psc=1">View Product</a></div><div class="product"><a href="https://www.amazon.com/dp/B01NBHQDNI?tag=eloabder-20&linkCode=osi&th=1&psc=1"><img src="https://m.media-amazon.com/images/I/41NnU7iAezL._SL500_.jpg" alt="Product Image"></a><p>Crane EE-5202 Inhaler & Warm Mist Humidifier, 0.5 Gallon, Blue & White</p><p> -24% 0FF </p><p>$45.49</p><a href="https://www.amazon.com/dp/B01NBHQDNI?tag=eloabder-20&linkCode=osi&th=1&psc=1">View Product</a></div><div class="product"><a href="https://www.amazon.com/dp/B073WJ5M1B?tag=eloabder-20&linkCode=osi&th=1&psc=1"><img src="https://m.media-amazon.com/images/I/41mWTAIAAiL._SL500_.jpg" alt="Product Image"></a><p>Pure Enrichment MistAire Silver Ultrasonic Cool Mist Humidifier for Bedroom, Office, Nursery & Indoor Plants - Lasts Up to 25 Hours, Whisper-Quiet Operation, Optional Night Light, & Auto Shut-Off</p><p> -20% 0FF </p><p>$39.99</p><a href="https://www.amazon.com/dp/B073WJ5M1B?tag=eloabder-20&linkCode=osi&th=1&psc=1">View Product</a></div>
<div class="product"><a href="https://www.amazon.com/dp/B086W2L7LZ?tag=eloabder-20&linkCode=osi&th=1&psc=1"><img src="https://m.media-amazon.com/images/I/41wQEdZ+aNL._SL500_.jpg" alt="Product Image"></a><p>MERIDIAN Body Hair Trimmer for Men, Bikini Trimmer for Women, Ball Trimmer Men, Pubic Hair, No Nick, No Cut, No Razor Burn, Groin and Body Shaver - Waterproof & Rechargeable Body Groomer - Sage</p><p> -33% 0FF </p><p>$49.99 ($49.99 / Count)</p><a href="https://www.amazon.com/dp/B086W2L7LZ?tag=eloabder-20&linkCode=osi&th=1&psc=1">View Product</a></div><div class="product"><a href="https://www.amazon.com/dp/B09QDRJ8ZX?tag=eloabder-20&linkCode=osi&th=1&psc=1"><img src="https://m.media-amazon.com/images/I/41jcrP+03XL._SL500_.jpg" alt="Product Image"></a><p>Finishing Touch Flawless Bikini Shaver and Trimmer Hair Remover for Women, Dry Use Electric Razor, Personal Groomer for Intimate Ladies Shaving, No Bump, Smooth Shave</p><p> -16% 0FF </p><p>$16.82</p><a href="https://www.amazon.com/dp/B09QDRJ8ZX?tag=eloabder-20&linkCode=osi&th=1&psc=1">View Product</a></div><div class="product"><a href="https://www.amazon.com/dp/B07HXK5J58?tag=eloabder-20&linkCode=osi&th=1&psc=1"><img src="https://m.media-amazon.com/images/I/31S-GgYdFYL._SL500_.jpg" alt="Product Image"></a><p>Wahl Lithium Pen Detail Trimmer with Interchangeable Heads for Nose, Ear, Neckline, Eyebrow, & Other Detailing – Rinseable Blades for Hygienic Grooming & Easy Cleaning – Blue – Model 5643-400</p><p> -13% 0FF </p><p>$13.04</p><a href="https://www.amazon.com/dp/B07HXK5J58?tag=eloabder-20&linkCode=osi&th=1&psc=1">View Product</a></div>
<div class="product"><a href="https://www.amazon.com/dp/B00006IVEN?tag=eloabder-20&linkCode=osi&th=1&psc=1"><img src="https://m.media-amazon.com/images/I/51xyn7u5V1L._SL500_.jpg" alt="Product Image"></a><p>Wahl Clipper USA Color Pro Complete Haircutting Kit with Easy Color Coded Guide Combs - Corded Clipper for Hair clipping & Grooming Men, Women, & Children - Model 79300-1001M</p><p> -25% 0FF </p><p>$29.99</p><a href="https://www.amazon.com/dp/B00006IVEN?tag=eloabder-20&linkCode=osi&th=1&psc=1">View Product</a></div><div class="product"><a href="https://www.amazon.com/dp/B0CRSZ9F1Y?tag=eloabder-20&linkCode=osi&th=1&psc=1"><img src="https://m.media-amazon.com/images/I/412g4VU8wDL._SL500_.jpg" alt="Product Image"></a><p>Ufree Hair Clippers for Men, Professional Clippers and Trimmers Set, Cordless Clippers for Hair Cutting, Beard Trimmer, Barber Clippers, Rechargeable Electric Shaver, Gifts for Men</p><p> -17% 0FF </p><p>$29.99</p><a href="https://www.amazon.com/dp/B0CRSZ9F1Y?tag=eloabder-20&linkCode=osi&th=1&psc=1">View Product</a></div><div class="product"><a href="https://www.amazon.com/dp/B0D1C9D1RC?tag=eloabder-20&linkCode=osi&th=1&psc=1"><img src="https://m.media-amazon.com/images/I/51seCL0pKkL._SL500_.jpg" alt="Product Image"></a><p>Jack & Rose Cordless Hair Clippers, Mens Hair Clippers, Wireless Clippers for Men, Barber kit Professional Clippers for Men</p><p> -40% 0FF </p><p>$29.99</p><a href="https://www.amazon.com/dp/B0D1C9D1RC?tag=eloabder-20&linkCode=osi&th=1&psc=1">View Product</a></div><div class="product"><a href="https://www.amazon.com/dp/B0D45VM3V8?tag=eloabder-20&linkCode=osi&th=1&psc=1"><img src="https://m.media-amazon.com/images/I/51QKYshKrXL._SL500_.jpg" alt="Product Image"></a><p>VGRPRO Hair Clippers for Men, Professional Cordless Hair Clippers and Trimmer Set, 4 in 1 Mens Beard Trimmer and Nose Ear Trimmer with Package Box</p><p> -29% 0FF </p><p>$49.99</p><a href="https://www.amazon.com/dp/B0D45VM3V8?tag=eloabder-20&linkCode=osi&th=1&psc=1">View Product</a></div>
<div class="product"><a href="https://www.amazon.com/dp/B0CZ4D2BXK?tag=eloabder-20&linkCode=osi&th=1&psc=1"><img src="https://m.media-amazon.com/images/I/61K04euiQlL._SL500_.jpg" alt="Product Image"></a><p>Electric Razor for Men, SHPAVVER Electric Shaver for Men, Rechargeable Wet Dry Shaver with Pop Up Trimmer, Waterproof Cordless Portable Razor</p><p> -15% 0FF </p><p>$21.24 ($21.24 / Count)</p><a href="https://www.amazon.com/dp/B0CZ4D2BXK?tag=eloabder-20&linkCode=osi&th=1&psc=1">View Product</a></div><div class="product"><a href="https://www.amazon.com/dp/B0115I2DRI?tag=eloabder-20&linkCode=osi&th=1&psc=1"><img src="https://m.media-amazon.com/images/I/51teVsMVjiL._SL500_.jpg" alt="Product Image"></a><p>Braun Electric Series 3 Razor with Precision Trimmer, Rechargeable, Wet & Dry Foil Shaver for Men, Blue/Black, 4 Piece</p><p> -25% 0FF </p><p>$59.99</p><a href="https://www.amazon.com/dp/B0115I2DRI?tag=eloabder-20&linkCode=osi&th=1&psc=1">View Product</a></div><div class="product"><a href="https://www.amazon.com/dp/B01M31O317?tag=eloabder-20&linkCode=osi&th=1&psc=1"><img src="https://m.media-amazon.com/images/I/41OAg4SbATL._SL500_.jpg" alt="Product Image"></a><p>Braun Electric Razor for Men, Series 3 310s Electric Foil Shaver, Rechargeable, Wet & Dry</p><p> -27% 0FF </p><p>$39.94</p><a href="https://www.amazon.com/dp/B01M31O317?tag=eloabder-20&linkCode=osi&th=1&psc=1">View Product</a></div><div class="product"><a href="https://www.amazon.com/dp/B00BB5YHEI?tag=eloabder-20&linkCode=osi&th=1&psc=1"><img src="https://m.media-amazon.com/images/I/4119p-23FFL._SL500_.jpg" alt="Product Image"></a><p>Remington Foil Shaver, Electric Razor for Men, Cordless Rechargeable with Pop Up Trimmer, Pivot & FlexFoil Technology, Lightweight Handheld Design, Black</p><p> -25% 0FF </p><p>$44.97</p><a href="https://www.amazon.com/dp/B00BB5YHEI?tag=eloabder-20&linkCode=osi&th=1&psc=1">View Product</a></div><div class="product"><a href="https://www.amazon.com/dp/B0CRMR45S2?tag=eloabder-20&linkCode=osi&th=1&psc=1"><img src="https://m.media-amazon.com/images/I/41onMcdpgCL._SL500_.jpg" alt="Product Image"></a><p>Braun Electric Shaver for Men, Series 5 5150cs, Wet & Dry Shave, Turbo Shaving Mode, Foil Shaver, with Beard Trimmer, Body Groomer and Charging Stand, Blue</p><p> -10% 0FF </p><p>$89.94</p><a href="https://www.amazon.com/dp/B0CRMR45S2?tag=eloabder-20&linkCode=osi&th=1&psc=1">View Product</a></div>
<div class="product"><a href="https://www.amazon.com/dp/B00LE99PA2?tag=eloabder-20&linkCode=osi&th=1&psc=1"><img src="https://m.media-amazon.com/images/I/518ViTgYdGL._SL500_.jpg" alt="Product Image"></a><p>Amopé Pedi Perfect Electric Callus Remover Foot File w/ Diamond Crystals, Pedicure Tool for Feet, Removes Hard & Dead Skin, Feet Scrubber & Buffer, Splashproof, w/ Extra Coarse Roller Head, 1 Count</p><p> -32% 0FF </p><p>$20.49</p><a href="https://www.amazon.com/dp/B00LE99PA2?tag=eloabder-20&linkCode=osi&th=1&psc=1">View Product</a></div><div class="product"><a href="https://www.amazon.com/dp/B07HRYCWQZ?tag=eloabder-20&linkCode=osi&th=1&psc=1"><img src="https://m.media-amazon.com/images/I/41foQatg2ZL._SL500_.jpg" alt="Product Image"></a><p>Extra Strength Callus Remover for Feet - Callus Remover Gel Foot Scrubber for Dead Skin - Professional Pedicure Foot Spa Essential, 6oz</p><p> -40% 0FF </p><p>$8.95</p><a href="https://www.amazon.com/dp/B07HRYCWQZ?tag=eloabder-20&linkCode=osi&th=1&psc=1">View Product</a></div><div class="product"><a href="https://www.amazon.com/dp/B01NCMJPOQ?tag=eloabder-20&linkCode=osi&th=1&psc=1"><img src="https://m.media-amazon.com/images/I/31lxdO7tvoL._SL500_.jpg" alt="Product Image"></a><p>Lee Beauty Professional Callus Remover for Feet - Original, Powerful Formulation - Extra Strength Gel, Home Pedicure Foot Spa Results - Cracked & Dead Dry Skin Supplies - 8 Oz</p><p> -21% 0FF </p><p>$14.99 ($1.87 / Ounce)</p><a href="https://www.amazon.com/dp/B01NCMJPOQ?tag=eloabder-20&linkCode=osi&th=1&psc=1">View Product</a></div>
<div class="product"><a href="https://www.amazon.com/dp/B0B3GCCRVH?tag=eloabder-20&linkCode=osi&th=1&psc=1"><img src="https://m.media-amazon.com/images/I/41EdCdrw-AL._SL500_.jpg" alt="Product Image"></a><p>CeraVe Skin Renewing Eye Cream For Wrinkles | Under Eye Cream With Peptides + Caffeine + Niacinamide | Anti Aging Eye Cream For Wrinkles & Crows Feet | Paraben Free & Opthalmologist Tested</p><p> -16% 0FF </p><p>$18.49 ($36.98 / Ounce)</p><a href="https://www.amazon.com/dp/B0B3GCCRVH?tag=eloabder-20&linkCode=osi&th=1&psc=1">View Product</a></div><div class="product"><a href="https://www.amazon.com/dp/B0009RFB76?tag=eloabder-20&linkCode=osi&th=1&psc=1"><img src="https://m.media-amazon.com/images/I/31tA7bKP49L._SL500_.jpg" alt="Product Image"></a><p>RoC Retinol Correxion Under Eye Cream for Dark Circles & Puffiness, Daily Wrinkle Cream, Anti Aging Line Smoothing Skin Care Treatment for Women and Men, 0.5 oz (Packaging May Vary)</p><p> -37% 0FF </p><p>$18.76 ($37.52 / Fl Oz)</p><a href="https://www.amazon.com/dp/B0009RFB76?tag=eloabder-20&linkCode=osi&th=1&psc=1">View Product</a></div><div class="product"><a href="https://www.amazon.com/dp/B00005333I?tag=eloabder-20&linkCode=osi&th=1&psc=1"><img src="https://m.media-amazon.com/images/I/31webfO63dL._SL500_.jpg" alt="Product Image"></a><p>L'Oreal Paris Dermo-Expertise Eye Defense Eye Cream with Caffeine and Hyaluronic Acid 0.5 oz</p><p> -23% 0FF </p><p>$12.27 ($24.54 / Ounce)</p><a href="https://www.amazon.com/dp/B00005333I?tag=eloabder-20&linkCode=osi&th=1&psc=1">View Product</a></div><div class="product"><a href="https://www.amazon.com/dp/B000KOLXKM?tag=eloabder-20&linkCode=osi&th=1&psc=1"><img src="https://m.media-amazon.com/images/I/31AyRPc8dQL._SL500_.jpg" alt="Product Image"></a><p>L'Oreal Paris Skincare Revitalift Anti-Wrinkle and Firming Eye Cream with Pro Retinol, Treatment to Reduce Dark Circles, Fragrance Free, 0.5 oz.</p><p> -31% 0FF </p><p>$13.72 ($27.44 / Ounce)</p><a href="https://www.amazon.com/dp/B000KOLXKM?tag=eloabder-20&linkCode=osi&th=1&psc=1">View Product</a></div><div class="product"><a href="https://www.amazon.com/dp/B008CT12G2?tag=eloabder-20&linkCode=osi&th=1&psc=1"><img src="https://m.media-amazon.com/images/I/418TuUptrmL._SL500_.jpg" alt="Product Image"></a><p>L'Oreal Paris Revitalift Triple Power Anti-Aging Eye Cream Treatment, with Pro Retinol, Hyaluronic Acid & Vitamin C to Reduce Wrinkles, De-puff and Brighten Skin, 0.5 fl. oz.</p><p> -38% 0FF </p><p>$18.03 ($36.06 / Fl Oz)</p><a href="https://www.amazon.com/dp/B008CT12G2?tag=eloabder-20&linkCode=osi&th=1&psc=1">View Product</a></div>


<div class="product"><a href="https://www.amazon.com/dp/B06ZZ3PJQD?tag=eloabder-20&linkCode=osi&th=1&psc=1"><img src="https://m.media-amazon.com/images/I/41iB36grf+L._SL500_.jpg" alt="Product Image"></a><p>Premier Protein Powder, Vanilla Milkshake, 30g Protein, 1g Sugar, 100% Whey Protein, Keto Friendly, No Soy Ingredients, Gluten Free, 17 Servings, 23.3 Ounces</p><p> -5% 0FF </p><p>$22.69 ($0.97 / Ounce)</p><a href="https://www.amazon.com/dp/B06ZZ3PJQD?tag=eloabder-20&linkCode=osi&th=1&psc=1">View Product</a></div><div class="product"><a href="https://www.amazon.com/dp/B00K0FTJ1Q?tag=eloabder-20&linkCode=osi&th=1&psc=1"><img src="https://m.media-amazon.com/images/I/41lj-2jQP7L._SL500_.jpg" alt="Product Image"></a><p>Purely Inspired Plant-Based Protein Powder for Men & Women, Creamy French Vanilla (16 Servings) - Vegan & Organic - 20g of Pea Protein Powder for Smoothies & Shakes - Dairy-Free, & Gluten-Free</p><p> -10% 0FF </p><p>$17.97 ($0.90 / Ounce)</p><a href="https://www.amazon.com/dp/B00K0FTJ1Q?tag=eloabder-20&linkCode=osi&th=1&psc=1">View Product</a></div>

<div class="product"><a href="https://www.amazon.com/dp/B0CV9JW4DS?tag=eloabder-20&linkCode=osi&th=1&psc=1"><img src="https://m.media-amazon.com/images/I/51L8z3xzNsL._SL500_.jpg" alt="Product Image"></a><p>Zoyava Dynamic Vitality Bundle - Sea Moss 7000mg, Black Seed Oil 4000mg, Ashwagandha 2000mg, Ginger & Shilajit 9000mg, Rhodiola Rosea 1000mg, Panax Ginseng 1500mg, All in 1 Supplements (60 Count)</p><p> -26% 0FF </p><p>$41.49 ($0.35 / Count)</p><a href="https://www.amazon.com/dp/B0CV9JW4DS?tag=eloabder-20&linkCode=osi&th=1&psc=1">View Product</a></div><div class="product"><a href="https://www.amazon.com/dp/B0BHFCW4C5?tag=eloabder-20&linkCode=osi&th=1&psc=1"><img src="https://m.media-amazon.com/images/I/41fohn0IzqL._SL500_.jpg" alt="Product Image"></a><p>Clean Nutraceuticals Ceylon Cinnamon 3000mg Turmeric 3000mg Apple Cider Vinegar 3000mg Ginseng 2000mg Berberine 1200mg Plus Bitter Melon Gymnema Milk Thistle Fenugreek</p><p> -25% 0FF </p><p>$29.95 ($0.50 / Count)</p><a href="https://www.amazon.com/dp/B0BHFCW4C5?tag=eloabder-20&linkCode=osi&th=1&psc=1">View Product</a></div><div class="product"><a href="https://www.amazon.com/dp/B079JX3FMC?tag=eloabder-20&linkCode=osi&th=1&psc=1"><img src="https://m.media-amazon.com/images/I/41a2YMmAOdL._SL500_.jpg" alt="Product Image"></a><p>Bronson Milk Thistle Silymarin Marianum & Dandelion Root Liver Health Support, Antioxidant Support, Detox, 120 Capsules</p><p> -33% 0FF </p><p>$9.99 ($0.08 / Count)</p><a href="https://www.amazon.com/dp/B079JX3FMC?tag=eloabder-20&linkCode=osi&th=1&psc=1">View Product</a></div><div class="product"><a href="https://www.amazon.com/dp/B01NCUJPBF?tag=eloabder-20&linkCode=osi&th=1&psc=1"><img src="https://m.media-amazon.com/images/I/418t59tc2oL._SL500_.jpg" alt="Product Image"></a><p>Liver Cleanse Detox & Repair Formula - Herbal Liver Support Supplement with Milk Thistle Turmeric Dandelion Root & Artichoke Extract for Liver Health - Silymarin Milk Thistle Liver Detox Capsules</p><p> -9% 0FF </p><p>$22.77 ($0.33 / Count)</p><a href="https://www.amazon.com/dp/B01NCUJPBF?tag=eloabder-20&linkCode=osi&th=1&psc=1">View Product</a></div><div class="product"><a href="https://www.amazon.com/dp/B09ZBC7DNT?tag=eloabder-20&linkCode=osi&th=1&psc=1"><img src="https://m.media-amazon.com/images/I/51X7ID-lCkL._SL500_.jpg" alt="Product Image"></a><p>10 in 1 High Strength Mushroom Supplement 9,700MG - Lions Mane, Cordyceps, Reishi - Brain Supplements for Memory and Focus ** 5-Month Supply</p><p> -15% 0FF </p><p>$16.99 ($0.11 / Count)</p><a href="https://www.amazon.com/dp/B09ZBC7DNT?tag=eloabder-20&linkCode=osi&th=1&psc=1">View Product</a></div>




<div class="product"><a href="https://www.amazon.com/dp/B09RQBHRCT?tag=eloabder-20&linkCode=osi&th=1&psc=1"><img src="https://m.media-amazon.com/images/I/41Cf0KUSNaL._SL500_.jpg" alt="Product Image"></a><p>Vital Proteins Collagen Peptides Powder, Promotes Hair, Nail, Skin, Bone and Joint Health, Zero Sugar, Unflavored 9.33 OZ</p><p> -21% 0FF </p><p>$21.45 ($2.30 / Ounce)</p><a href="https://www.amazon.com/dp/B09RQBHRCT?tag=eloabder-20&linkCode=osi&th=1&psc=1">View Product</a></div><div class="product"><a href="https://www.amazon.com/dp/B006VAZYNG?tag=eloabder-20&linkCode=osi&th=1&psc=1"><img src="https://m.media-amazon.com/images/I/41Zc2u0aSPL._SL500_.jpg" alt="Product Image"></a><p>Youtheory Advanced Collagen - 6,000 mg Collagen - with Vitamin C - for Hair, Skin & Nails* - Collagen Supplements for Women and Men - 290 Tablets</p><p> -27% 0FF </p><p>$16.71 ($0.06 / Count)</p><a href="https://www.amazon.com/dp/B006VAZYNG?tag=eloabder-20&linkCode=osi&th=1&psc=1">View Product</a></div><div class="product"><a href="https://www.amazon.com/dp/B01LXADO9Z?tag=eloabder-20&linkCode=osi&th=1&psc=1"><img src="https://m.media-amazon.com/images/I/41hb9KFlioL._SL500_.jpg" alt="Product Image"></a><p>Ancient Nutrition Collagen Powder Protein with Probiotics, Unflavored Multi Collagen Protein with Vitamin C, 45 Servings, Hydrolyzed Collagen Peptides Supports Skin and Nails, Gut Health, 16oz</p><p> -32% 0FF </p><p>$36.00 ($2.25 / Ounce)</p><a href="https://www.amazon.com/dp/B01LXADO9Z?tag=eloabder-20&linkCode=osi&th=1&psc=1">View Product</a></div><div class="product"><a href="https://www.amazon.com/dp/B08FNKSPD2?tag=eloabder-20&linkCode=osi&th=1&psc=1"><img src="https://m.media-amazon.com/images/I/41IT1q7jWKL._SL500_.jpg" alt="Product Image"></a><p>Nature Made Collagen Gummies with Vitamin C, Zinc and Biotin, Hydrolyzed Collagen Peptides Supplement for Healthy Skin Support, 60 Gummies, 60 Day Supply</p><p> -31% 0FF </p><p>$10.99 ($0.18 / Count)</p><a href="https://www.amazon.com/dp/B08FNKSPD2?tag=eloabder-20&linkCode=osi&th=1&psc=1">View Product</a></div>
<div class="product"><a href="https://www.amazon.com/dp/B07JMHNP9F?tag=eloabder-20&linkCode=osi&th=1&psc=1"><img src="https://m.media-amazon.com/images/I/51LdUja0NTL._SL500_.jpg" alt="Product Image"></a><p>Prebiotics for Advanced Gut Health - Immune System Support & Dietary Fiber - Fuels Good Bacteria Growth to Promote Digestive Health - Gas & Digestion Support - Probiotics for Men & Women - 60 Capsules</p><p> -29% 0FF </p><p>$19.97 ($0.33 / Count)</p><a href="https://www.amazon.com/dp/B07JMHNP9F?tag=eloabder-20&linkCode=osi&th=1&psc=1">View Product</a></div><div class="product"><a href="https://www.amazon.com/dp/B0BRTJ7BJ1?tag=eloabder-20&linkCode=osi&th=1&psc=1"><img src="https://m.media-amazon.com/images/I/51JFiTJs6ZL._SL500_.jpg" alt="Product Image"></a><p>Physician's CHOICE Prebiotic-Probiotic - Multi-Strain Probiotics & Synergistic Prebiotics -Designed for Digestive Health, Supporting Gut Microbiome - Powerful PrePro for Gut Health - for Women & Men</p><p> -15% 0FF </p><p>$16.97 ($0.57 / Count)</p><a href="https://www.amazon.com/dp/B0BRTJ7BJ1?tag=eloabder-20&linkCode=osi&th=1&psc=1">View Product</a></div><div class="product"><a href="https://www.amazon.com/dp/B07VYMQF6M?tag=eloabder-20&linkCode=osi&th=1&psc=1"><img src="https://m.media-amazon.com/images/I/51Y0hMBp3NL._SL500_.jpg" alt="Product Image"></a><p>Prebiotics and Probiotic with Whole Food Enzymes for Adults Women & Men - Probiotics Lactobacillus Acidophilus - Digestive Health Capsules Shelf Stable Supplement - Non-GMO Gluten & Dairy Free -30ct</p><p> -20% 0FF </p><p>$19.97 ($0.67 / Count)</p><a href="https://www.amazon.com/dp/B07VYMQF6M?tag=eloabder-20&linkCode=osi&th=1&psc=1">View Product</a></div>
<div class="product"><a href="https://www.amazon.com/dp/B00RH5K26I?tag=eloabder-20&linkCode=osi&th=1&psc=1"><img src="https://m.media-amazon.com/images/I/41cP90ySbpL._SL500_.jpg" alt="Product Image"></a><p>Zenwise Health Digestive Enzymes - Probiotic Multi Enzymes with Probiotics and Prebiotics for Digestive Health and Bloating Relief for Women and Men, Daily Enzymes for Gut and Digestion - 180 Count</p><p> -11% 0FF </p><p>$39.97 ($0.22 / Count)</p><a href="https://www.amazon.com/dp/B00RH5K26I?tag=eloabder-20&linkCode=osi&th=1&psc=1">View Product</a></div><div class="product"><a href="https://www.amazon.com/dp/B0009EXOTQ?tag=eloabder-20&linkCode=osi&th=1&psc=1"><img src="https://m.media-amazon.com/images/I/31XrgidcsbL._SL500_.jpg" alt="Product Image"></a><p>Source Naturals Essential Enzymes 500mg Bio-Aligned Multiple Enzyme Supplement Herbal Defense for Digestion, Gas, Constipation & Bloating Relief - Supports Immune System - 240 Capsules</p><p> -9% 0FF </p><p>$19.95 ($0.08 / Count)</p><a href="https://www.amazon.com/dp/B0009EXOTQ?tag=eloabder-20&linkCode=osi&th=1&psc=1">View Product</a></div><div class="product"><a href="https://www.amazon.com/dp/B0012QMAHM?tag=eloabder-20&linkCode=osi&th=1&psc=1"><img src="https://m.media-amazon.com/images/I/41DLWhEdXTL._SL500_.jpg" alt="Product Image"></a><p>Enzymedica Digest Gold + ATPro, Maximum Strength Digestive Enzymes, Helps Digest Large Meals for Instant Bloating Relief, 45 Count</p><p> -18% 0FF </p><p>$24.74 ($0.55 / Count)</p><a href="https://www.amazon.com/dp/B0012QMAHM?tag=eloabder-20&linkCode=osi&th=1&psc=1">View Product</a></div>

<div class="product"><a href="https://www.amazon.com/dp/B0B1VRCJ2Z?tag=eloabder-20&linkCode=osi&th=1&psc=1"><img src="https://m.media-amazon.com/images/I/31rFUBNNRlL._SL500_.jpg" alt="Product Image"></a><p>Health by Habit Energy Supplement (60 Capsules) - Natual Caffeine Blend, Vitamins B & C, Supports Energy Levels, Promotes Mental Alertness and Focus, Vegan, Non-GMO, Sugar Free (1 Pack)</p><p> -12% 0FF </p><p>$7.88 ($0.13 / Count)</p><a href="https://www.amazon.com/dp/B0B1VRCJ2Z?tag=eloabder-20&linkCode=osi&th=1&psc=1">View Product</a></div><div class="product"><a href="https://www.amazon.com/dp/B008PQDCG0?tag=eloabder-20&linkCode=osi&th=1&psc=1"><img src="https://m.media-amazon.com/images/I/51EFLU6zpCL._SL500_.jpg" alt="Product Image"></a><p>Nature Made Super B Energy Complex, Dietary Supplement for Brain Cell Function Support, 60 Softgels, 60 Day Supply</p><p> -35% 0FF </p><p>$9.34 ($0.16 / Count)</p><a href="https://www.amazon.com/dp/B008PQDCG0?tag=eloabder-20&linkCode=osi&th=1&psc=1">View Product</a></div><div class="product"><a href="https://www.amazon.com/dp/B01LXX5Z8Q?tag=eloabder-20&linkCode=osi&th=1&psc=1"><img src="https://m.media-amazon.com/images/I/41SOEB+wJRL._SL500_.jpg" alt="Product Image"></a><p>OLLY Daily Energy Gummy, Caffeine Free, Vitamin B12, CoQ10, Goji Berry, Adult Chewable Supplement, Tropical Flavor - 60 Count</p><p> -8% 0FF </p><p>$12.88 ($0.21 / Count)</p><a href="https://www.amazon.com/dp/B01LXX5Z8Q?tag=eloabder-20&linkCode=osi&th=1&psc=1">View Product</a></div><div class="product"><a href="https://www.amazon.com/dp/B0BV4F17B4?tag=eloabder-20&linkCode=osi&th=1&psc=1"><img src="https://m.media-amazon.com/images/I/41UR52LyNJL._SL500_.jpg" alt="Product Image"></a><p>OLLY Extra Strength Daily Energy Gummy, Caffeine Free, 1000mcg Vitamin B12, CoQ10, Goji Berry, Adult Chewable Supplement, Berry Yuzu Flavor - 60 Count</p><p> -16% 0FF </p><p>$15.88 ($0.26 / Count)</p><a href="https://www.amazon.com/dp/B0BV4F17B4?tag=eloabder-20&linkCode=osi&th=1&psc=1">View Product</a></div><div class="product"><a href="https://www.amazon.com/dp/B013U9NR1G?tag=eloabder-20&linkCode=osi&th=1&psc=1"><img src="https://m.media-amazon.com/images/I/41JPVOnggqL._SL500_.jpg" alt="Product Image"></a><p>GNC Womens Ultra Mega Energy and Metabolism Multivitamin for Women, 90 Count, for Increased Energy, Metablism, and Calorie Burning</p><p> -7% 0FF </p><p>$20.52 ($0.23 / Count)</p><a href="https://www.amazon.com/dp/B013U9NR1G?tag=eloabder-20&linkCode=osi&th=1&psc=1">View Product</a></div><div class="product"><a href="https://www.amazon.com/dp/B00H34BOCE?tag=eloabder-20&linkCode=osi&th=1&psc=1"><img src="https://m.media-amazon.com/images/I/41Ho0oGzx-L._SL500_.jpg" alt="Product Image"></a><p>Nature Made Energy B12 1000 mcg, Dietary Supplement for Energy Metabolism Support, 80 Gummies, 40 Day Supply</p><p> -12% 0FF </p><p>$9.49 ($0.12 / Count)</p><a href="https://www.amazon.com/dp/B00H34BOCE?tag=eloabder-20&linkCode=osi&th=1&psc=1">View Product</a></div><div class="product"><a href="https://www.amazon.com/dp/B003XTV3OC?tag=eloabder-20&linkCode=osi&th=1&psc=1"><img src="https://m.media-amazon.com/images/I/41aGtkADESL._SL500_.jpg" alt="Product Image"></a><p>GNC Mega Men Energy and Metabolism Supplement, 90 Count</p><p> -13% 0FF </p><p>$19.99 ($0.22 / count)</p><a href="https://www.amazon.com/dp/B003XTV3OC?tag=eloabder-20&linkCode=osi&th=1&psc=1">View Product</a></div>
<div class="product"><a href="https://www.amazon.com/dp/B07SSVYMJV?tag=eloabder-20&linkCode=osi&th=1&psc=1"><img src="https://m.media-amazon.com/images/I/41nKoj5uWZL._SL500_.jpg" alt="Product Image"></a><p>Kirkland Signature Triple Action Joint Health, UC•ll Undenatured Type II Collagen, Boron, Hyaluronic Acid,with Boron,110 Coated Tablets(Pack of 2)</p><p> -18% 0FF </p><p>$48.99 ($0.22 / Count)</p><a href="https://www.amazon.com/dp/B07SSVYMJV?tag=eloabder-20&linkCode=osi&th=1&psc=1">View Product</a></div><div class="product"><a href="https://www.amazon.com/dp/B07VLJN7C6?tag=eloabder-20&linkCode=osi&th=1&psc=1"><img src="https://m.media-amazon.com/images/I/41+zx9kRxGL._SL500_.jpg" alt="Product Image"></a><p>Move Free Ultra Triple Action Joint Support Supplement - Type II Collagen Boron & Hyaluronic Acid - Supports Joint Comfort, Cartiliage & Bones in 1 Tiny Pill Per Day, 64 Tablets (64 servings)*</p><p> -32% 0FF </p><p>$20.47 ($0.32 / Count)</p><a href="https://www.amazon.com/dp/B07VLJN7C6?tag=eloabder-20&linkCode=osi&th=1&psc=1">View Product</a></div><div class="product"><a href="https://www.amazon.com/dp/B0CZB1RJ8L?tag=eloabder-20&linkCode=osi&th=1&psc=1"><img src="https://m.media-amazon.com/images/I/516O87kHbuL._SL500_.jpg" alt="Product Image"></a><p>Qunol 5-in-1 Joint Support Supplement, Fast Acting, One Pill Dose, Support Healthy Inflammation Response & Discomfort Caused by Overuse of Joints, Alternative to Glucosamine Chondroitin MSM, 60 Count</p><p> -16% 0FF </p><p>$27.80 ($0.46 / Count)</p><a href="https://www.amazon.com/dp/B0CZB1RJ8L?tag=eloabder-20&linkCode=osi&th=1&psc=1">View Product</a></div><div class="product"><a href="https://www.amazon.com/dp/B0082D9QUW?tag=eloabder-20&linkCode=osi&th=1&psc=1"><img src="https://m.media-amazon.com/images/I/413QAFL8wML._SL500_.jpg" alt="Product Image"></a><p>Osteo Bi-Flex One Per Day, Glucosamine Joint Health Supplement with Vitamin D, Coated Tablets, 60 Count</p><p> -44% 0FF </p><p>$19.57 ($0.33 / Count)</p><a href="https://www.amazon.com/dp/B0082D9QUW?tag=eloabder-20&linkCode=osi&th=1&psc=1">View Product</a></div><div class="product"><a href="https://www.amazon.com/dp/B001W2MBSE?tag=eloabder-20&linkCode=osi&th=1&psc=1"><img src="https://m.media-amazon.com/images/I/4144YmkKbfL._SL500_.jpg" alt="Product Image"></a><p>Move Free Advanced Glucosamine Chondroitin MSM Joint Support Supplement, Supports Mobility Comfort Strength Flexibility & Bone - 120 Tablets (40 servings)*</p><p> -35% 0FF </p><p>$19.49 ($0.16 / Count)</p><a href="https://www.amazon.com/dp/B001W2MBSE?tag=eloabder-20&linkCode=osi&th=1&psc=1">View Product</a></div>
<div class="product"><a href="https://www.amazon.com/dp/B08ML6GMY4?tag=eloabder-20&linkCode=osi&th=1&psc=1"><img src="https://m.media-amazon.com/images/I/415l9I+T6aL._SL500_.jpg" alt="Product Image"></a><p>Snap Supplements Heart Health Supplements and Blood Circulation Supplements, 90 Capsules</p><p> -18% 0FF </p><p>$32.95 ($0.37 / Count)</p><a href="https://www.amazon.com/dp/B08ML6GMY4?tag=eloabder-20&linkCode=osi&th=1&psc=1">View Product</a></div><div class="product"><a href="https://www.amazon.com/dp/B00014JOWU?tag=eloabder-20&linkCode=osi&th=1&psc=1"><img src="https://m.media-amazon.com/images/I/41L4KTA5YkL._SL500_.jpg" alt="Product Image"></a><p>Century Systems - Heart Miracle, Nutritional Supplement for Blood Pressure, Cholesterol, and Cardiovascular Support, 32 Ounce Liquid, 16-32 Servings</p><p> -16% 0FF </p><p>$27.74 ($0.87 / Fl Oz)</p><a href="https://www.amazon.com/dp/B00014JOWU?tag=eloabder-20&linkCode=osi&th=1&psc=1">View Product</a></div><div class="product"><a href="https://www.amazon.com/dp/B095WNBLMN?tag=eloabder-20&linkCode=osi&th=1&psc=1"><img src="https://m.media-amazon.com/images/I/41G4HHN2YJL._SL500_.jpg" alt="Product Image"></a><p>Force Factor Total Beets Soft Chews with Beetroot, Nitrates, L-Citrulline, Grapeseed Extract, and Antioxidants, Healthy Energy Supplement with Elite Ingredients, Heart Health Superfood, 60 Chews</p><p> -21% 0FF </p><p>$14.98 ($0.25 / Count)</p><a href="https://www.amazon.com/dp/B095WNBLMN?tag=eloabder-20&linkCode=osi&th=1&psc=1">View Product</a></div>
<div class="product"><a href="https://www.amazon.com/dp/B01MZ6YI2A?tag=eloabder-20&linkCode=osi&th=1&psc=1"><img src="https://m.media-amazon.com/images/I/51cTsNDt7bL._SL500_.jpg" alt="Product Image"></a><p>New Chapter Calcium Supplement - Bone Strength Organic Calcium with Magnesium, Vitamin D3+K2, 70+ Trace Minerals for Bone Health, Gluten Free, Easy to Swallow - 120 Slim Tablets</p><p> -12% 0FF </p><p>$32.56 ($0.27 / Count)</p><a href="https://www.amazon.com/dp/B01MZ6YI2A?tag=eloabder-20&linkCode=osi&th=1&psc=1">View Product</a></div>
<div class="product"><a href="https://www.amazon.com/dp/B072F8HRM1?tag=eloabder-20&linkCode=osi&th=1&psc=1"><img src="https://m.media-amazon.com/images/I/51KS6y-EH7L._SL500_.jpg" alt="Product Image"></a><p>AZO Bladder Control with Go-Less® & Weight Management Dietary Supplement | Helps Reduce Occasional Urgency* | Promotes Healthy Metabolism* | Supports a Good Night’s Sleep* | 48 Capsules</p><p> -8% 0FF </p><p>$20.21 ($0.42 / Count)</p><a href="https://www.amazon.com/dp/B072F8HRM1?tag=eloabder-20&linkCode=osi&th=1&psc=1">View Product</a></div><div class="product"><a href="https://www.amazon.com/dp/B0BWZQLQLP?tag=eloabder-20&linkCode=osi&th=1&psc=1"><img src="https://m.media-amazon.com/images/I/41iuD-eU7lL._SL500_.jpg" alt="Product Image"></a><p>Nature’s Bounty Metabolism Booster Supplement, Boosts Fat Metabolism, Promotes Abdominal Fat Loss, with Citrus Extracts and Black Ginger, 60 Capsules</p><p> -6% 0FF </p><p>$19.06 ($0.32 / Count)</p><a href="https://www.amazon.com/dp/B0BWZQLQLP?tag=eloabder-20&linkCode=osi&th=1&psc=1">View Product</a></div>

<div class="product"><a href="https://www.amazon.com/dp/B08DP57QF5?tag=eloabder-20&linkCode=osi&th=1&psc=1"><img src="https://m.media-amazon.com/images/I/41fG9e3QHeL._SL500_.jpg" alt="Product Image"></a><p>Inno Cleanse - Waist Trimming Complex | Digestive System Support & Aid | Reduced Bloating | Improves Energy Levels | Gluten Free, Vegan Friendly</p><p> -12% 0FF </p><p>$43.99 ($0.73 / Count)</p><a href="https://www.amazon.com/dp/B08DP57QF5?tag=eloabder-20&linkCode=osi&th=1&psc=1">View Product</a></div><div class="product"><a href="https://www.amazon.com/dp/B0015R3L5S?tag=eloabder-20&linkCode=osi&th=1&psc=1"><img src="https://m.media-amazon.com/images/I/51LB3xPDZ+L._SL500_.jpg" alt="Product Image"></a><p>Renew Life Detox Cleanse More, Reduces Bloating and Restores Regularity, Overnight Constipation Relief, Soy, Dairy and gluten-free, 100 Capsules</p><p> -29% 0FF </p><p>$21.23 ($0.21 / Count)</p><a href="https://www.amazon.com/dp/B0015R3L5S?tag=eloabder-20&linkCode=osi&th=1&psc=1">View Product</a></div>

<div class="product"><a href="https://www.amazon.com/dp/B0C6MZV9NT?tag=eloabder-20&linkCode=osi&th=1&psc=1"><img src="https://m.media-amazon.com/images/I/41e-mNhP2zL._SL500_.jpg" alt="Product Image"></a><p>Nature's Bounty Stress Relief, Ashwagandha KSM-66, Supports Occasional Stress Relief, Dietary Supplement, Tablets, 90 Ct</p><p> -34% 0FF </p><p>$13.70 ($0.15 / Count)</p><a href="https://www.amazon.com/dp/B0C6MZV9NT?tag=eloabder-20&linkCode=osi&th=1&psc=1">View Product</a></div><div class="product"><a href="https://www.amazon.com/dp/B08VYWSVVF?tag=eloabder-20&linkCode=osi&th=1&psc=1"><img src="https://m.media-amazon.com/images/I/41Ho+8wPa0L._SL500_.jpg" alt="Product Image"></a><p>Boiron StressCalm for Relief of Stress, Anxiousness, Nervousness, Irritability, and Fatigue - 60 Count</p><p> -29% 0FF </p><p>$8.49 ($0.14 / Count)</p><a href="https://www.amazon.com/dp/B08VYWSVVF?tag=eloabder-20&linkCode=osi&th=1&psc=1">View Product</a></div><div class="product"><a href="https://www.amazon.com/dp/B09SR84773?tag=eloabder-20&linkCode=osi&th=1&psc=1"><img src="https://m.media-amazon.com/images/I/41ZCNv-yCrL._SL500_.jpg" alt="Product Image"></a><p>Nature Made Wellblends Stress Relief Gummies, L theanine 200mg to Help Reduce Stress, with GABA 100mg, Same Day Stress Support, 40 Strawberry Flavor Gummies</p><p> -16% 0FF </p><p>$13.41 ($0.34 / Count)</p><a href="https://www.amazon.com/dp/B09SR84773?tag=eloabder-20&linkCode=osi&th=1&psc=1">View Product</a></div><div class="product"><a href="https://www.amazon.com/dp/B07JDWTDPB?tag=eloabder-20&linkCode=osi&th=1&psc=1"><img src="https://m.media-amazon.com/images/I/41Suhu46BgL._SL500_.jpg" alt="Product Image"></a><p>UpNature Calm Essential Oil Roll On Blend - Self Care Stocking Stuffers for Women - 100% Natural Relaxation Aromatherapy Oil</p><p> -40% 0FF </p><p>$8.98 ($27.21 / Fl Oz)</p><a href="https://www.amazon.com/dp/B07JDWTDPB?tag=eloabder-20&linkCode=osi&th=1&psc=1">View Product</a></div><div class="product"><a href="https://www.amazon.com/dp/B000OC1ETU?tag=eloabder-20&linkCode=osi&th=1&psc=1"><img src="https://m.media-amazon.com/images/I/51tdD9F9O4L._SL500_.jpg" alt="Product Image"></a><p>Bach RESCUE PASTILLES, Orange and Elderflower Flavor, Natural Stress Relief Lozenges, Homeopathic Flower Essence, Vegetarian, Gluten & Sugar-Free, Holiday Stocking Stuffer, 35 Count</p><p> -16% 0FF </p><p>$8.75 ($0.25 / Count)</p><a href="https://www.amazon.com/dp/B000OC1ETU?tag=eloabder-20&linkCode=osi&th=1&psc=1">View Product</a></div><div class="product"><a href="https://www.amazon.com/dp/B00D1441JS?tag=eloabder-20&linkCode=osi&th=1&psc=1"><img src="https://m.media-amazon.com/images/I/31nAummfSJL._SL500_.jpg" alt="Product Image"></a><p>Bath & Body Works Aromatherapy Stress Relief - Eucalyptus-Spearmint Unisex Body Lotion 6.5 oz</p><p> -10% 0FF </p><p>$14.35 ($2.21 / Fl Oz)</p><a href="https://www.amazon.com/dp/B00D1441JS?tag=eloabder-20&linkCode=osi&th=1&psc=1">View Product</a></div><div class="product"><a href="https://www.amazon.com/dp/B0B9DQQKLG?tag=eloabder-20&linkCode=osi&th=1&psc=1"><img src="https://m.media-amazon.com/images/I/515W1OUmOqL._SL500_.jpg" alt="Product Image"></a><p>Boiron StressCalm On The Go for Relief of Stress, Anxiousness, Nervousness, Irritability, and Fatigue, 80 Count (Pack of 2)</p><p> -32% 0FF </p><p>$9.34 ($0.06 / Count)</p><a href="https://www.amazon.com/dp/B0B9DQQKLG?tag=eloabder-20&linkCode=osi&th=1&psc=1">View Product</a></div>
<div class="product"><a href="https://www.amazon.com/dp/B07PBZRDJN?tag=eloabder-20&linkCode=osi&th=1&psc=1"><img src="https://m.media-amazon.com/images/I/51mpObXjYwL._SL500_.jpg" alt="Product Image"></a><p>NEURIVA Plus Brain Supplement for Memory and Focus Clinically Tested Nootropics for Concentration for Mental Clarity, Cognitive Enhancement Vitamins B6, B12, Phosphatidylserine 30 Capsules</p><p> -20% 0FF </p><p>$35.93 ($1.20 / Count)</p><a href="https://www.amazon.com/dp/B07PBZRDJN?tag=eloabder-20&linkCode=osi&th=1&psc=1">View Product</a></div><div class="product"><a href="https://www.amazon.com/dp/B078SJ9F5S?tag=eloabder-20&linkCode=osi&th=1&psc=1"><img src="https://m.media-amazon.com/images/I/41kM5+mO9kL._SL500_.jpg" alt="Product Image"></a><p>Genius Mushroom Supplement - Lions Mane, Cordyceps, Reishi - Brain Nootropic for Energy, Focus, Overall Wellness, & Immune Support, - 90 Veggie Pills</p><p> -9% 0FF </p><p>$21.95 ($0.24 / Count)</p><a href="https://www.amazon.com/dp/B078SJ9F5S?tag=eloabder-20&linkCode=osi&th=1&psc=1">View Product</a></div><div class="product"><a href="https://www.amazon.com/dp/B07H8N5VF6?tag=eloabder-20&linkCode=osi&th=1&psc=1"><img src="https://m.media-amazon.com/images/I/41BPGrNSadL._SL500_.jpg" alt="Product Image"></a><p>OLLY Laser Focus Gummy, Ginseng, Alpha GPC, B Vitamins, Berry Tangerine Flavor - 36 Count</p><p> -8% 0FF </p><p>$12.88 ($0.36 / Count)</p><a href="https://www.amazon.com/dp/B07H8N5VF6?tag=eloabder-20&linkCode=osi&th=1&psc=1">View Product</a></div><div class="product"><a href="https://www.amazon.com/dp/B0BXTN1V7F?tag=eloabder-20&linkCode=osi&th=1&psc=1"><img src="https://m.media-amazon.com/images/I/513JW5FoUhL._SL500_.jpg" alt="Product Image"></a><p>NEURIVA Ultra Decaffeinated Clinically Tested Nootropic Brain Supplement for Mental Alertness, Memory, Focus & Concentration, Cognivive, Neurofactor, Phosphatidylserine, Vitamins B6 B12, 60 Capsules</p><p> -17% 0FF </p><p>$49.99 ($0.83 / Count)</p><a href="https://www.amazon.com/dp/B0BXTN1V7F?tag=eloabder-20&linkCode=osi&th=1&psc=1">View Product</a></div>
<div class="product"><a href="https://www.amazon.com/dp/B09X2CG92L?tag=eloabder-20&linkCode=osi&th=1&psc=1"><img src="https://m.media-amazon.com/images/I/41ebxpgEyDL._SL500_.jpg" alt="Product Image"></a><p>21,800mg Testosterone Booster for Men 8X Strength w. Ashwagandha, Tongkat Ali, Pycnogenol, Tribulus - Total T Male Enhancing Test Libido Booster + Muscle Builder Growth Testosterone Supplement for Men</p><p> -14% 0FF </p><p>$29.95 ($0.33 / Count)</p><a href="https://www.amazon.com/dp/B09X2CG92L?tag=eloabder-20&linkCode=osi&th=1&psc=1">View Product</a></div><div class="product"><a href="https://www.amazon.com/dp/B01FKP3Q7S?tag=eloabder-20&linkCode=osi&th=1&psc=1"><img src="https://m.media-amazon.com/images/I/413pONqgwjL._SL500_.jpg" alt="Product Image"></a><p>OLLY Men's Multivitamin Gummy, Vitamins A, C, D, E, B, Zinc, Blackberry Flavor, 45 Day Supply - 90 Count</p><p> -8% 0FF </p><p>$12.88 ($0.14 / Count)</p><a href="https://www.amazon.com/dp/B01FKP3Q7S?tag=eloabder-20&linkCode=osi&th=1&psc=1">View Product</a></div><div class="product"><a href="https://www.amazon.com/dp/B01KE592JU?tag=eloabder-20&linkCode=osi&th=1&psc=1"><img src="https://m.media-amazon.com/images/I/41H9Ng4ybQL._SL500_.jpg" alt="Product Image"></a><p>Multivitamin for Men - Daily Mens Multivitamins & Multiminerals Supplement for Energy, Focus and Performance. Mens Vitamins A, C, D, E & B12, Zinc, Calcium, Magnesium & More. Multi Vitamin Capsules</p><p> -12% 0FF </p><p>$22.97 ($0.38 / Count)</p><a href="https://www.amazon.com/dp/B01KE592JU?tag=eloabder-20&linkCode=osi&th=1&psc=1">View Product</a></div>
<div class="product"><a href="https://www.amazon.com/dp/B014G4AY1A?tag=eloabder-20&linkCode=osi&th=1&psc=1"><img src="https://m.media-amazon.com/images/I/41Sw6ljhdlL._SL500_.jpg" alt="Product Image"></a><p>OLLY Women's Multivitamin Gummy, Vitamins A, D, C, E, Biotin, Folic Acid, Adult Chewable Vitamin, Berry Flavor, 45 Day Supply - 90 Count (Packaging May Vary)</p><p> -16% 0FF </p><p>$11.78 ($0.13 / Count)</p><a href="https://www.amazon.com/dp/B014G4AY1A?tag=eloabder-20&linkCode=osi&th=1&psc=1">View Product</a></div><div class="product"><a href="https://www.amazon.com/dp/B0BL1MXV78?tag=eloabder-20&linkCode=osi&th=1&psc=1"><img src="https://m.media-amazon.com/images/I/31djY+cfT5L._SL500_.jpg" alt="Product Image"></a><p>Health by Habit Libido Blend (60 Capsules) - Natural Aphrodisiac Blend with Maca, Ashwagandha, Vegan, Non-GMO, Sugar-Free (1 Pack)</p><p> -12% 0FF </p><p>$7.88 ($0.13 / Count)</p><a href="https://www.amazon.com/dp/B0BL1MXV78?tag=eloabder-20&linkCode=osi&th=1&psc=1">View Product</a></div><div class="product"><a href="https://www.amazon.com/dp/B00HSMS5OQ?tag=eloabder-20&linkCode=osi&th=1&psc=1"><img src="https://m.media-amazon.com/images/I/41YPUfP+S+L._SL500_.jpg" alt="Product Image"></a><p>vH essentials Probiotics with Prebiotics and Cranberry Feminine Health Supplement - 60 Capsules</p><p> -7% 0FF </p><p>$8.37 ($0.14 / Count)</p><a href="https://www.amazon.com/dp/B00HSMS5OQ?tag=eloabder-20&linkCode=osi&th=1&psc=1">View Product</a></div><div class="product"><a href="https://www.amazon.com/dp/B092CS29NR?tag=eloabder-20&linkCode=osi&th=1&psc=1"><img src="https://m.media-amazon.com/images/I/41DhZ7w-PGL._SL500_.jpg" alt="Product Image"></a><p>OLLY Happy Hoo-Ha Capsules, Probiotic for Women, Vaginal Health and pH Balance, 10 Billion CFU, Gluten Free - 25 Count</p><p> -16% 0FF </p><p>$16.88 ($0.68 / Count)</p><a href="https://www.amazon.com/dp/B092CS29NR?tag=eloabder-20&linkCode=osi&th=1&psc=1">View Product</a></div><div class="product"><a href="https://www.amazon.com/dp/B004RR1FF6?tag=eloabder-20&linkCode=osi&th=1&psc=1"><img src="https://m.media-amazon.com/images/I/41ql+ZTTDSL._SL500_.jpg" alt="Product Image"></a><p>AZO Cranberry Supplement, Made with Concentrated Whole Fruit Cranberry Powder to Help Cleanse and Protect the Urinary Tract*, Sugar Free Cranberry Pills, Non-GMO, 100 Softgels</p><p> -12% 0FF </p><p>$12.07 ($0.12 / Count)</p><a href="https://www.amazon.com/dp/B004RR1FF6?tag=eloabder-20&linkCode=osi&th=1&psc=1">View Product</a></div><div class="product"><a href="https://www.amazon.com/dp/B095C7H62X?tag=eloabder-20&linkCode=osi&th=1&psc=1"><img src="https://m.media-amazon.com/images/I/31+ycRW6KhL._SL500_.jpg" alt="Product Image"></a><p>Sleep Mask for Side Sleeper, Upgraded 3D Contoured Cup Eye mask Blindfold for Man Women, Block Out Light, Eye mask with Adjustable Strap, Breathable & Soft for Sleeping, Yoga, Traveling (Black)</p><p> -17% 0FF </p><p>$9.97 ($9.97 / Count)</p><a href="https://www.amazon.com/dp/B095C7H62X?tag=eloabder-20&linkCode=osi&th=1&psc=1">View Product</a></div><div class="product"><a href="https://www.amazon.com/dp/B0CJX1HK52?tag=eloabder-20&linkCode=osi&th=1&psc=1"><img src="https://m.media-amazon.com/images/I/41WD9vo6cnL._SL500_.jpg" alt="Product Image"></a><p>Bloom Nutrition Superfood Greens Powder, Digestive Enzymes with Probiotics and Prebiotics, Gut Health, Bloating Relief for Women, Chlorella, Juice Mix w/Beet Root Powder, 30 SVG, Orange Passionfruit</p><p> -13% 0FF </p><p>$34.99 ($4.73 / Ounce)</p><a href="https://www.amazon.com/dp/B0CJX1HK52?tag=eloabder-20&linkCode=osi&th=1&psc=1">View Product</a></div>
<div class="product"><a href="https://www.amazon.com/dp/B0CWS5QP8F?tag=eloabder-20&linkCode=osi&th=1&psc=1"><img src="https://m.media-amazon.com/images/I/51qHqbsqtaL._SL500_.jpg" alt="Product Image"></a><p>MaryRuth's Liquid Multivitamin + Lustriva® Hair Growth | Biotin 10000mcg | Vitamin D | B Vitamins | Clinically Tested for Thicker Hair, Wrinkles, Fine Lines, Skin Care | Ages 18+ | 15 Fl Oz</p><p> -11% 0FF </p><p>$39.95 ($2.62 / Fl Oz)</p><a href="https://www.amazon.com/dp/B0CWS5QP8F?tag=eloabder-20&linkCode=osi&th=1&psc=1">View Product</a></div><div class="product"><a href="https://www.amazon.com/dp/B0CHWYVRVS?tag=eloabder-20&linkCode=osi&th=1&psc=1"><img src="https://m.media-amazon.com/images/I/41fn5OHX3xL._SL500_.jpg" alt="Product Image"></a><p>Nature's Bounty Hair Growth Supplement, 1 Per Day, Clinically Shown to Support Thicker, Fuller Hair, with Biotin, Silicon & Arginine, 90 Capsules</p><p> -20% 0FF </p><p>$48.29 ($0.54 / Count)</p><a href="https://www.amazon.com/dp/B0CHWYVRVS?tag=eloabder-20&linkCode=osi&th=1&psc=1">View Product</a></div><div class="product"><a href="https://www.amazon.com/dp/B0072F8D7S?tag=eloabder-20&linkCode=osi&th=1&psc=1"><img src="https://m.media-amazon.com/images/I/41j4CBYG0SL._SL500_.jpg" alt="Product Image"></a><p>Nature's Bounty Advanced Hair, Skin & Nails, Argan-Infused Vitamin Supplement with Biotin and Hyaluronic Acid, 150 Rapid Release Softgels</p><p> -47% 0FF </p><p>$10.99 ($0.07 / Count)</p><a href="https://www.amazon.com/dp/B0072F8D7S?tag=eloabder-20&linkCode=osi&th=1&psc=1">View Product</a></div><div class="product"><a href="https://www.amazon.com/dp/B0734849YK?tag=eloabder-20&linkCode=osi&th=1&psc=1"><img src="https://m.media-amazon.com/images/I/412jG+0dK1L._SL500_.jpg" alt="Product Image"></a><p>Handcraft Blends Organic Castor Oil - 16 Fl Oz - 100% Pure and Natural - Premium Grade Oil for Hair Growth, Eyelashes and Eyebrows - Carrier Oil - Hair and Body Oil - Expeller-Pressed and Hexane-Free</p><p> -55% 0FF </p><p>$9.98 ($0.62 / Fl Oz)</p><a href="https://www.amazon.com/dp/B0734849YK?tag=eloabder-20&linkCode=osi&th=1&psc=1">View Product</a></div>
<div class="product"><a href="https://www.amazon.com/dp/B01F7W03PM?tag=eloabder-20&linkCode=osi&th=1&psc=1"><img src="https://m.media-amazon.com/images/I/41bu2ppNdZL._SL500_.jpg" alt="Product Image"></a><p>OLLY Glowing Skin Gummy, 25 Day Supply (50 Count), Plump Berry, Hyaluronic Acid, Collagen, Sea Buckthorn, Chewable Supplement (Packaging May Vary)</p><p> -14% 0FF </p><p>$12.88 ($0.26 / Count)</p><a href="https://www.amazon.com/dp/B01F7W03PM?tag=eloabder-20&linkCode=osi&th=1&psc=1">View Product</a></div><div class="product"><a href="https://www.amazon.com/dp/B06ZZ5MGYH?tag=eloabder-20&linkCode=osi&th=1&psc=1"><img src="https://m.media-amazon.com/images/I/41ghRQjvjkL._SL500_.jpg" alt="Product Image"></a><p>OLLY Flawless Complexion Gummy, Clear and Healthy Skin Support, Vitamins E, A, Zinc, Chewable Supplement, Berry - 50 Count (Pack of 1)</p><p> -19% 0FF </p><p>$12.88 ($0.26 / Count)</p><a href="https://www.amazon.com/dp/B06ZZ5MGYH?tag=eloabder-20&linkCode=osi&th=1&psc=1">View Product</a></div><div class="product"><a href="https://www.amazon.com/dp/B07SRVJBSJ?tag=eloabder-20&linkCode=osi&th=1&psc=1"><img src="https://m.media-amazon.com/images/I/415Fg7XSFDL._SL500_.jpg" alt="Product Image"></a><p>Horbäach Hair Skin and Nails Vitamins | 300 Softgels | with Biotin and Collagen | Infused with Argan Oil and Coconut Oil | Non-GMO, Gluten Free Supplement</p><p> -15% 0FF </p><p>$16.99 ($0.06 / Count)</p><a href="https://www.amazon.com/dp/B07SRVJBSJ?tag=eloabder-20&linkCode=osi&th=1&psc=1">View Product</a></div><div class="product"><a href="https://www.amazon.com/dp/B00EEOGIWC?tag=eloabder-20&linkCode=osi&th=1&psc=1"><img src="https://m.media-amazon.com/images/I/41i4AQg9z2L._SL500_.jpg" alt="Product Image"></a><p>Phytoceramides 350mg per softgel - Plant Derived Ceramides for Healthy Skin and Hydration - Non GMO with No Fillers or Synthetic Vitamins - 30 Liquid softgels</p><p> -9% 0FF </p><p>$19.95 ($0.66 / Count)</p><a href="https://www.amazon.com/dp/B00EEOGIWC?tag=eloabder-20&linkCode=osi&th=1&psc=1">View Product</a></div><div class="product"><a href="https://www.amazon.com/dp/B00XUS947O?tag=eloabder-20&linkCode=osi&th=1&psc=1"><img src="https://m.media-amazon.com/images/I/41S8A0LFuXL._SL500_.jpg" alt="Product Image"></a><p>HUM Daily Cleanse Acne Supplements - Support for Clear Skin & Improved Digestion with Chlorella, Spirulina, Organic Algae, Detoxifying Herbs, Vitamins & Minerals - Skin Support for Women and Men</p><p> -19% 0FF </p><p>$21.00 ($0.35 / Count)</p><a href="https://www.amazon.com/dp/B00XUS947O?tag=eloabder-20&linkCode=osi&th=1&psc=1">View Product</a></div>
<div class="product"><a href="https://www.amazon.com/dp/B00F644LTQ?tag=eloabder-20&linkCode=osi&th=1&psc=1"><img src="https://m.media-amazon.com/images/I/31+v2SZDagL._SL500_.jpg" alt="Product Image"></a><p>Cuccio Naturale Revitalizing- Hydrating Oil For Repaired Cuticles Overnight - Remedy For Damaged Skin And Thin Nails - Paraben /Cruelty-Free Formula - Milk And Honey - 2.5 Oz</p><p> -33% 0FF </p><p>$9.45 ($3.78 / Fl Oz)</p><a href="https://www.amazon.com/dp/B00F644LTQ?tag=eloabder-20&linkCode=osi&th=1&psc=1">View Product</a></div><div class="product"><a href="https://www.amazon.com/dp/B07BHV28DR?tag=eloabder-20&linkCode=osi&th=1&psc=1"><img src="https://m.media-amazon.com/images/I/41vxQoXgD7L._SL500_.jpg" alt="Product Image"></a><p>Nature's Bounty Optimal Solutions Hair, Skin & Nails with Biotin and Collagen, Citrus-Flavored Gummies Vitamin Supplement, 2500 mcg, 80 Ct</p><p> -30% 0FF </p><p>$7.00 ($0.09 / Count)</p><a href="https://www.amazon.com/dp/B07BHV28DR?tag=eloabder-20&linkCode=osi&th=1&psc=1">View Product</a></div><div class="product"><a href="https://www.amazon.com/dp/B00006MMU6?tag=eloabder-20&linkCode=osi&th=1&psc=1"><img src="https://m.media-amazon.com/images/I/41ItG2Bl1RL._SL500_.jpg" alt="Product Image"></a><p>NONYX Fungal Nail Clarifying Gel | Rids Nails of Fungus by Removing Keratin Debris Where Nail Fungus Grows | 90% of Toenails Improved Using this Toenail Fungus Treatment | 4 oz</p><p> -20% 0FF </p><p>$19.98 ($5.00 / Fl Oz)</p><a href="https://www.amazon.com/dp/B00006MMU6?tag=eloabder-20&linkCode=osi&th=1&psc=1">View Product</a></div><div class="product"><a href="https://www.amazon.com/dp/B0D354DJQH?tag=eloabder-20&linkCode=osi&th=1&psc=1"><img src="https://m.media-amazon.com/images/I/31Q9PLna2VL._SL500_.jpg" alt="Product Image"></a><p>Habit Hair, Skin & Nails Supplement (60 Capsules) - New Look, Supports Skin Hydration, Hair & Nail Strength, Biotin 2000mcg, Vitamin A & C, Hyaluronic Acid, Rosehip, Vegan, Non-GMO (1 Pack)</p><p> -12% 0FF </p><p>$7.88 ($0.13 / Count)</p><a href="https://www.amazon.com/dp/B0D354DJQH?tag=eloabder-20&linkCode=osi&th=1&psc=1">View Product</a></div><div class="product"><a href="https://www.amazon.com/dp/B000EH0NEC?tag=eloabder-20&linkCode=osi&th=1&psc=1"><img src="https://m.media-amazon.com/images/I/41XaFeLycBL._SL500_.jpg" alt="Product Image"></a><p>Nutra Nail 5 to 7 Day Growth Treatment - Fast Keratin Nail Hardener & Nail Strengthener for Thin Nails, Brittle & Damaged (0.47 Fl Oz)</p><p> -10% 0FF </p><p>$13.50 ($28.72 / Fl Oz)</p><a href="https://www.amazon.com/dp/B000EH0NEC?tag=eloabder-20&linkCode=osi&th=1&psc=1">View Product</a></div><div class="product"><a href="https://www.amazon.com/dp/B007ADOL28?tag=eloabder-20&linkCode=osi&th=1&psc=1"><img src="https://m.media-amazon.com/images/I/419lgrRVW7L._SL500_.jpg" alt="Product Image"></a><p>Kerasal Nail Renewal, Restores Appearance of Discolored or Damaged Nails, 0.33 fl oz (Packaging May Vary)</p><p> -32% 0FF </p><p>$17.00 ($51.52 / Fl Oz)</p><a href="https://www.amazon.com/dp/B007ADOL28?tag=eloabder-20&linkCode=osi&th=1&psc=1">View Product</a></div>
<div class="product"><a href="https://www.amazon.com/dp/B01HFREINK?tag=eloabder-20&linkCode=osi&th=1&psc=1"><img src="https://m.media-amazon.com/images/I/41oabUYNEhL._SL500_.jpg" alt="Product Image"></a><p>Life Extension MacuGuard Ocular Support with Saffron – Eye Health Supplement for Healthy Vision – with lutein, meso-zeaxanthin, zeaxanthin, saffron – Gluten-free, Non-GMO – 60 softgels</p><p> -28% 0FF </p><p>$18.00 ($0.30 / Count)</p><a href="https://www.amazon.com/dp/B01HFREINK?tag=eloabder-20&linkCode=osi&th=1&psc=1">View Product</a></div><div class="product"><a href="https://www.amazon.com/dp/B08XXLT75V?tag=eloabder-20&linkCode=osi&th=1&psc=1"><img src="https://m.media-amazon.com/images/I/411dzwxcNLL._SL500_.jpg" alt="Product Image"></a><p>Nature Made Vision Based on the AREDS 2 Formula, Eye Vitamins with Lutein & Zeaxanthin, Vitamin C, Vitamin E, Zinc and Copper for Healthy Vision and Eye Function Support, 60 Softgels, 30 Day Supply</p><p> -37% 0FF </p><p>$14.32 ($0.24 / Count)</p><a href="https://www.amazon.com/dp/B08XXLT75V?tag=eloabder-20&linkCode=osi&th=1&psc=1">View Product</a></div><div class="product"><a href="https://www.amazon.com/dp/B0C4J8G4SB?tag=eloabder-20&linkCode=osi&th=1&psc=1"><img src="https://m.media-amazon.com/images/I/51VNHCxN5pL._SL500_.jpg" alt="Product Image"></a><p>Eye Health Vitamins with Bilberry 6000mg Lutein & Zeaxanthin 40mg Lycopene 40mg Resveratrol 3000mg Grape Seed Extract 6000mg Omega 3 4000mg Astaxanthin - Eye Vitamin - 60 Capsules</p><p> -25% 0FF </p><p>$29.95 ($0.50 / Count)</p><a href="https://www.amazon.com/dp/B0C4J8G4SB?tag=eloabder-20&linkCode=osi&th=1&psc=1">View Product</a></div><div class="product"><a href="https://www.amazon.com/dp/B0D1YTTB7L?tag=eloabder-20&linkCode=osi&th=1&psc=1"><img src="https://m.media-amazon.com/images/I/51Aqqv8Pw-L._SL500_.jpg" alt="Product Image"></a><p>NEW AGE Eye Health Vitamins with Bilberry 6000mg Lutein & Zeaxanthin 40mg Lycopene 40mg Resveratrol 3000mg Grape Seed Extract 6000mg Astaxanthin - Eye Vitamin -120 Count</p><p> -14% 0FF </p><p>$29.95 ($0.25 / Count)</p><a href="https://www.amazon.com/dp/B0D1YTTB7L?tag=eloabder-20&linkCode=osi&th=1&psc=1">View Product</a></div>


<div class="product"><a href="https://www.amazon.com/dp/B001VG1WOA?tag=eloabder-20&linkCode=osi&th=1&psc=1"><img src="https://m.media-amazon.com/images/I/41o8LwQxzfL._SL500_.jpg" alt="Product Image"></a><p>Neosporin + Maximum-Strength Pain Relief Dual Action Cream, First Aid Topical Antibiotic & Analgesic Cream for Wound Care of Minor Cuts, Scrapes & Burns, Polymyxin B & Pramoxine HCl, 1 oz</p><p> -20% 0FF </p><p>$9.88</p><a href="https://www.amazon.com/dp/B001VG1WOA?tag=eloabder-20&linkCode=osi&th=1&psc=1">View Product</a></div><div class="product"><a href="https://www.amazon.com/dp/B0084GX1JO?tag=eloabder-20&linkCode=osi&th=1&psc=1"><img src="https://m.media-amazon.com/images/I/31BzSButj2S._SL500_.jpg" alt="Product Image"></a><p>First Aid Only FAE-7011 SmartCompliance Refill Burn Cream Packets, 10 Count</p><p> -31% 0FF </p><p>$3.99 ($0.40 / Count)</p><a href="https://www.amazon.com/dp/B0084GX1JO?tag=eloabder-20&linkCode=osi&th=1&psc=1">View Product</a></div>
<div class="product"><a href="https://www.amazon.com/dp/B00EC6DE7Y?tag=eloabder-20&linkCode=osi&th=1&psc=1"><img src="https://m.media-amazon.com/images/I/41BlVTkyTCL._SL500_.jpg" alt="Product Image"></a><p>NeilMed Cleanse Sterile Saline Wound Wash, 6.3 Ounce</p><p> -25% 0FF </p><p>$5.98 ($1.00 / Fl Oz)</p><a href="https://www.amazon.com/dp/B00EC6DE7Y?tag=eloabder-20&linkCode=osi&th=1&psc=1">View Product</a></div><div class="product"><a href="https://www.amazon.com/dp/B00164IIUI?tag=eloabder-20&linkCode=osi&th=1&psc=1"><img src="https://m.media-amazon.com/images/I/51vsE2VasGL._SL500_.jpg" alt="Product Image"></a><p>Neosporin Original Antibiotic Ointment, 24-Hour Infection Prevention for Minor Wound, .5 oz</p><p> -28% 0FF </p><p>$4.88 ($9.76 / Ounce)</p><a href="https://www.amazon.com/dp/B00164IIUI?tag=eloabder-20&linkCode=osi&th=1&psc=1">View Product</a></div><div class="product"><a href="https://www.amazon.com/dp/B007EBRA6A?tag=eloabder-20&linkCode=osi&th=1&psc=1"><img src="https://m.media-amazon.com/images/I/31XNtfz6-lL._SL500_.jpg" alt="Product Image"></a><p>Improved Medihoney Gel Wound and & Burn Dressing from Derma Sciences, 0.5 oz,</p><p> -13% 0FF </p><p>$6.57 ($13.14 / Fl Oz)</p><a href="https://www.amazon.com/dp/B007EBRA6A?tag=eloabder-20&linkCode=osi&th=1&psc=1">View Product</a></div><div class="product"><a href="https://www.amazon.com/dp/B07FYDFGVD?tag=eloabder-20&linkCode=osi&th=1&psc=1"><img src="https://m.media-amazon.com/images/I/515p26GgPxL._SL500_.jpg" alt="Product Image"></a><p>All Health Wound Care Kit, 40 Items | For Small to Medium Sized Wounds</p><p> -23% 0FF </p><p>$7.70</p><a href="https://www.amazon.com/dp/B07FYDFGVD?tag=eloabder-20&linkCode=osi&th=1&psc=1">View Product</a></div>
<div class="product"><a href="https://www.amazon.com/dp/B06Y2FFQB9?tag=eloabder-20&linkCode=osi&th=1&psc=1"><img src="https://m.media-amazon.com/images/I/41j6aDaoGaL._SL500_.jpg" alt="Product Image"></a><p>Zacurate 500BL Fingertip Pulse Oximeter Blood Oxygen Saturation Monitor with Batteries Included (Navy Blue)</p><p> -10% 0FF </p><p>$13.49</p><a href="https://www.amazon.com/dp/B06Y2FFQB9?tag=eloabder-20&linkCode=osi&th=1&psc=1">View Product</a></div><div class="product"><a href="https://www.amazon.com/dp/B00NCRE4GO?tag=eloabder-20&linkCode=osi&th=1&psc=1"><img src="https://m.media-amazon.com/images/I/51bEkjg52fL._SL500_.jpg" alt="Product Image"></a><p>TENS 7000 Digital TENS Unit with Accessories - TENS Unit Muscle Stimulator for Back Pain Relief, Shoulder Pain Relief, Neck Pain, Sciatica Pain Relief, Nerve Pain Relief, Hip Pain Relief</p><p> -5% 0FF </p><p>$36.88</p><a href="https://www.amazon.com/dp/B00NCRE4GO?tag=eloabder-20&linkCode=osi&th=1&psc=1">View Product</a></div><div class="product"><a href="https://www.amazon.com/dp/B0BRXZNP5T?tag=eloabder-20&linkCode=osi&th=1&psc=1"><img src="https://m.media-amazon.com/images/I/41VF+LQDiSL._SL500_.jpg" alt="Product Image"></a><p>Choking Rescue Device for Kids and Adults, Anti Choking Device, Arixmed Portable Choking Rescue Device, First Aid Choking Device (Home Kit)</p><p> -29% 0FF </p><p>$49.94 ($49.94 / Count)</p><a href="https://www.amazon.com/dp/B0BRXZNP5T?tag=eloabder-20&linkCode=osi&th=1&psc=1">View Product</a></div><div class="product"><a href="https://www.amazon.com/dp/B07QXKMSHY?tag=eloabder-20&linkCode=osi&th=1&psc=1"><img src="https://m.media-amazon.com/images/I/31s3lNNT3zL._SL500_.jpg" alt="Product Image"></a><p>OMRON Complete 2-in-1 Upper Arm Blood Pressure Monitor and 1-Lead EKG Monitor, Clinically Validated, Medical Grade, Blood Pressure Machine, with Free Omron Connect app for iOS and Android (BP7900)</p><p> -22% 0FF </p><p>$139.97 ($8.75 / Ounce)</p><a href="https://www.amazon.com/dp/B07QXKMSHY?tag=eloabder-20&linkCode=osi&th=1&psc=1">View Product</a></div><div class="product"><a href="https://www.amazon.com/dp/B001KYVO78?tag=eloabder-20&linkCode=osi&th=1&psc=1"><img src="https://m.media-amazon.com/images/I/41nZ4BuHzrL._SL500_.jpg" alt="Product Image"></a><p>EZY DOSE Pill Cutter and Splitter with Dispenser, Daily Usage, Safely Cut Pills, Vitamins, Tablets, Accurate and Easy Cutting, Stainless Steel Blade, Travel Sized, Colors May Vary, BPA Free</p><p> -50% 0FF </p><p>$2.49</p><a href="https://www.amazon.com/dp/B001KYVO78?tag=eloabder-20&linkCode=osi&th=1&psc=1">View Product</a></div>


<div class="product"><a href="https://www.amazon.com/dp/B08R1GPJ4M?tag=eloabder-20&linkCode=osi&th=1&psc=1"><img src="https://m.media-amazon.com/images/I/41-Q4v8gwFL._SL500_.jpg" alt="Product Image"></a><p>Fingertip Pulse Oximeter Blood Oxygen Monitor Pulse Ox, Heart Rate and Fast Spo2 Reading Oxygen Meter with OLED Screen Included Batteries and Lanyard</p><p> -29% 0FF </p><p>$9.99 ($9.99 / Count)</p><a href="https://www.amazon.com/dp/B08R1GPJ4M?tag=eloabder-20&linkCode=osi&th=1&psc=1">View Product</a></div><div class="product"><a href="https://www.amazon.com/dp/B0BYD34DYV?tag=eloabder-20&linkCode=osi&th=1&psc=1"><img src="https://m.media-amazon.com/images/I/41uvibJiXtL._SL500_.jpg" alt="Product Image"></a><p>Alecaremed Pulse Oximeter, 4 Color OLED Display Oxygen Monitor Fingertip with 20 × Memory, Blood Oxygen Saturation Monitor (SpO2), Alarm & Brightness Adjustable, Batteries & Lanyard (White)</p><p> -13% 0FF </p><p>$20.99</p><a href="https://www.amazon.com/dp/B0BYD34DYV?tag=eloabder-20&linkCode=osi&th=1&psc=1">View Product</a></div><div class="product"><a href="https://www.amazon.com/dp/B09STH23DC?tag=eloabder-20&linkCode=osi&th=1&psc=1"><img src="https://m.media-amazon.com/images/I/417yd2q9HuL._SL500_.jpg" alt="Product Image"></a><p>Pulse Oximeter Fingertip - Oxygen Meter Finger Pulse Oximeter - Blood Oxygen Saturation Monitor with Heart Rate and Fast Spo2 Reading, Pulse Ox with TFT Screen, Lanyard (Not include Batteries)</p><p> -52% 0FF </p><p>$11.99</p><a href="https://www.amazon.com/dp/B09STH23DC?tag=eloabder-20&linkCode=osi&th=1&psc=1">View Product</a></div>
<div class="product"><a href="https://www.amazon.com/dp/B0CHW3DM42?tag=eloabder-20&linkCode=osi&th=1&psc=1"><img src="https://m.media-amazon.com/images/I/31bckkyvfZL._SL500_.jpg" alt="Product Image"></a><p>Kullre Hearing Aids, Hearing Aids for Seniors with Noise Cancelling and Volume Control, Rechargeable Hearing Aids for Hearing Loss with Charging Case</p><p> -17% 0FF </p><p>$49.99 ($25.00 / Count)</p><a href="https://www.amazon.com/dp/B0CHW3DM42?tag=eloabder-20&linkCode=osi&th=1&psc=1">View Product</a></div><div class="product"><a href="https://www.amazon.com/dp/B0D6FT7SVL?tag=eloabder-20&linkCode=osi&th=1&psc=1"><img src="https://m.media-amazon.com/images/I/31QKs+liKVL._SL500_.jpg" alt="Product Image"></a><p>Hearing Aids, Wireless Rechargeable Hearing Amplifier, OTC Hearing Aids with Magnetic Charging Case, 2 Channel Digital in Ear Noise Cancelling Hearing Devices for Seniors</p><p> -15% 0FF </p><p>$76.49</p><a href="https://www.amazon.com/dp/B0D6FT7SVL?tag=eloabder-20&linkCode=osi&th=1&psc=1">View Product</a></div>
<div class="product"><a href="https://www.amazon.com/dp/B00NFJX0PU?tag=eloabder-20&linkCode=osi&th=1&psc=1"><img src="https://m.media-amazon.com/images/I/41WMP8C2G8L._SL500_.jpg" alt="Product Image"></a><p>Drive Medical 10257BL-1 4 Wheel Rollator Walker With Seat, Steel Rolling Walker, Height Adjustable, 7.5" Wheels, Removable Back Support, 300 Pound Weight Capacity, Blue</p><p> -5% 0FF </p><p>$59.99</p><a href="https://www.amazon.com/dp/B00NFJX0PU?tag=eloabder-20&linkCode=osi&th=1&psc=1">View Product</a></div><div class="product"><a href="https://www.amazon.com/dp/B079PG3BR3?tag=eloabder-20&linkCode=osi&th=1&psc=1"><img src="https://m.media-amazon.com/images/I/41To3Az+tZL._SL500_.jpg" alt="Product Image"></a><p>Medline Rollator Walker with Seat, Steel Rolling Walker with 6-inch Wheels Supports up to 350 lbs, Medical Walker, Burgundy</p><p> -7% 0FF </p><p>$60.24</p><a href="https://www.amazon.com/dp/B079PG3BR3?tag=eloabder-20&linkCode=osi&th=1&psc=1">View Product</a></div><div class="product"><a href="https://www.amazon.com/dp/B076CP2DS3?tag=eloabder-20&linkCode=osi&th=1&psc=1"><img src="https://m.media-amazon.com/images/I/41DghyMBtdL._SL500_.jpg" alt="Product Image"></a><p>RMS 35 Inch Long Leg Lifter - Durable & Rigid Hand Strap & Foot Loop - Ideal Mobility Tool for Wheelchair, Hip & Knee Replacement Surgery</p><p> -23% 0FF </p><p>$9.99</p><a href="https://www.amazon.com/dp/B076CP2DS3?tag=eloabder-20&linkCode=osi&th=1&psc=1">View Product</a></div><div class="product"><a href="https://www.amazon.com/dp/B000GUFFN6?tag=eloabder-20&linkCode=osi&th=1&psc=1"><img src="https://m.media-amazon.com/images/I/41rMZsYBOzL._SL500_.jpg" alt="Product Image"></a><p>Stander BedCaddie, Pull Up Assist Bed Ladder with Non-Slip Handles for Adults, Seniors, and Elderly, Adjustable Length Bed Lift, Sit Up Helper Bed Assistance, Mobility Aid for Handicapped and Injured</p><p> -48% 0FF </p><p>$12.99</p><a href="https://www.amazon.com/dp/B000GUFFN6?tag=eloabder-20&linkCode=osi&th=1&psc=1">View Product</a></div><div class="product"><a href="https://www.amazon.com/dp/B00TXSHA1W?tag=eloabder-20&linkCode=osi&th=1&psc=1"><img src="https://m.media-amazon.com/images/I/31fbca3qq6L._SL500_.jpg" alt="Product Image"></a><p>RMS Long Reach Comfort Wipe - Self Assist Toilet Aid, Ideal Daily Living Bathroom Aid for Limited Mobility</p><p> -29% 0FF </p><p>$9.99</p><a href="https://www.amazon.com/dp/B00TXSHA1W?tag=eloabder-20&linkCode=osi&th=1&psc=1">View Product</a></div><div class="product"><a href="https://www.amazon.com/dp/B078RMCFWQ?tag=eloabder-20&linkCode=osi&th=1&psc=1"><img src="https://m.media-amazon.com/images/I/317WhUQcA7L._SL500_.jpg" alt="Product Image"></a><p>Reacher Grabber Tool, 31" Grabbers for Elderly, Lightweight Extra Long Handy Trash Claw Grabber, Mobility Aid Reaching Assist Tool for Trash Pick Up, Nabber, Litter Picker, Arm Extension</p><p> -50% 0FF </p><p>$9.99</p><a href="https://www.amazon.com/dp/B078RMCFWQ?tag=eloabder-20&linkCode=osi&th=1&psc=1">View Product</a></div><div class="product"><a href="https://www.amazon.com/dp/B07SKK3PFN?tag=eloabder-20&linkCode=osi&th=1&psc=1"><img src="https://m.media-amazon.com/images/I/41zIhs+QhdL._SL500_.jpg" alt="Product Image"></a><p>Vive 4 Wheel Mobility Scooter - Electric Powered Wheelchair Device - Compact Heavy Duty Mobile for Travel, Adults, Elderly - Long Range Power Extended Battery with Charger and Basket Included</p><p> -7% 0FF </p><p>$699.99 ($699.99 / Count)</p><a href="https://www.amazon.com/dp/B07SKK3PFN?tag=eloabder-20&linkCode=osi&th=1&psc=1">View Product</a></div>
<div class="product"><a href="https://www.amazon.com/dp/B081VRG3NK?tag=eloabder-20&linkCode=osi&th=1&psc=1"><img src="https://m.media-amazon.com/images/I/51ta38t5qwL._SL500_.jpg" alt="Product Image"></a><p>Chucks Pads Disposable [50-Pack] Underpads 23x36 Incontinence Chux Pads Absorbent Fluff Protective Bed Pads, Pee Pads for Babies, Kids, Adults & Elderly | Puppy Pads Large for Training Leak Proof</p><p> -21% 0FF </p><p>$18.99 ($0.38 / Count)</p><a href="https://www.amazon.com/dp/B081VRG3NK?tag=eloabder-20&linkCode=osi&th=1&psc=1">View Product</a></div><div class="product"><a href="https://www.amazon.com/dp/B09556SRJH?tag=eloabder-20&linkCode=osi&th=1&psc=1"><img src="https://m.media-amazon.com/images/I/51tKUADpLRL._SL500_.jpg" alt="Product Image"></a><p>Depend Fresh Protection Adult Incontinence & Postpartum Bladder Leak Underwear for Women, Disposable, Maximum, Large, Blush, 72 Count (2 Packs of 36), Packaging May Vary</p><p> -6% 0FF </p><p>$52.88 ($0.73 / Count)</p><a href="https://www.amazon.com/dp/B09556SRJH?tag=eloabder-20&linkCode=osi&th=1&psc=1">View Product</a></div><div class="product"><a href="https://www.amazon.com/dp/B08PC8JT3J?tag=eloabder-20&linkCode=osi&th=1&psc=1"><img src="https://m.media-amazon.com/images/I/51idsshbHDL._SL500_.jpg" alt="Product Image"></a><p>Inspire Adult Wet Wipes Adult Wash Cloths, Adult Wipes for Incontinence & Cleansing, 8"x12" 600 Count 12 packs of 50</p><p> -36% 0FF </p><p>$35.99 ($0.06 / Count)</p><a href="https://www.amazon.com/dp/B08PC8JT3J?tag=eloabder-20&linkCode=osi&th=1&psc=1">View Product</a></div><div class="product"><a href="https://www.amazon.com/dp/B07VT713MY?tag=eloabder-20&linkCode=osi&th=1&psc=1"><img src="https://m.media-amazon.com/images/I/41cG03xuMgL._SL500_.jpg" alt="Product Image"></a><p>Inspire Waterproof Mattress Protector, Dark Colored to Hide Stains, Extra Large 34 x 54 – Quilted, Bed Pad for Incontinence Washable, for Adults and Kids Reusable Underpad | Waterproof Mattress Pad</p><p> -26% 0FF </p><p>$19.99</p><a href="https://www.amazon.com/dp/B07VT713MY?tag=eloabder-20&linkCode=osi&th=1&psc=1">View Product</a></div><div class="product"><a href="https://www.amazon.com/dp/B092NVZ5K2?tag=eloabder-20&linkCode=osi&th=1&psc=1"><img src="https://m.media-amazon.com/images/I/51dcbsofIHS._SL500_.jpg" alt="Product Image"></a><p>Inspire Extra Large Super Absorbent Disposable Bed Pads for Incontinence (36" X 36" Pack of 50) Ultra Thick and Absorbent Incontinence Bed Pads Disposable Adult | Puppy Pads | Pee Pads for Adults</p><p> -6% 0FF </p><p>$49.96 ($1.00 / Count)</p><a href="https://www.amazon.com/dp/B092NVZ5K2?tag=eloabder-20&linkCode=osi&th=1&psc=1">View Product</a></div>


<div class="product"><a href="https://www.amazon.com/dp/B0D6VY9HVX?tag=eloabder-20&linkCode=osi&th=1&psc=1"><img src="https://m.media-amazon.com/images/I/41panzRUB5L._SL500_.jpg" alt="Product Image"></a><p>Ear Wax Removal - Electric Ear Cleaner - Ear Irrigation Kit Safe Ear Irrigation Flushing System with 4 Pressure Settings - Effective Ear Wax Removal Tool for Earwax Buildup (Dark Blue)</p><p> -20% 0FF </p><p>$39.99</p><a href="https://www.amazon.com/dp/B0D6VY9HVX?tag=eloabder-20&linkCode=osi&th=1&psc=1">View Product</a></div>
<div class="product"><a href="https://www.amazon.com/dp/B002QO00YO?tag=eloabder-20&linkCode=osi&th=1&psc=1"><img src="https://m.media-amazon.com/images/I/41SQ-7dbsHL._SL500_.jpg" alt="Product Image"></a><p>Nature Made Vitamin D3 2000 IU (50 mcg), Dietary Supplement for Bone, Teeth, Muscle and Immune Health Support, 90 Softgels, 90 Day Supply</p><p> -43% 0FF </p><p>$6.28 ($0.07 / Count)</p><a href="https://www.amazon.com/dp/B002QO00YO?tag=eloabder-20&linkCode=osi&th=1&psc=1">View Product</a></div><div class="product"><a href="https://www.amazon.com/dp/B0000DJASY?tag=eloabder-20&linkCode=osi&th=1&psc=1"><img src="https://m.media-amazon.com/images/I/41PwuIsYASL._SL500_.jpg" alt="Product Image"></a><p>Nature Made Extra Strength Vitamin C 1000 mg, Dietary Supplement for Immune Support, 100 Tablets, 100 Day Supply</p><p> -41% 0FF </p><p>$9.50 ($0.10 / Count)</p><a href="https://www.amazon.com/dp/B0000DJASY?tag=eloabder-20&linkCode=osi&th=1&psc=1">View Product</a></div><div class="product"><a href="https://www.amazon.com/dp/B007L0DPE0?tag=eloabder-20&linkCode=osi&th=1&psc=1"><img src="https://m.media-amazon.com/images/I/41u67LVdJFL._SL500_.jpg" alt="Product Image"></a><p>Vitafusion Womens Multivitamin Gummies, Berry Flavored Daily Vitamins for Women With Vitamins A, C, D, E, B-6 and B-12, America’s Number 1 Gummy Vitamin Brand, 75 Days Supply, 150 Count</p><p> -12% 0FF </p><p>$10.98 ($0.07 / Count)</p><a href="https://www.amazon.com/dp/B007L0DPE0?tag=eloabder-20&linkCode=osi&th=1&psc=1">View Product</a></div><div class="product"><a href="https://www.amazon.com/dp/B09KCCVL9V?tag=eloabder-20&linkCode=osi&th=1&psc=1"><img src="https://m.media-amazon.com/images/I/41dw1AsE+jL._SL500_.jpg" alt="Product Image"></a><p>Centrum Silver Women's Multivitamin for Women 50 Plus, Multivitamin/Multimineral Supplement with Vitamin D3, B Vitamins, Non-GMO Ingredients, Supports Memory and Cognition in Older Adults - 200 Ct</p><p> -20% 0FF </p><p>$15.36 ($0.08 / Count)</p><a href="https://www.amazon.com/dp/B09KCCVL9V?tag=eloabder-20&linkCode=osi&th=1&psc=1">View Product</a></div><div class="product"><a href="https://www.amazon.com/dp/B009SZXM4E?tag=eloabder-20&linkCode=osi&th=1&psc=1"><img src="https://m.media-amazon.com/images/I/418wJuLSwhL._SL500_.jpg" alt="Product Image"></a><p>Nature's Bounty Biotin, Supports Healthy Hair, Skin and Nails, 10,000 mcg, Rapid Release Softgels, 120 Ct</p><p> -53% 0FF </p><p>$9.28 ($0.08 / Count)</p><a href="https://www.amazon.com/dp/B009SZXM4E?tag=eloabder-20&linkCode=osi&th=1&psc=1">View Product</a></div><div class="product"><a href="https://www.amazon.com/dp/B0046VBWK6?tag=eloabder-20&linkCode=osi&th=1&psc=1"><img src="https://m.media-amazon.com/images/I/41Ip2jGcUpL._SL500_.jpg" alt="Product Image"></a><p>Nature's Bounty Vitamin B12 1000mcg, Supports Energy Metabolism and Nervous System Health, Vitamin Supplement, 100 Tablets</p><p> -41% 0FF </p><p>$7.02 ($0.07 / Count)</p><a href="https://www.amazon.com/dp/B0046VBWK6?tag=eloabder-20&linkCode=osi&th=1&psc=1">View Product</a></div><div class="product"><a href="https://www.amazon.com/dp/B007L0DONW?tag=eloabder-20&linkCode=osi&th=1&psc=1"><img src="https://m.media-amazon.com/images/I/41vIgYSAtXL._SL500_.jpg" alt="Product Image"></a><p>vitafusion Adult Gummy Vitamins for Men, Berry Flavored Daily Multivitamins for Men With Vitamins A, C, D, E, B6 and B12, America’s Number 1 Gummy Vitamin Brand, 75 Day Supply, 150 Count</p><p> -8% 0FF </p><p>$10.98 ($0.07 / Count)</p><a href="https://www.amazon.com/dp/B007L0DONW?tag=eloabder-20&linkCode=osi&th=1&psc=1">View Product</a></div><div class="product"><a href="https://www.amazon.com/dp/B0014D2GEK?tag=eloabder-20&linkCode=osi&th=1&psc=1"><img src="https://m.media-amazon.com/images/I/41Al6x+mTKL._SL500_.jpg" alt="Product Image"></a><p>Nature's Bounty Super B Complex with Vitamin C & Folic Acid, Immune & Energy Support, 150 tablets</p><p> -25% 0FF </p><p>$12.20 ($0.08 / Count)</p><a href="https://www.amazon.com/dp/B0014D2GEK?tag=eloabder-20&linkCode=osi&th=1&psc=1">View Product</a></div>
<div class="product"><a href="https://www.amazon.com/dp/B0BG94RWYN?tag=eloabder-20&linkCode=osi&th=1&psc=1"><img src="https://m.media-amazon.com/images/I/41k1yrK-eGL._SL500_.jpg" alt="Product Image"></a><p>Sea Moss 3000mg Black Seed Oil 2000mg Ashwagandha 1000mg Turmeric 1000mg Bladderwrack 1000mg Burdock 1000mg & Vitamin C & D3 with Elderberry Manuka Dandelion Yellow Dock Iodine Chlorophyll ACV</p><p> -25% 0FF </p><p>$29.95 ($0.50 / Count)</p><a href="https://www.amazon.com/dp/B0BG94RWYN?tag=eloabder-20&linkCode=osi&th=1&psc=1">View Product</a></div><div class="product"><a href="https://www.amazon.com/dp/B08YLTCDTN?tag=eloabder-20&linkCode=osi&th=1&psc=1"><img src="https://m.media-amazon.com/images/I/41aybXdjmLL._SL500_.jpg" alt="Product Image"></a><p>Nature's Bounty Zinc 50mg, Immune Support & Antioxidant Supplement, Promotes Skin Health 250 Caplets</p><p> -12% 0FF </p><p>$9.48 ($0.04 / Count)</p><a href="https://www.amazon.com/dp/B08YLTCDTN?tag=eloabder-20&linkCode=osi&th=1&psc=1">View Product</a></div><div class="product"><a href="https://www.amazon.com/dp/B0000DJAQU?tag=eloabder-20&linkCode=osi&th=1&psc=1"><img src="https://m.media-amazon.com/images/I/41c7alI7ydL._SL500_.jpg" alt="Product Image"></a><p>Nature Made Fish Oil 1200 mg Softgels, Fish Oil Supplements, Omega 3 Fish Oil for Healthy Heart Support, Omega 3 Supplement with 100 Softgels, 50 Day Supply</p><p> -35% 0FF </p><p>$9.50 ($0.10 / Count)</p><a href="https://www.amazon.com/dp/B0000DJAQU?tag=eloabder-20&linkCode=osi&th=1&psc=1">View Product</a></div><div class="product"><a href="https://www.amazon.com/dp/B01DBTFO98?tag=eloabder-20&linkCode=osi&th=1&psc=1"><img src="https://m.media-amazon.com/images/I/51Evo4SKmEL._SL500_.jpg" alt="Product Image"></a><p>Turmeric Curcumin with Black Pepper Extract 1500mg - High Absorption Ultra Potent Turmeric Supplement with 95% Curcuminoids and BioPerine - Non GMO Turmeric Capsules for Joint Support - 90 Capsules</p><p> -25% 0FF </p><p>$18.79 ($0.21 / Count)</p><a href="https://www.amazon.com/dp/B01DBTFO98?tag=eloabder-20&linkCode=osi&th=1&psc=1">View Product</a></div><div class="product"><a href="https://www.amazon.com/dp/B00H5PJ0HW?tag=eloabder-20&linkCode=osi&th=1&psc=1"><img src="https://m.media-amazon.com/images/I/414mKN9ZjbL._SL500_.jpg" alt="Product Image"></a><p>Nature's Bounty Magnesium, Bone and Muscle Health, Whole Body Support, Tablets, 500 Mg, 200 Ct</p><p> -16% 0FF </p><p>$12.61 ($0.06 / Count)</p><a href="https://www.amazon.com/dp/B00H5PJ0HW?tag=eloabder-20&linkCode=osi&th=1&psc=1">View Product</a></div><div class="product"><a href="https://www.amazon.com/dp/B07N7RD2CL?tag=eloabder-20&linkCode=osi&th=1&psc=1"><img src="https://m.media-amazon.com/images/I/41J1UKnf+CL._SL500_.jpg" alt="Product Image"></a><p>Horbäach Cranberry Concentrate Extract Pills + Vitamin C | 30,000mg | 120 Capsules | Triple Strength Ultimate Potency Formula | Non-GMO and Gluten Free Supplement</p><p> -15% 0FF </p><p>$9.99 ($0.07 / Count)</p><a href="https://www.amazon.com/dp/B07N7RD2CL?tag=eloabder-20&linkCode=osi&th=1&psc=1">View Product</a></div><div class="product"><a href="https://www.amazon.com/dp/B07DX89ZHN?tag=eloabder-20&linkCode=osi&th=1&psc=1"><img src="https://m.media-amazon.com/images/I/41INqodQzYL._SL500_.jpg" alt="Product Image"></a><p>Sports Research Triple Strength Omega 3 Fish Oil - Burpless Fish Oil Supplement w/EPA & DHA Fatty Acids from Single-Source Wild Alaska Pollock - 1250 mg, 90 ct</p><p> -10% 0FF </p><p>$26.95 ($0.30 / Count)</p><a href="https://www.amazon.com/dp/B07DX89ZHN?tag=eloabder-20&linkCode=osi&th=1&psc=1">View Product</a></div>
<div class="product"><a href="https://www.amazon.com/dp/B00YMSLT88?tag=eloabder-20&linkCode=osi&th=1&psc=1"><img src="https://m.media-amazon.com/images/I/41S95x-3xaL._SL500_.jpg" alt="Product Image"></a><p>Nature Made Multivitamin Tablets with Iron, Multivitamin for Women and Men for Daily Nutritional Support, 130 Tablets, 130 Day Supply</p><p> -14% 0FF </p><p>$11.99 ($0.09 / Count)</p><a href="https://www.amazon.com/dp/B00YMSLT88?tag=eloabder-20&linkCode=osi&th=1&psc=1">View Product</a></div><div class="product"><a href="https://www.amazon.com/dp/B09BVYY7XR?tag=eloabder-20&linkCode=osi&th=1&psc=1"><img src="https://m.media-amazon.com/images/I/41y16Rsk2tL._SL500_.jpg" alt="Product Image"></a><p>Centrum Adult Multivitamin/Multimineral Supplement with Antioxidants, Zinc, Vitamin D3 and B Vitamins, Gluten Free, Non-GMO Ingredients - 200 Count</p><p> -29% 0FF </p><p>$9.99 ($0.05 / Count)</p><a href="https://www.amazon.com/dp/B09BVYY7XR?tag=eloabder-20&linkCode=osi&th=1&psc=1">View Product</a></div>
<div class="product"><a href="https://www.amazon.com/dp/B004JO3JTM?tag=eloabder-20&linkCode=osi&th=1&psc=1"><img src="https://m.media-amazon.com/images/I/51kOhkzzLKL._SL500_.jpg" alt="Product Image"></a><p>Nature's Bounty Acidophilus Probiotic, Daily Probiotic Supplement, Supports Digestive Health, Twin Pack, 100 Count (Pack of 2)</p><p> -21% 0FF </p><p>$14.88 ($0.07 / Count)</p><a href="https://www.amazon.com/dp/B004JO3JTM?tag=eloabder-20&linkCode=osi&th=1&psc=1">View Product</a></div><div class="product"><a href="https://www.amazon.com/dp/B071DZQLPQ?tag=eloabder-20&linkCode=osi&th=1&psc=1"><img src="https://m.media-amazon.com/images/I/51E-+x12x5L._SL500_.jpg" alt="Product Image"></a><p>NewRhythm Probiotics 50 Billion CFU 20 Strains, 60 Veggie Capsules, Targeted Release Technology, Stomach Acid Resistant, No Need for Refrigeration, Non-GMO, Gluten Free</p><p> -23% 0FF </p><p>$16.99 ($0.28 / Count)</p><a href="https://www.amazon.com/dp/B071DZQLPQ?tag=eloabder-20&linkCode=osi&th=1&psc=1">View Product</a></div><div class="product"><a href="https://www.amazon.com/dp/B00Y8MP4G6?tag=eloabder-20&linkCode=osi&th=1&psc=1"><img src="https://m.media-amazon.com/images/I/51IIJQSKA5L._SL500_.jpg" alt="Product Image"></a><p>Dr. Formulated Probiotics for Women & Prebiotics, 50 Billion CFU for Women’s Daily Digestive Vaginal & Immune Health, Garden of Life 16 Probiotic Strains Shelf Stable No Gluten Dairy Soy, 30 Capsules</p><p> -24% 0FF </p><p>$30.27 ($1.01 / Count)</p><a href="https://www.amazon.com/dp/B00Y8MP4G6?tag=eloabder-20&linkCode=osi&th=1&psc=1">View Product</a></div><div class="product"><a href="https://www.amazon.com/dp/B08GR12D4T?tag=eloabder-20&linkCode=osi&th=1&psc=1"><img src="https://m.media-amazon.com/images/I/413uXWNsVzL._SL500_.jpg" alt="Product Image"></a><p>Nature’s Bounty Probiotic 10, Ultra Strength Daily Probiotic Supplement, Support for Digestive, Immune and Upper Respiratory Health, 1 Pack, 30 Capsules</p><p> -55% 0FF </p><p>$12.84 ($0.43 / Count)</p><a href="https://www.amazon.com/dp/B08GR12D4T?tag=eloabder-20&linkCode=osi&th=1&psc=1">View Product</a></div>
<div class="product"><a href="https://www.amazon.com/dp/B000NPYY04?tag=eloabder-20&linkCode=osi&th=1&psc=1"><img src="https://m.media-amazon.com/images/I/41AB0odrkeL._SL500_.jpg" alt="Product Image"></a><p>Nature's Bounty Fish Oil, Supports Heart Health, 1200 Mg, 360 Mg Omega-3, Rapid Release Softgels, 200 Ct</p><p> -33% 0FF </p><p>$14.17 ($0.07 / Count)</p><a href="https://www.amazon.com/dp/B000NPYY04?tag=eloabder-20&linkCode=osi&th=1&psc=1">View Product</a></div><div class="product"><a href="https://www.amazon.com/dp/B000J18RSW?tag=eloabder-20&linkCode=osi&th=1&psc=1"><img src="https://m.media-amazon.com/images/I/41bBRe7FxlL._SL500_.jpg" alt="Product Image"></a><p>NOW Foods Omega-3-100 Softgels</p><p> -39% 0FF </p><p>$6.72 ($0.07 / Count)</p><a href="https://www.amazon.com/dp/B000J18RSW?tag=eloabder-20&linkCode=osi&th=1&psc=1">View Product</a></div><div class="product"><a href="https://www.amazon.com/dp/B000HDV7YS?tag=eloabder-20&linkCode=osi&th=1&psc=1"><img src="https://m.media-amazon.com/images/I/41d-hzNXpVL._SL500_.jpg" alt="Product Image"></a><p>Nordic Naturals Ultimate Omega, Lemon Flavor - 60 Soft Gels - 1280 mg Omega-3 - High-Potency Omega-3 Fish Oil Supplement with EPA & DHA - Promotes Brain & Heart Health - Non-GMO - 30 Servings</p><p> -20% 0FF </p><p>$23.98 ($0.40 / Count)</p><a href="https://www.amazon.com/dp/B000HDV7YS?tag=eloabder-20&linkCode=osi&th=1&psc=1">View Product</a></div><div class="product"><a href="https://www.amazon.com/dp/B002QMB55Y?tag=eloabder-20&linkCode=osi&th=1&psc=1"><img src="https://m.media-amazon.com/images/I/41I4GSlk++S._SL500_.jpg" alt="Product Image"></a><p>Nature's Bounty Fish Oil, Supports Heart Health, 2400mg, Coated Softgels, 90 Ct.</p><p> -36% 0FF </p><p>$14.34 ($0.16 / Count)</p><a href="https://www.amazon.com/dp/B002QMB55Y?tag=eloabder-20&linkCode=osi&th=1&psc=1">View Product</a></div><div class="product"><a href="https://www.amazon.com/dp/B00YMSLAW8?tag=eloabder-20&linkCode=osi&th=1&psc=1"><img src="https://m.media-amazon.com/images/I/41eQik8+DzL._SL500_.jpg" alt="Product Image"></a><p>Nature Made Fish Oil 1000 mg Softgels, Fish Oil Supplements, Omega 3 Fish Oil for Healthy Heart Support, Omega 3 Supplement with 90 Softgels, 45 Day Supply</p><p> -12% 0FF </p><p>$10.86 ($0.12 / Count)</p><a href="https://www.amazon.com/dp/B00YMSLAW8?tag=eloabder-20&linkCode=osi&th=1&psc=1">View Product</a></div>
<div class="product"><a href="https://www.amazon.com/dp/B0016KITZ6?tag=eloabder-20&linkCode=osi&th=1&psc=1"><img src="https://m.media-amazon.com/images/I/41UQ6eGLCkL._SL500_.jpg" alt="Product Image"></a><p>Nature's Bounty Calcium Carbonate & Vitamin D, Supports Immune Health & Bone Health, 1200mg Calcium & 1000IU Vitamin D3, 120 Softgels</p><p> -53% 0FF </p><p>$8.87 ($0.07 / Count)</p><a href="https://www.amazon.com/dp/B0016KITZ6?tag=eloabder-20&linkCode=osi&th=1&psc=1">View Product</a></div><div class="product"><a href="https://www.amazon.com/dp/B07RL3KYD7?tag=eloabder-20&linkCode=osi&th=1&psc=1"><img src="https://m.media-amazon.com/images/I/316d4YzxuJL._SL500_.jpg" alt="Product Image"></a><p>Horbäach Calcium 1200 mg with Vitamin D3 | 240 Softgels | 5000 IU Vitamin D3 | Absorbable Calcium Supplement | Non-GMO, Gluten Free Calcium Supplement</p><p> -15% 0FF </p><p>$13.99 ($0.06 / Count)</p><a href="https://www.amazon.com/dp/B07RL3KYD7?tag=eloabder-20&linkCode=osi&th=1&psc=1">View Product</a></div><div class="product"><a href="https://www.amazon.com/dp/B004L4EJQ2?tag=eloabder-20&linkCode=osi&th=1&psc=1"><img src="https://m.media-amazon.com/images/I/41WkicGmhTL._SL500_.jpg" alt="Product Image"></a><p>Citracal Slow Release 1200, 1200 mg Calcium Citrate and Calcium Carbonate with 25 mcg (1000 IU) Vitamin D3, Bone Health Support, Calcium Supplement for Ages 12+, Take Once Daily Caplet, 80 Count</p><p> -16% 0FF </p><p>$10.92 ($0.14 / Count)</p><a href="https://www.amazon.com/dp/B004L4EJQ2?tag=eloabder-20&linkCode=osi&th=1&psc=1">View Product</a></div><div class="product"><a href="https://www.amazon.com/dp/B00028LZ90?tag=eloabder-20&linkCode=osi&th=1&psc=1"><img src="https://m.media-amazon.com/images/I/41JYXLyi8KL._SL500_.jpg" alt="Product Image"></a><p>NOW Foods Supplements, Calcium & Magnesium 2:1 Ratio, High Potency, Supports Bone Health*, 100 Tablets</p><p> -39% 0FF </p><p>$7.95 ($0.08 / Count)</p><a href="https://www.amazon.com/dp/B00028LZ90?tag=eloabder-20&linkCode=osi&th=1&psc=1">View Product</a></div>
<div class="product"><a href="https://www.amazon.com/dp/B00GB85JR4?tag=eloabder-20&linkCode=osi&th=1&psc=1"><img src="https://m.media-amazon.com/images/I/41dP1a3s3ZL._SL500_.jpg" alt="Product Image"></a><p>NatureWise Vitamin D3 5000iu (125 mcg) 1 Year Supply for Healthy Muscle Function, and Immune Support, Non-GMO, Gluten Free in Cold-Pressed Olive Oil, Packaging Vary ( Mini Softgel), 360 Count</p><p> -11% 0FF </p><p>$13.34 ($0.04 / Count)</p><a href="https://www.amazon.com/dp/B00GB85JR4?tag=eloabder-20&linkCode=osi&th=1&psc=1">View Product</a></div><div class="product"><a href="https://www.amazon.com/dp/B004GJRFYK?tag=eloabder-20&linkCode=osi&th=1&psc=1"><img src="https://m.media-amazon.com/images/I/41AwGxilrHL._SL500_.jpg" alt="Product Image"></a><p>Nature Made Vitamin D3 2000 IU (50 mcg), Dietary Supplement for Bone, Teeth, Muscle and Immune Health Support, 100 Tablets, 100 Day Supply</p><p> -38% 0FF </p><p>$6.99 ($0.07 / Count)</p><a href="https://www.amazon.com/dp/B004GJRFYK?tag=eloabder-20&linkCode=osi&th=1&psc=1">View Product</a></div><div class="product"><a href="https://www.amazon.com/dp/B004U3Y8OM?tag=eloabder-20&linkCode=osi&th=1&psc=1"><img src="https://m.media-amazon.com/images/I/41FAeb-VvJL._SL500_.jpg" alt="Product Image"></a><p>Nature Made Vitamin D3 1000 IU (25 mcg), Dietary Supplement for Bone, Teeth, Muscle and Immune Health Support, 300 Softgels, 300 Day Supply</p><p> -36% 0FF </p><p>$12.35 ($0.04 / Count)</p><a href="https://www.amazon.com/dp/B004U3Y8OM?tag=eloabder-20&linkCode=osi&th=1&psc=1">View Product</a></div><div class="product"><a href="https://www.amazon.com/dp/B0032BH76O?tag=eloabder-20&linkCode=osi&th=1&psc=1"><img src="https://m.media-amazon.com/images/I/41GbEgKM04L._SL500_.jpg" alt="Product Image"></a><p>NOW Foods Supplements, Vitamin D-3 5,000 IU, High Potency, Structural Support*, 240 Softgels</p><p> -48% 0FF </p><p>$11.99 ($0.05 / Count)</p><a href="https://www.amazon.com/dp/B0032BH76O?tag=eloabder-20&linkCode=osi&th=1&psc=1">View Product</a></div><div class="product"><a href="https://www.amazon.com/dp/B008GC9T6A?tag=eloabder-20&linkCode=osi&th=1&psc=1"><img src="https://m.media-amazon.com/images/I/41T9MsyhtyL._SL500_.jpg" alt="Product Image"></a><p>Nature Made Extra Strength Vitamin D3 5000 IU (125 mcg), Dietary Supplement for Bone, Teeth, Muscle and Immune Health Support, 180 Softgels, 180 Day Supply</p><p> -51% 0FF </p><p>$14.29 ($0.08 / Count)</p><a href="https://www.amazon.com/dp/B008GC9T6A?tag=eloabder-20&linkCode=osi&th=1&psc=1">View Product</a></div><div class="product"><a href="https://www.amazon.com/dp/B004JO99TG?tag=eloabder-20&linkCode=osi&th=1&psc=1"><img src="https://m.media-amazon.com/images/I/41U+oh75F3L._SL500_.jpg" alt="Product Image"></a><p>Nature's Bounty Vitamin D3 1000 IU Softgels, Immune Support, Promotes Healthy Bones, 350 Ct</p><p> -28% 0FF </p><p>$13.70 ($0.04 / Count)</p><a href="https://www.amazon.com/dp/B004JO99TG?tag=eloabder-20&linkCode=osi&th=1&psc=1">View Product</a></div><div class="product"><a href="https://www.amazon.com/dp/B07YM8MCWN?tag=eloabder-20&linkCode=osi&th=1&psc=1"><img src="https://m.media-amazon.com/images/I/41ca9TyyoCL._SL500_.jpg" alt="Product Image"></a><p>Nature Made Extra Strength Vitamin D3 5000 IU (125 mcg) per serving, Dietary Supplement for Bone, Teeth, Muscle and Immune Health Support, 150 Gummies, 75 Day Supply</p><p> -61% 0FF </p><p>$12.74 ($0.08 / Count)</p><a href="https://www.amazon.com/dp/B07YM8MCWN?tag=eloabder-20&linkCode=osi&th=1&psc=1">View Product</a></div><div class="product"><a href="https://www.amazon.com/dp/B00DN4VCA2?tag=eloabder-20&linkCode=osi&th=1&psc=1"><img src="https://m.media-amazon.com/images/I/41PsA535b2L._SL500_.jpg" alt="Product Image"></a><p>Nature's Bounty Vitamin D3, Immune Support, 125 mcg (5000iu), Rapid Release Softgels, 240 Ct</p><p> -28% 0FF </p><p>$22.39 ($0.09 / Count)</p><a href="https://www.amazon.com/dp/B00DN4VCA2?tag=eloabder-20&linkCode=osi&th=1&psc=1">View Product</a></div>
<div class="product"><a href="https://www.amazon.com/dp/B08YS4ZRTL?tag=eloabder-20&linkCode=osi&th=1&psc=1"><img src="https://m.media-amazon.com/images/I/41GcGPxLCmS._SL500_.jpg" alt="Product Image"></a><p>Nature's Bounty Vitamin C, Supports Immune and Antioxidant Health, Vitamin C Supplement, 1000mg, 300 Caplets</p><p> -55% 0FF </p><p>$17.37 ($0.06 / Count)</p><a href="https://www.amazon.com/dp/B08YS4ZRTL?tag=eloabder-20&linkCode=osi&th=1&psc=1">View Product</a></div><div class="product"><a href="https://www.amazon.com/dp/B08FNG91XM?tag=eloabder-20&linkCode=osi&th=1&psc=1"><img src="https://m.media-amazon.com/images/I/41ZC6V+G+HL._SL500_.jpg" alt="Product Image"></a><p>Nature Made Extra Strength Dosage Chewable Vitamin C 1000 mg per serving, Dietary Supplement for Immune Support, 90 Tablets, 45 Day Supply</p><p> -53% 0FF </p><p>$7.49 ($0.08 / Count)</p><a href="https://www.amazon.com/dp/B08FNG91XM?tag=eloabder-20&linkCode=osi&th=1&psc=1">View Product</a></div><div class="product"><a href="https://www.amazon.com/dp/B001AIXCU6?tag=eloabder-20&linkCode=osi&th=1&psc=1"><img src="https://m.media-amazon.com/images/I/41bTcu8uA7L._SL500_.jpg" alt="Product Image"></a><p>NOW Supplements, Vitamin C-1,000 with 100 mg of Bioflavonoids, Antioxidant protection*, 100 Veg Capsules</p><p> -39% 0FF </p><p>$8.56 ($0.09 / Count)</p><a href="https://www.amazon.com/dp/B001AIXCU6?tag=eloabder-20&linkCode=osi&th=1&psc=1">View Product</a></div><div class="product"><a href="https://www.amazon.com/dp/B0CBVWPPR9?tag=eloabder-20&linkCode=osi&th=1&psc=1"><img src="https://m.media-amazon.com/images/I/41LN1NSD+LL._SL500_.jpg" alt="Product Image"></a><p>Nature Made Maximum Strength Dosage Vitamin C 1000mg per Serving, Immune Support Vitamin C Gummies for Adults, 80 Vitamin C Gummies, 20 Day Supply</p><p> -23% 0FF </p><p>$14.99 ($0.19 / Count)</p><a href="https://www.amazon.com/dp/B0CBVWPPR9?tag=eloabder-20&linkCode=osi&th=1&psc=1">View Product</a></div><div class="product"><a href="https://www.amazon.com/dp/B0061GLR5O?tag=eloabder-20&linkCode=osi&th=1&psc=1"><img src="https://m.media-amazon.com/images/I/41d2trPxbUL._SL500_.jpg" alt="Product Image"></a><p>Nature's Bounty Vitamin C Tablets, Vitamin Supplement, Supports a Healthy Immune System, 500mg, 100 Count</p><p> -16% 0FF </p><p>$6.44 ($0.06 / Count)</p><a href="https://www.amazon.com/dp/B0061GLR5O?tag=eloabder-20&linkCode=osi&th=1&psc=1">View Product</a></div><div class="product"><a href="https://www.amazon.com/dp/B003FW4UME?tag=eloabder-20&linkCode=osi&th=1&psc=1"><img src="https://m.media-amazon.com/images/I/412U0GonxIL._SL500_.jpg" alt="Product Image"></a><p>Vitafusion Power C Vitamin C Gummies for Immune Support, Orange Flavored, 282 mg Vitamin C, America’s Number 1 Gummy Vitamin Brand, 50 Day Supply, 150 Count</p><p> -20% 0FF </p><p>$10.04 ($0.07 / Count)</p><a href="https://www.amazon.com/dp/B003FW4UME?tag=eloabder-20&linkCode=osi&th=1&psc=1">View Product</a></div>
<div class="product"><a href="https://www.amazon.com/dp/B00DS5BGDY?tag=eloabder-20&linkCode=osi&th=1&psc=1"><img src="https://m.media-amazon.com/images/I/41zXI0XuNYL._SL500_.jpg" alt="Product Image"></a><p>Nature Made Vitamin B12 1000 mcg, Dietary Supplement for Energy Metabolism Support, 150 Softgels, 150 Day Supply</p><p> -58% 0FF </p><p>$9.98 ($0.07 / Count)</p><a href="https://www.amazon.com/dp/B00DS5BGDY?tag=eloabder-20&linkCode=osi&th=1&psc=1">View Product</a></div><div class="product"><a href="https://www.amazon.com/dp/B005DXM32M?tag=eloabder-20&linkCode=osi&th=1&psc=1"><img src="https://m.media-amazon.com/images/I/41MvjD91oML._SL500_.jpg" alt="Product Image"></a><p>Nature Made Vitamin B12 1000 mcg, Dietary Supplement For Energy Metabolism Support, 160 Time Release Tablets, 160 Day Supply</p><p> -48% 0FF </p><p>$10.65 ($0.07 / Count)</p><a href="https://www.amazon.com/dp/B005DXM32M?tag=eloabder-20&linkCode=osi&th=1&psc=1">View Product</a></div><div class="product"><a href="https://www.amazon.com/dp/B00CBXSO4I?tag=eloabder-20&linkCode=osi&th=1&psc=1"><img src="https://m.media-amazon.com/images/I/41iG+dyC1gL._SL500_.jpg" alt="Product Image"></a><p>Nature Made Maximum Strength Vitamin B12 5000 mcg, Dietary Supplement for Energy Metabolism Support, 60 Softgels, 60 Day Supply</p><p> -34% 0FF </p><p>$14.41 ($0.24 / Count)</p><a href="https://www.amazon.com/dp/B00CBXSO4I?tag=eloabder-20&linkCode=osi&th=1&psc=1">View Product</a></div><div class="product"><a href="https://www.amazon.com/dp/B002I3V8B2?tag=eloabder-20&linkCode=osi&th=1&psc=1"><img src="https://m.media-amazon.com/images/I/41eTIAmWMFL._SL500_.jpg" alt="Product Image"></a><p>Nature's Bounty Vitamin B12, Supports Energy Metabolism and Nervous System Health, 500mcg, 100 Quick Dissolve Tablets</p><p> -25% 0FF </p><p>$6.99 ($0.07 / Count)</p><a href="https://www.amazon.com/dp/B002I3V8B2?tag=eloabder-20&linkCode=osi&th=1&psc=1">View Product</a></div><div class="product"><a href="https://www.amazon.com/dp/B00OJOL3KO?tag=eloabder-20&linkCode=osi&th=1&psc=1"><img src="https://m.media-amazon.com/images/I/51fIqhTZ-dL._SL500_.jpg" alt="Product Image"></a><p>Vitafusion Extra Strength Vitamin B12 Gummy Vitamins for Energy Metabolism Support and Nervous System Health Support, Cherry Flavored, America’s Number 1 Brand, 45 Day Supply, 90 Count</p><p> -22% 0FF </p><p>$9.74 ($0.11 / Count)</p><a href="https://www.amazon.com/dp/B00OJOL3KO?tag=eloabder-20&linkCode=osi&th=1&psc=1">View Product</a></div><div class="product"><a href="https://www.amazon.com/dp/B07BLLJK8H?tag=eloabder-20&linkCode=osi&th=1&psc=1"><img src="https://m.media-amazon.com/images/I/41HZAnyAW7L._SL500_.jpg" alt="Product Image"></a><p>Natrol Vitamin B-12 5000mcg, Dietary Supplement for Cellular Energy Production & Healthy Nervous System Support, 200 Strawberry-Flavored Fast Dissolve Tablets, 200 Day Supply</p><p> -5% 0FF </p><p>$18.10 ($0.09 / count)</p><a href="https://www.amazon.com/dp/B07BLLJK8H?tag=eloabder-20&linkCode=osi&th=1&psc=1">View Product</a></div><div class="product"><a href="https://www.amazon.com/dp/B00VX14ULK?tag=eloabder-20&linkCode=osi&th=1&psc=1"><img src="https://m.media-amazon.com/images/I/41+rGLsEnvL._SL500_.jpg" alt="Product Image"></a><p>Nature's Bounty Vitamin B12 2500 mcg, Cellular Energy Support, For Energy Metabolism, Heart & Nervous System Health, 75 Quick Dissolve Tablets</p><p> -38% 0FF </p><p>$8.10 ($0.11 / Count)</p><a href="https://www.amazon.com/dp/B00VX14ULK?tag=eloabder-20&linkCode=osi&th=1&psc=1">View Product</a></div><div class="product"><a href="https://www.amazon.com/dp/B0CHKKGDXD?tag=eloabder-20&linkCode=osi&th=1&psc=1"><img src="https://m.media-amazon.com/images/I/31IJJrz9ABL._SL500_.jpg" alt="Product Image"></a><p>NatureWise Vitamin B12 1000 mcg - Supplement for Supporting Energy Levels, Mental Clarity, Nervous System Health - Easy-to-Swallow, Soy and Gluten-Free, Non-GMO - 60 Softgels[2-Month Supply]</p><p> -13% 0FF </p><p>$6.09 ($0.10 / Count)</p><a href="https://www.amazon.com/dp/B0CHKKGDXD?tag=eloabder-20&linkCode=osi&th=1&psc=1">View Product</a></div><div class="product"><a href="https://www.amazon.com/dp/B0BX7GP2HF?tag=eloabder-20&linkCode=osi&th=1&psc=1"><img src="https://m.media-amazon.com/images/I/41KaKYueDfL._SL500_.jpg" alt="Product Image"></a><p>Nature Made Extra Strength Vitamin B12 Gummies, 3000 mcg per serving, B12 Vitamin Supplement for Energy Metabolism Support, 60 Gummy Vitamins, 30 Day Supply</p><p> -25% 0FF </p><p>$10.49 ($0.17 / Count)</p><a href="https://www.amazon.com/dp/B0BX7GP2HF?tag=eloabder-20&linkCode=osi&th=1&psc=1">View Product</a></div>
<div class="product"><a href="https://www.amazon.com/dp/B0002VG3PS?tag=eloabder-20&linkCode=osi&th=1&psc=1"><img src="https://m.media-amazon.com/images/I/41xGc8gVGwL._SL500_.jpg" alt="Product Image"></a><p>Nature Made Vitamin E 180 mg (400 IU) dl-Alpha, Dietary Supplement for Antioxidant Support, No Artificial Flavors, 180 Softgels, 180 Day Supply</p><p> -30% 0FF </p><p>$13.99 ($0.08 / Count)</p><a href="https://www.amazon.com/dp/B0002VG3PS?tag=eloabder-20&linkCode=osi&th=1&psc=1">View Product</a></div><div class="product"><a href="https://www.amazon.com/dp/B002QMB57C?tag=eloabder-20&linkCode=osi&th=1&psc=1"><img src="https://m.media-amazon.com/images/I/41ILutGzoOL._SL500_.jpg" alt="Product Image"></a><p>Nature's Bounty Vitamin E 1000 IU Softgels, Supports Antioxidant Health & Immune System, 1 Pack, 60 Softgels</p><p> -13% 0FF </p><p>$18.48 ($0.31 / Count)</p><a href="https://www.amazon.com/dp/B002QMB57C?tag=eloabder-20&linkCode=osi&th=1&psc=1">View Product</a></div><div class="product"><a href="https://www.amazon.com/dp/B0CPKVBSFR?tag=eloabder-20&linkCode=osi&th=1&psc=1"><img src="https://m.media-amazon.com/images/I/31x9KLSyq4L._SL500_.jpg" alt="Product Image"></a><p>NatureWise Vitamin E 400 IU Softgels (180mg DL-Alpha) - Dairy, Gluten, and Soy Free, Non-GMO Antioxidant Dietary Supplement for Skin, Heart, Eye, and Immune Health Support - 2-Month Supply, 60 Count</p><p> -35% 0FF </p><p>$5.17 ($0.09 / Count)</p><a href="https://www.amazon.com/dp/B0CPKVBSFR?tag=eloabder-20&linkCode=osi&th=1&psc=1">View Product</a></div><div class="product"><a href="https://www.amazon.com/dp/B07BFSFCDS?tag=eloabder-20&linkCode=osi&th=1&psc=1"><img src="https://m.media-amazon.com/images/I/41pk1ggHalS._SL500_.jpg" alt="Product Image"></a><p>Amazon Elements Vitamin E, 400 IU, 100 Softgels, 100 days of supply (Packaging may vary)</p><p> -5% 0FF </p><p>$11.21 ($0.11 / count)</p><a href="https://www.amazon.com/dp/B07BFSFCDS?tag=eloabder-20&linkCode=osi&th=1&psc=1">View Product</a></div><div class="product"><a href="https://www.amazon.com/dp/B000MGOX78?tag=eloabder-20&linkCode=osi&th=1&psc=1"><img src="https://m.media-amazon.com/images/I/41G2JwLiZ0L._SL500_.jpg" alt="Product Image"></a><p>NOW Supplements, Vitamin E-400 IU, Mixed Tocopherols, Antioxidant Protection*, 100 Softgels</p><p> -62% 0FF </p><p>$10.00 ($0.10 / Count)</p><a href="https://www.amazon.com/dp/B000MGOX78?tag=eloabder-20&linkCode=osi&th=1&psc=1">View Product</a></div><div class="product"><a href="https://www.amazon.com/dp/B00128X11E?tag=eloabder-20&linkCode=osi&th=1&psc=1"><img src="https://m.media-amazon.com/images/I/41518K4wU4L._SL500_.jpg" alt="Product Image"></a><p>Solgar Vitamin E 670 mg (1000 IU), 100 Mixed Softgels - Natural Antioxidant, Skin & Immune System Support - Naturally-Sourced Vitamin E - Gluten /Dairy Free - 100 Servings</p><p> -32% 0FF </p><p>$24.56 ($0.25 / Count)</p><a href="https://www.amazon.com/dp/B00128X11E?tag=eloabder-20&linkCode=osi&th=1&psc=1">View Product</a></div><div class="product"><a href="https://www.amazon.com/dp/B0C2SY3BG3?tag=eloabder-20&linkCode=osi&th=1&psc=1"><img src="https://m.media-amazon.com/images/I/41b1yne-vuL._SL500_.jpg" alt="Product Image"></a><p>NatureBell Vitamin E Oil Softgels, 1,000 IU Per Serving, 300 Pills | Essential Antioxidant Supplements, Easily Absorbed Form – Supports Skin, Heart, & Immune Health – Non-GMO</p><p> -22% 0FF </p><p>$24.99 ($0.08 / Count)</p><a href="https://www.amazon.com/dp/B0C2SY3BG3?tag=eloabder-20&linkCode=osi&th=1&psc=1">View Product</a></div><div class="product"><a href="https://www.amazon.com/dp/B01I5OB3LW?tag=eloabder-20&linkCode=osi&th=1&psc=1"><img src="https://m.media-amazon.com/images/I/417sk03NClL._SL500_.jpg" alt="Product Image"></a><p>Nutricost Vitamin E 400 IU, 240 Softgel Capsules - Gluten Free, Non-GMO</p><p> -10% 0FF </p><p>$17.95 ($0.07 / Count)</p><a href="https://www.amazon.com/dp/B01I5OB3LW?tag=eloabder-20&linkCode=osi&th=1&psc=1">View Product</a></div>
<div class="product"><a href="https://www.amazon.com/dp/B006QQRY2O?tag=eloabder-20&linkCode=osi&th=1&psc=1"><img src="https://m.media-amazon.com/images/I/419WjZLvLFL._SL500_.jpg" alt="Product Image"></a><p>Nature's Bounty Iron 65mg, 325 mg Ferrous Sulfate, Cellular Energy Support, Promotes Normal Red Blood Cell Production, 100 Tablets</p><p> -14% 0FF </p><p>$5.45 ($0.05 / Count)</p><a href="https://www.amazon.com/dp/B006QQRY2O?tag=eloabder-20&linkCode=osi&th=1&psc=1">View Product</a></div><div class="product"><a href="https://www.amazon.com/dp/B000WQDD2O?tag=eloabder-20&linkCode=osi&th=1&psc=1"><img src="https://m.media-amazon.com/images/I/41jQi-zmmlL._SL500_.jpg" alt="Product Image"></a><p>NOW Foods Supplements, Iron 18 mg, Non-Constipating*, Essential Mineral, 120 Veg Capsules</p><p> -39% 0FF </p><p>$7.95 ($0.07 / Count)</p><a href="https://www.amazon.com/dp/B000WQDD2O?tag=eloabder-20&linkCode=osi&th=1&psc=1">View Product</a></div><div class="product"><a href="https://www.amazon.com/dp/B08R68324Q?tag=eloabder-20&linkCode=osi&th=1&psc=1"><img src="https://m.media-amazon.com/images/I/41b3TxAwD0L._SL500_.jpg" alt="Product Image"></a><p>Doctor's Recipes Iron Supplement 65 mg with Vitamin C - Maximized Absorption & Stomach Friendly Iron Pills for Red Blood Cells Formation, Heart, Brain & Immunity Health - Vegan Non-GMO 60 Iron Tablets</p><p> -26% 0FF </p><p>$15.98 ($0.27 / Count)</p><a href="https://www.amazon.com/dp/B08R68324Q?tag=eloabder-20&linkCode=osi&th=1&psc=1">View Product</a></div><div class="product"><a href="https://www.amazon.com/dp/B00FYOU6AG?tag=eloabder-20&linkCode=osi&th=1&psc=1"><img src="https://m.media-amazon.com/images/I/41oKBWWRn0L._SL500_.jpg" alt="Product Image"></a><p>NOW Supplements, Iron 36 mg, Double Strength, Non-Constipating*, Essential Mineral, 90 Veg Capsules</p><p> -41% 0FF </p><p>$8.87 ($0.10 / Count)</p><a href="https://www.amazon.com/dp/B00FYOU6AG?tag=eloabder-20&linkCode=osi&th=1&psc=1">View Product</a></div><div class="product"><a href="https://www.amazon.com/dp/B07YM21GR5?tag=eloabder-20&linkCode=osi&th=1&psc=1"><img src="https://m.media-amazon.com/images/I/31Jsc2g7KXL._SL500_.jpg" alt="Product Image"></a><p>MaryRuth Organics Iron Supplement for Women Men & Kids, Liquid Iron Supplement for Women Men & Kids, Iron for Healthy Blood & Oxygen, Ages 4 & Up, Sugar Free, Vegan, Non-GMO, Gluten Free, 15.22 Fl Oz</p><p> -21% 0FF </p><p>$34.48 ($2.27 / Fl Oz)</p><a href="https://www.amazon.com/dp/B07YM21GR5?tag=eloabder-20&linkCode=osi&th=1&psc=1">View Product</a></div><div class="product"><a href="https://www.amazon.com/dp/B006LTCAU2?tag=eloabder-20&linkCode=osi&th=1&psc=1"><img src="https://m.media-amazon.com/images/I/41SJkmfNggL._SL500_.jpg" alt="Product Image"></a><p>Nature's Way Liquid Iron, Provides Daily Value of Iron, Sugar Free, Berry Flavored, 16 Fl. Oz.</p><p> -30% 0FF </p><p>$8.04 ($0.50 / Fl Oz)</p><a href="https://www.amazon.com/dp/B006LTCAU2?tag=eloabder-20&linkCode=osi&th=1&psc=1">View Product</a></div><div class="product"><a href="https://www.amazon.com/dp/B00280M13O?tag=eloabder-20&linkCode=osi&th=1&psc=1"><img src="https://m.media-amazon.com/images/I/51p4g8jnSrS._SL500_.jpg" alt="Product Image"></a><p>Vitamin Code Raw Iron 30ct Capsules</p><p> -20% 0FF </p><p>$15.19 ($0.51 / Count)</p><a href="https://www.amazon.com/dp/B00280M13O?tag=eloabder-20&linkCode=osi&th=1&psc=1">View Product</a></div>
<div class="product"><a href="https://www.amazon.com/dp/B0002VG3QC?tag=eloabder-20&linkCode=osi&th=1&psc=1"><img src="https://m.media-amazon.com/images/I/4164AhPYwZL._SL500_.jpg" alt="Product Image"></a><p>Nature Made Magnesium Oxide 250 mg, Magnesium Supplement for Muscle, Heart, Bone and Nerve Health Support, 200 Tablets, 200 Day Supply</p><p> -27% 0FF </p><p>$8.69 ($0.04 / Count)</p><a href="https://www.amazon.com/dp/B0002VG3QC?tag=eloabder-20&linkCode=osi&th=1&psc=1">View Product</a></div><div class="product"><a href="https://www.amazon.com/dp/B00151G8L8?tag=eloabder-20&linkCode=osi&th=1&psc=1"><img src="https://m.media-amazon.com/images/I/41IBWthzaBL._SL500_.jpg" alt="Product Image"></a><p>Doctor's Best High Absorption Magnesium Glycinate Lysinate, 100% Chelated, TRACCS, Not Buffered, Non-GMO, Vegan, Gluten & Soy Free, 100 mg, 120 Tablets (Packaging May Vary)</p><p> -42% 0FF </p><p>$10.39 ($0.09 / Count)</p><a href="https://www.amazon.com/dp/B00151G8L8?tag=eloabder-20&linkCode=osi&th=1&psc=1">View Product</a></div><div class="product"><a href="https://www.amazon.com/dp/B01CJGXMU2?tag=eloabder-20&linkCode=osi&th=1&psc=1"><img src="https://m.media-amazon.com/images/I/41vazOiu5hL._SL500_.jpg" alt="Product Image"></a><p>Nature Made Magnesium Oxide 250 mg, Magnesium Supplement for Muscle, Heart, Bone and Nerve Health Support, 100 Tablets, 100 Day Supply</p><p> -27% 0FF </p><p>$4.49 ($0.04 / Count)</p><a href="https://www.amazon.com/dp/B01CJGXMU2?tag=eloabder-20&linkCode=osi&th=1&psc=1">View Product</a></div><div class="product"><a href="https://www.amazon.com/dp/B0CRNTTRWH?tag=eloabder-20&linkCode=osi&th=1&psc=1"><img src="https://m.media-amazon.com/images/I/51yGB2K9u1L._SL500_.jpg" alt="Product Image"></a><p>NatureMade Extra Strength Magnesium 400 mg for Bone Health, 180 Softgels</p><p> -26% 0FF </p><p>$24.25 ($0.13 / Count)</p><a href="https://www.amazon.com/dp/B0CRNTTRWH?tag=eloabder-20&linkCode=osi&th=1&psc=1">View Product</a></div><div class="product"><a href="https://www.amazon.com/dp/B0982JTZ7C?tag=eloabder-20&linkCode=osi&th=1&psc=1"><img src="https://m.media-amazon.com/images/I/410EJ4ZeN7L._SL500_.jpg" alt="Product Image"></a><p>Vitamatic Magnesium Citrate Gummies 600mg per Serving - 60 Vegan Gummies - Promotes Healthy Relaxation, Muscle, Bone, & Energy Support (60 Gummies (Pack of 1))</p><p> -31% 0FF </p><p>$8.99 ($0.15 / Count)</p><a href="https://www.amazon.com/dp/B0982JTZ7C?tag=eloabder-20&linkCode=osi&th=1&psc=1">View Product</a></div>
<div class="product"><a href="https://www.amazon.com/dp/B0000DJAPU?tag=eloabder-20&linkCode=osi&th=1&psc=1"><img src="https://m.media-amazon.com/images/I/41AWyU-R3pL._SL500_.jpg" alt="Product Image"></a><p>Nature Made Zinc 30 mg, Dietary Supplement for Immune Health and Antioxidant Support, 100 Tablets, 100 Day Supply</p><p> -14% 0FF </p><p>$4.99 ($0.05 / Count)</p><a href="https://www.amazon.com/dp/B0000DJAPU?tag=eloabder-20&linkCode=osi&th=1&psc=1">View Product</a></div><div class="product"><a href="https://www.amazon.com/dp/B009K6TN08?tag=eloabder-20&linkCode=osi&th=1&psc=1"><img src="https://m.media-amazon.com/images/I/41+5SobvuAL._SL500_.jpg" alt="Product Image"></a><p>NOW Foods Supplements, Zinc (Zinc Gluconate) 50 mg, Supports Enzyme Functions*, Immune Support*, 100 Tablets</p><p> -39% 0FF </p><p>$4.88 ($0.05 / Count)</p><a href="https://www.amazon.com/dp/B009K6TN08?tag=eloabder-20&linkCode=osi&th=1&psc=1">View Product</a></div><div class="product"><a href="https://www.amazon.com/dp/B0098U0QC0?tag=eloabder-20&linkCode=osi&th=1&psc=1"><img src="https://m.media-amazon.com/images/I/5129AYBHcsS._SL500_.jpg" alt="Product Image"></a><p>Garden of Life Zinc Supplements 30mg High Potency Raw Zinc and Vitamin C Multimineral Supplement, Vitamin Code Vitamins Trace Minerals & Probiotics for Skin Health & Immune Support, 60 Vegan Capsules</p><p> -30% 0FF </p><p>$11.19 ($0.19 / Count)</p><a href="https://www.amazon.com/dp/B0098U0QC0?tag=eloabder-20&linkCode=osi&th=1&psc=1">View Product</a></div><div class="product"><a href="https://www.amazon.com/dp/B07QF5YZPM?tag=eloabder-20&linkCode=osi&th=1&psc=1"><img src="https://m.media-amazon.com/images/I/31-Es0RvwCL._SL500_.jpg" alt="Product Image"></a><p>Horbäach Chelated Zinc Supplement 100mg | 250 Tablets | High Potency & Superior Absorption | Vegetarian, Non-GMO, Gluten Free</p><p> -15% 0FF </p><p>$9.39 ($0.04 / Count)</p><a href="https://www.amazon.com/dp/B07QF5YZPM?tag=eloabder-20&linkCode=osi&th=1&psc=1">View Product</a></div><div class="product"><a href="https://www.amazon.com/dp/B004S8CNMS?tag=eloabder-20&linkCode=osi&th=1&psc=1"><img src="https://m.media-amazon.com/images/I/4189jQ1l1qL._SL500_.jpg" alt="Product Image"></a><p>Life Extension Zinc Caps, zinc 50 mg, zinc citrate, Support the body's immune defenses, ultra-absorbable, vegetarian, non-GMO, gluten-free, 90 vegetarian capsules, 90 Count (Pack of 1)</p><p> -25% 0FF </p><p>$6.75 ($0.08 / Count)</p><a href="https://www.amazon.com/dp/B004S8CNMS?tag=eloabder-20&linkCode=osi&th=1&psc=1">View Product</a></div><div class="product"><a href="https://www.amazon.com/dp/B087YLTR4G?tag=eloabder-20&linkCode=osi&th=1&psc=1"><img src="https://m.media-amazon.com/images/I/41hh-3XSXjL._SL500_.jpg" alt="Product Image"></a><p>Sandhu’s Zinc Quercetin 120 Vegetarian Capsules – Zinc Supplements for Antioxidant Immune Support Zinc for Men and Women – Gluten, Soy, Dairy Free</p><p> -20% 0FF </p><p>$27.99 ($0.23 / Count)</p><a href="https://www.amazon.com/dp/B087YLTR4G?tag=eloabder-20&linkCode=osi&th=1&psc=1">View Product</a></div>
<div class="product"><a href="https://www.amazon.com/dp/B0000DJAPS?tag=eloabder-20&linkCode=osi&th=1&psc=1"><img src="https://m.media-amazon.com/images/I/41V-vVwQs7L._SL500_.jpg" alt="Product Image"></a><p>Nature Made Folic Acid 400 mcg (665 mcg DFE), Dietary Supplement for Nervous System Function, 250 Tablets, 250 Day Supply</p><p> -10% 0FF </p><p>$6.31 ($0.03 / Count)</p><a href="https://www.amazon.com/dp/B0000DJAPS?tag=eloabder-20&linkCode=osi&th=1&psc=1">View Product</a></div><div class="product"><a href="https://www.amazon.com/dp/B0009U84Z4?tag=eloabder-20&linkCode=osi&th=1&psc=1"><img src="https://m.media-amazon.com/images/I/41XgVk+QOcL._SL500_.jpg" alt="Product Image"></a><p>NOW Foods Supplements, Folic Acid 800 mcg + B-12 (Cyanocobalamin) 25 mcg, B Complex Vitamin, 250 Tablets</p><p> -39% 0FF </p><p>$5.50 ($0.02 / Count)</p><a href="https://www.amazon.com/dp/B0009U84Z4?tag=eloabder-20&linkCode=osi&th=1&psc=1">View Product</a></div><div class="product"><a href="https://www.amazon.com/dp/B099JC2YTF?tag=eloabder-20&linkCode=osi&th=1&psc=1"><img src="https://m.media-amazon.com/images/I/41T14HpE5hS._SL500_.jpg" alt="Product Image"></a><p>Vitamatic Folic Acid 1000 mcg (1 mg) - Vegetarian Tablets - 1667 mcg DFE - Vitamin B9 (240 Count (Pack of 1))</p><p> -33% 0FF </p><p>$9.99 ($0.04 / Count)</p><a href="https://www.amazon.com/dp/B099JC2YTF?tag=eloabder-20&linkCode=osi&th=1&psc=1">View Product</a></div><div class="product"><a href="https://www.amazon.com/dp/B01IO43YO2?tag=eloabder-20&linkCode=osi&th=1&psc=1"><img src="https://m.media-amazon.com/images/I/41osMHAFreL._SL500_.jpg" alt="Product Image"></a><p>Nutricost Folic Acid (Vitamin B9) 1000 mcg, 240 Capsules</p><p> -13% 0FF </p><p>$12.95 ($0.05 / Count)</p><a href="https://www.amazon.com/dp/B01IO43YO2?tag=eloabder-20&linkCode=osi&th=1&psc=1">View Product</a></div><div class="product"><a href="https://www.amazon.com/dp/B000PSYWQK?tag=eloabder-20&linkCode=osi&th=1&psc=1"><img src="https://m.media-amazon.com/images/I/41qXznaiUlL._SL500_.jpg" alt="Product Image"></a><p>21st Century Folic Acid 400 mcg Tablets, 250 Count</p><p> -28% 0FF </p><p>$3.61 ($0.01 / Count)</p><a href="https://www.amazon.com/dp/B000PSYWQK?tag=eloabder-20&linkCode=osi&th=1&psc=1">View Product</a></div>
<div class="product"><a href="https://www.amazon.com/dp/B00DS5BGAC?tag=eloabder-20&linkCode=osi&th=1&psc=1"><img src="https://m.media-amazon.com/images/I/41XgXxh1trL._SL500_.jpg" alt="Product Image"></a><p>Nature Made Maximum Strength Biotin 5000 mcg, Dietary Supplement may help support Healthy Hair, Skin & Nails, 120 Softgels</p><p> -32% 0FF </p><p>$16.25 ($0.14 / Count)</p><a href="https://www.amazon.com/dp/B00DS5BGAC?tag=eloabder-20&linkCode=osi&th=1&psc=1">View Product</a></div><div class="product"><a href="https://www.amazon.com/dp/B0889KTX1J?tag=eloabder-20&linkCode=osi&th=1&psc=1"><img src="https://m.media-amazon.com/images/I/41CgZFj-vcL._SL500_.jpg" alt="Product Image"></a><p>Nature's Bounty Biotin 10,000 mcg, 250 Rapid Release Softgels</p><p> -15% 0FF </p><p>$16.97 ($0.07 / Count)</p><a href="https://www.amazon.com/dp/B0889KTX1J?tag=eloabder-20&linkCode=osi&th=1&psc=1">View Product</a></div><div class="product"><a href="https://www.amazon.com/dp/B01D6AQQQC?tag=eloabder-20&linkCode=osi&th=1&psc=1"><img src="https://m.media-amazon.com/images/I/41TljEJomnL._SL500_.jpg" alt="Product Image"></a><p>Nature Made One Per Day Biotin (B7) 1000 mcg. Softgels 120 Ct</p><p> -32% 0FF </p><p>$10.01 ($0.08 / Count)</p><a href="https://www.amazon.com/dp/B01D6AQQQC?tag=eloabder-20&linkCode=osi&th=1&psc=1">View Product</a></div><div class="product"><a href="https://www.amazon.com/dp/B00DS5BG52?tag=eloabder-20&linkCode=osi&th=1&psc=1"><img src="https://m.media-amazon.com/images/I/410g0guLnxL._SL500_.jpg" alt="Product Image"></a><p>Nature Made Time Release B-100 B Complex, Dietary Supplement for Nervous System Function Support, 60 Time Release Tablets, 60 Day Supply</p><p> -22% 0FF </p><p>$16.47 ($0.11 / Count)</p><a href="https://www.amazon.com/dp/B00DS5BG52?tag=eloabder-20&linkCode=osi&th=1&psc=1">View Product</a></div><div class="product"><a href="https://www.amazon.com/dp/B000WSS3TA?tag=eloabder-20&linkCode=osi&th=1&psc=1"><img src="https://m.media-amazon.com/images/I/41Y5bx0ysML._SL500_.jpg" alt="Product Image"></a><p>NOW Supplements, Biotin 1,000 mcg, Amino Acid Metabolism*, Energy Production*, 100 Capsules</p><p> -39% 0FF </p><p>$5.50 ($0.06 / Count)</p><a href="https://www.amazon.com/dp/B000WSS3TA?tag=eloabder-20&linkCode=osi&th=1&psc=1">View Product</a></div>
<div class="product"><a href="https://www.amazon.com/dp/B08451719W?tag=eloabder-20&linkCode=osi&th=1&psc=1"><img src="https://m.media-amazon.com/images/I/41Yv7xh8wNL._SL500_.jpg" alt="Product Image"></a><p>Carlyle Melatonin 12 mg Fast Dissolve 300 Tablets | Drug Free | Natural Berry Flavor | Vegetarian, Non-GMO, Gluten Free</p><p> -15% 0FF </p><p>$8.99 ($0.03 / Count)</p><a href="https://www.amazon.com/dp/B08451719W?tag=eloabder-20&linkCode=osi&th=1&psc=1">View Product</a></div><div class="product"><a href="https://www.amazon.com/dp/B000GG6D9A?tag=eloabder-20&linkCode=osi&th=1&psc=1"><img src="https://m.media-amazon.com/images/I/41FKo4YWuQL._SL500_.jpg" alt="Product Image"></a><p>Nature’s Bounty Melatonin 3mg, 100% Drug Free Sleep Aids for Adults, Supports Relaxation and Sleep, Dietary Supplement, 240 Count (Cherry Flavour - Packaging May Vary)</p><p> -35% 0FF </p><p>$7.74 ($0.03 / Count)</p><a href="https://www.amazon.com/dp/B000GG6D9A?tag=eloabder-20&linkCode=osi&th=1&psc=1">View Product</a></div><div class="product"><a href="https://www.amazon.com/dp/B01E14X7SM?tag=eloabder-20&linkCode=osi&th=1&psc=1"><img src="https://m.media-amazon.com/images/I/4193TTQGbkL._SL500_.jpg" alt="Product Image"></a><p>Natrol Sleep Melatonin 10mg Fast Dissolve Tablets, Nighttime Sleep Aid for Adults, 100 Strawberry-Flavored Melatonin Tablets, 100 Day Supply</p><p> -22% 0FF </p><p>$13.19 ($0.13 / Count)</p><a href="https://www.amazon.com/dp/B01E14X7SM?tag=eloabder-20&linkCode=osi&th=1&psc=1">View Product</a></div><div class="product"><a href="https://www.amazon.com/dp/B005DEK990?tag=eloabder-20&linkCode=osi&th=1&psc=1"><img src="https://m.media-amazon.com/images/I/41WEN6LZ54L._SL500_.jpg" alt="Product Image"></a><p>Nature Made Melatonin 3mg Tablets, 100% Drug Free Sleep Aid for Adults, 240 Tablets, 240 Day Supply</p><p> -36% 0FF </p><p>$7.81 ($0.03 / Count)</p><a href="https://www.amazon.com/dp/B005DEK990?tag=eloabder-20&linkCode=osi&th=1&psc=1">View Product</a></div><div class="product"><a href="https://www.amazon.com/dp/B085V63SWW?tag=eloabder-20&linkCode=osi&th=1&psc=1"><img src="https://m.media-amazon.com/images/I/41dWasYIlQL._SL500_.jpg" alt="Product Image"></a><p>Nature Made Melatonin 10mg Maximum Strength Tablets, 100% Drug Free Sleep Aid for Adults, 70 Count, 70 Day Supply</p><p> -15% 0FF </p><p>$13.17 ($0.19 / Count)</p><a href="https://www.amazon.com/dp/B085V63SWW?tag=eloabder-20&linkCode=osi&th=1&psc=1">View Product</a></div><div class="product"><a href="https://www.amazon.com/dp/B08666GMWG?tag=eloabder-20&linkCode=osi&th=1&psc=1"><img src="https://m.media-amazon.com/images/I/41dH5lxQdfL._SL500_.jpg" alt="Product Image"></a><p>Natrol 10mg Melatonin Gummies, Sleep Support for Adults, Melatonin Supplements for Sleeping, 140 Strawberry-Flavored Gummies, 70 Day Supply</p><p> -26% 0FF </p><p>$15.99 ($0.11 / Count)</p><a href="https://www.amazon.com/dp/B08666GMWG?tag=eloabder-20&linkCode=osi&th=1&psc=1">View Product</a></div><div class="product"><a href="https://www.amazon.com/dp/B00H2FG8RK?tag=eloabder-20&linkCode=osi&th=1&psc=1"><img src="https://m.media-amazon.com/images/I/41E1SmNAVtL._SL500_.jpg" alt="Product Image"></a><p>Nature's Bounty Melatonin 5mg Dual Spectrum, 100% Drug Free Sleep Supplement, Quick Release and Extended Release, Promotes Relaxation and Sleep Health, 60 Bi-Layer Tablets</p><p> -35% 0FF </p><p>$7.29 ($0.12 / Count)</p><a href="https://www.amazon.com/dp/B00H2FG8RK?tag=eloabder-20&linkCode=osi&th=1&psc=1">View Product</a></div><div class="product"><a href="https://www.amazon.com/dp/B079TD7HG2?tag=eloabder-20&linkCode=osi&th=1&psc=1"><img src="https://m.media-amazon.com/images/I/519TEPXTm7L._SL500_.jpg" alt="Product Image"></a><p>Natrol 10 mg Melatonin Gummies, Sleep Support for Adults, Melatonin Supplements for Sleeping, 90 Strawberry-Flavored Gummies, 45 Day Supply</p><p> -27% 0FF </p><p>$10.98 ($0.12 / Count)</p><a href="https://www.amazon.com/dp/B079TD7HG2?tag=eloabder-20&linkCode=osi&th=1&psc=1">View Product</a></div>
<div class="product"><a href="https://www.amazon.com/dp/B01GVJK3XW?tag=eloabder-20&linkCode=osi&th=1&psc=1"><img src="https://m.media-amazon.com/images/I/41y-ROAavrL._SL500_.jpg" alt="Product Image"></a><p>Glucosamine Chondroitin MSM Turmeric Boswellia - Joint Support Supplement. Antioxidant Properties. Helps with Inflammatory Response. Occasional Discomfort Relief for Back, Knees & Hands. 90 Capsules</p><p> -15% 0FF </p><p>$28.97 ($0.32 / Count)</p><a href="https://www.amazon.com/dp/B01GVJK3XW?tag=eloabder-20&linkCode=osi&th=1&psc=1">View Product</a></div><div class="product"><a href="https://www.amazon.com/dp/B0BJS6ZYSM?tag=eloabder-20&linkCode=osi&th=1&psc=1"><img src="https://m.media-amazon.com/images/I/41xRD3RMthL._SL500_.jpg" alt="Product Image"></a><p>Horbäach Glucosamine Chondroitin | Plus MSM & Turmeric | 180 Coated Caplets | Non-GMO, Gluten Free Supplement</p><p> -15% 0FF </p><p>$9.88 ($0.05 / Count)</p><a href="https://www.amazon.com/dp/B0BJS6ZYSM?tag=eloabder-20&linkCode=osi&th=1&psc=1">View Product</a></div><div class="product"><a href="https://www.amazon.com/dp/B000052YVA?tag=eloabder-20&linkCode=osi&th=1&psc=1"><img src="https://m.media-amazon.com/images/I/51Pss8N94eL._SL500_.jpg" alt="Product Image"></a><p>Nature's Bounty Glucosamine Chondroitin Pills and Dietary Supplement, Support Joint Health, 110 Capsules</p><p> -29% 0FF </p><p>$16.79 ($0.15 / Count)</p><a href="https://www.amazon.com/dp/B000052YVA?tag=eloabder-20&linkCode=osi&th=1&psc=1">View Product</a></div><div class="product"><a href="https://www.amazon.com/dp/B000I4DFAK?tag=eloabder-20&linkCode=osi&th=1&psc=1"><img src="https://m.media-amazon.com/images/I/412eH9qi4+L._SL500_.jpg" alt="Product Image"></a><p>Doctor's Best Glucosamine Chondroitin Msm with OptiMSM Capsules, Supports Healthy Joint Structure, Function & Comfort, Non-GMO, Gluten Free, Soy Free, 240 Count (Pack of 1)</p><p> -46% 0FF </p><p>$27.21 ($0.11 / Count)</p><a href="https://www.amazon.com/dp/B000I4DFAK?tag=eloabder-20&linkCode=osi&th=1&psc=1">View Product</a></div>
<div class="product"><a href="https://www.amazon.com/dp/B0013OVYE8?tag=eloabder-20&linkCode=osi&th=1&psc=1"><img src="https://m.media-amazon.com/images/I/41rq0wz7-AL._SL500_.jpg" alt="Product Image"></a><p>NOW Foods Supplements, Chondroitin Sulfate 600 mg (a Glycosaminoglycan), Joint Health*, 120 Capsules</p><p> -46% 0FF </p><p>$20.40 ($0.17 / Count)</p><a href="https://www.amazon.com/dp/B0013OVYE8?tag=eloabder-20&linkCode=osi&th=1&psc=1">View Product</a></div><div class="product"><a href="https://www.amazon.com/dp/B09KZLMBVD?tag=eloabder-20&linkCode=osi&th=1&psc=1"><img src="https://m.media-amazon.com/images/I/41rl9efgbGL._SL500_.jpg" alt="Product Image"></a><p>Horbaäch Chondroitin Sulfate 1200mg | 120 Capsules | Non-GMO & Gluten Free Supplement</p><p> -15% 0FF </p><p>$17.38 ($0.14 / Count)</p><a href="https://www.amazon.com/dp/B09KZLMBVD?tag=eloabder-20&linkCode=osi&th=1&psc=1">View Product</a></div>
<div class="product"><a href="https://www.amazon.com/dp/B004GJVD4I?tag=eloabder-20&linkCode=osi&th=1&psc=1"><img src="https://m.media-amazon.com/images/I/41rXqlhNrwL._SL500_.jpg" alt="Product Image"></a><p>Nature Made CoQ10 200mg, Dietary Supplement for Heart Health Support, 80 Softgels, 80 Day Supply</p><p> -52% 0FF </p><p>$23.98 ($0.30 / Count)</p><a href="https://www.amazon.com/dp/B004GJVD4I?tag=eloabder-20&linkCode=osi&th=1&psc=1">View Product</a></div><div class="product"><a href="https://www.amazon.com/dp/B0CFXBNL3Q?tag=eloabder-20&linkCode=osi&th=1&psc=1"><img src="https://m.media-amazon.com/images/I/41GAV2EaxRL._SL500_.jpg" alt="Product Image"></a><p>Stynghj CoQ10 300mg,100 Softgels-Helps Maintain Healthy Blood Pressure and Promotes Energy Production,100 Count (Pack of 1)</p><p> -5% 0FF </p><p>$17.89 ($0.18 / Count)</p><a href="https://www.amazon.com/dp/B0CFXBNL3Q?tag=eloabder-20&linkCode=osi&th=1&psc=1">View Product</a></div><div class="product"><a href="https://www.amazon.com/dp/B0BL1Z8MVD?tag=eloabder-20&linkCode=osi&th=1&psc=1"><img src="https://m.media-amazon.com/images/I/51-25Gi4YyL._SL500_.jpg" alt="Product Image"></a><p>Qunol Ultra CoQ10 100mg Softgels- 3x Better Absorption, Antioxidant for Heart Health & Energy Production, Coenzyme Q10 Vitamins and Supplements, 3 Month Supply, 90 Count</p><p> -10% 0FF </p><p>$23.39 ($0.26 / Count)</p><a href="https://www.amazon.com/dp/B0BL1Z8MVD?tag=eloabder-20&linkCode=osi&th=1&psc=1">View Product</a></div><div class="product"><a href="https://www.amazon.com/dp/B096NKZB6V?tag=eloabder-20&linkCode=osi&th=1&psc=1"><img src="https://m.media-amazon.com/images/I/41ECd00nr9L._SL500_.jpg" alt="Product Image"></a><p>CoQ10-200mg-Softgels with PQQ, BioPerine & Omega-3, 120 Servings Coenzyme Q10(Ubiquinone) Supplement for High-Absorption, Powerful-Antioxidant, Support Heart & Energy-Production</p><p> -24% 0FF </p><p>$15.99 ($0.13 / Count)</p><a href="https://www.amazon.com/dp/B096NKZB6V?tag=eloabder-20&linkCode=osi&th=1&psc=1">View Product</a></div><div class="product"><a href="https://www.amazon.com/dp/B0CF3M3Y1M?tag=eloabder-20&linkCode=osi&th=1&psc=1"><img src="https://m.media-amazon.com/images/I/41U+3SrQIVL._SL500_.jpg" alt="Product Image"></a><p>CoQ10 100mg, 240 Capsules – with Omega 3 Fatty Acid 100mg – Bioavailable Coenzyme Q10 Supplements – Heart, Energy, & Brain Health Antioxidant Support – Non-GMO</p><p> -50% 0FF </p><p>$9.99 ($0.04 / Count)</p><a href="https://www.amazon.com/dp/B0CF3M3Y1M?tag=eloabder-20&linkCode=osi&th=1&psc=1">View Product</a></div>
<div class="product"><a href="https://www.amazon.com/dp/B001GCU6KA?tag=eloabder-20&linkCode=osi&th=1&psc=1"><img src="https://m.media-amazon.com/images/I/41GqjqtkrqL._SL500_.jpg" alt="Product Image"></a><p>NOW Foods Supplements, Omega-3 180 EPA / 120 DHA, Molecularly Distilled, Cardiovascular Support*, 200 Softgels</p><p> -39% 0FF </p><p>$12.24 ($0.06 / Count)</p><a href="https://www.amazon.com/dp/B001GCU6KA?tag=eloabder-20&linkCode=osi&th=1&psc=1">View Product</a></div>
<div class="product"><a href="https://www.amazon.com/dp/B01BXLYEQ0?tag=eloabder-20&linkCode=osi&th=1&psc=1"><img src="https://m.media-amazon.com/images/I/41-9QpEJLtL._SL500_.jpg" alt="Product Image"></a><p>Jacked Factory Burn-XT Clinically Studied Fat Burner & Weight Loss Supplement - Appetite Suppressant & Energy Booster - with Acetyl L-Carnitine, Green Tea Extract and More - 60 Natural Diet Pills</p><p> -43% 0FF </p><p>$19.99 ($0.33 / Count)</p><a href="https://www.amazon.com/dp/B01BXLYEQ0?tag=eloabder-20&linkCode=osi&th=1&psc=1">View Product</a></div><div class="product"><a href="https://www.amazon.com/dp/B00D0VY8BS?tag=eloabder-20&linkCode=osi&th=1&psc=1"><img src="https://m.media-amazon.com/images/I/41NUcpXu+8L._SL500_.jpg" alt="Product Image"></a><p>Hyleys Slim Tea Goji Berry with Green Tea & Senna - Herbal Weight Loss Detox Cleanse Supplement for Belly Fat, Bloating & Metabolism Boost - 25 Tea Bags (1 Pack)</p><p> -23% 0FF </p><p>$4.25 ($0.17 / Count)</p><a href="https://www.amazon.com/dp/B00D0VY8BS?tag=eloabder-20&linkCode=osi&th=1&psc=1">View Product</a></div><div class="product"><a href="https://www.amazon.com/dp/B0BJ827RQF?tag=eloabder-20&linkCode=osi&th=1&psc=1"><img src="https://m.media-amazon.com/images/I/31TvlRh-20L._SL500_.jpg" alt="Product Image"></a><p>alli Diet Weight Loss Supplement Pills, Orlistat 60Mg Capsules, 170 Count</p><p> -14% 0FF </p><p>$68.78 ($0.40 / Count)</p><a href="https://www.amazon.com/dp/B0BJ827RQF?tag=eloabder-20&linkCode=osi&th=1&psc=1">View Product</a></div>
<div class="product"><a href="https://www.amazon.com/dp/B0D7D24YCJ?tag=eloabder-20&linkCode=osi&th=1&psc=1"><img src="https://m.media-amazon.com/images/I/41C9C5C0phL._SL500_.jpg" alt="Product Image"></a><p>LMNITRIX Burnz - Extreme Thermogenic Fat Burner - Powerful Weight Loss Aid, Stronger Than Most Diet Pills - True Plateau Destroyer - Lose Weight Fast for Men and Women - 60ct</p><p> -38% 0FF </p><p>$24.95 ($0.42 / Count)</p><a href="https://www.amazon.com/dp/B0D7D24YCJ?tag=eloabder-20&linkCode=osi&th=1&psc=1">View Product</a></div><div class="product"><a href="https://www.amazon.com/dp/B00NINY2U0?tag=eloabder-20&linkCode=osi&th=1&psc=1"><img src="https://m.media-amazon.com/images/I/51T7RcSsXCL._SL500_.jpg" alt="Product Image"></a><p>EVL Thermogenic Fat Burner Support - Fast Acting Weight Loss Energy and Appetite Support - Trans4orm Green Tea Fat Burner and Weight Loss Support Supplement for Men and Women - 60 Servings</p><p> -23% 0FF </p><p>$22.99 ($0.19 / Count)</p><a href="https://www.amazon.com/dp/B00NINY2U0?tag=eloabder-20&linkCode=osi&th=1&psc=1">View Product</a></div><div class="product"><a href="https://www.amazon.com/dp/B09BG4SWGG?tag=eloabder-20&linkCode=osi&th=1&psc=1"><img src="https://m.media-amazon.com/images/I/41Jve5vb6rL._SL500_.jpg" alt="Product Image"></a><p>Youtheory Daily Fat Burner - Supports Body Composition & Metabolism - with Citrus Fruit Blend, Chromium & Cayenne Extract - Gluten, Soy & Dairy Free - 60 Vegetarian Capsules</p><p> -34% 0FF </p><p>$17.18 ($0.29 / Count)</p><a href="https://www.amazon.com/dp/B09BG4SWGG?tag=eloabder-20&linkCode=osi&th=1&psc=1">View Product</a></div>
<div class="product"><a href="https://www.amazon.com/dp/B0CG3SLY3K?tag=eloabder-20&linkCode=osi&th=1&psc=1"><img src="https://m.media-amazon.com/images/I/51VO0WaTYtL._SL500_.jpg" alt="Product Image"></a><p>Dr Vitamins Thermogenic Fat Burner for Women and Men - Appetite Suppressant for Weight Loss - Includes Green Tea Extracts for Bloat Relief - Metabolism Booster - Pack of 2</p><p> -6% 0FF </p><p>$33.95 ($0.28 / Count)</p><a href="https://www.amazon.com/dp/B0CG3SLY3K?tag=eloabder-20&linkCode=osi&th=1&psc=1">View Product</a></div><div class="product"><a href="https://www.amazon.com/dp/B09CBWWWDL?tag=eloabder-20&linkCode=osi&th=1&psc=1"><img src="https://m.media-amazon.com/images/I/41E5Ubb2vrL._SL500_.jpg" alt="Product Image"></a><p>OLLY Combat Cravings, Metabolism & Energy Support Supplement,1000 mcg Chromium, Green Tea, Goji Berry, Ginger - 30 Count</p><p> -16% 0FF </p><p>$16.88 ($0.56 / Count)</p><a href="https://www.amazon.com/dp/B09CBWWWDL?tag=eloabder-20&linkCode=osi&th=1&psc=1">View Product</a></div><div class="product"><a href="https://www.amazon.com/dp/B07CJ166BR?tag=eloabder-20&linkCode=osi&th=1&psc=1"><img src="https://m.media-amazon.com/images/I/313vHBJOmTL._SL500_.jpg" alt="Product Image"></a><p>Carlyle Ultra Chromium Picolinate 1000mcg | 360 Tablets | Vegetarian, Non-GMO, Gluten Free</p><p> -15% 0FF </p><p>$9.49 ($0.03 / Count)</p><a href="https://www.amazon.com/dp/B07CJ166BR?tag=eloabder-20&linkCode=osi&th=1&psc=1">View Product</a></div><div class="product"><a href="https://www.amazon.com/dp/B0B3KQCYFB?tag=eloabder-20&linkCode=osi&th=1&psc=1"><img src="https://m.media-amazon.com/images/I/412J2DzjVuL._SL500_.jpg" alt="Product Image"></a><p>UNALTERED Appetite Suppressant for Women - Combat Cravings, Bloating, & Support Weight Loss - Natural Diet Pills, Fat Burner, & Carb Blocker - Features Chromium Picolinate & Glucomannan - 120 Ct</p><p> -7% 0FF </p><p>$39.99 ($0.33 / Count)</p><a href="https://www.amazon.com/dp/B0B3KQCYFB?tag=eloabder-20&linkCode=osi&th=1&psc=1">View Product</a></div>
<div class="product"><a href="https://www.amazon.com/dp/B0015068PA?tag=eloabder-20&linkCode=osi&th=1&psc=1"><img src="https://m.media-amazon.com/images/I/41PLpivCSAL._SL500_.jpg" alt="Product Image"></a><p>Atkins Milk Chocolate Delight Protein Shake, 15g Protein, Low Glycemic, 2g Net Carb, 1g Sugar, Keto Friendly, 12 Count</p><p> -22% 0FF </p><p>$19.48 ($0.15 / Fl Oz)</p><a href="https://www.amazon.com/dp/B0015068PA?tag=eloabder-20&linkCode=osi&th=1&psc=1">View Product</a></div><div class="product"><a href="https://www.amazon.com/dp/B007S6Y6VS?tag=eloabder-20&linkCode=osi&th=1&psc=1"><img src="https://m.media-amazon.com/images/I/51rcU9FqXVL._SL500_.jpg" alt="Product Image"></a><p>Garden of Life Raw Organic Meal Replacement Shakes - Chocolate Plant Based Vegan Protein Powder, Pea Protein, Sprouts, Greens, Probiotics, Dairy Free All in One Shake for Women and Men, 28 Servings</p><p> -29% 0FF </p><p>$42.36 ($1.11 / Ounce)</p><a href="https://www.amazon.com/dp/B007S6Y6VS?tag=eloabder-20&linkCode=osi&th=1&psc=1">View Product</a></div><div class="product"><a href="https://www.amazon.com/dp/B0015068TG?tag=eloabder-20&linkCode=osi&th=1&psc=1"><img src="https://m.media-amazon.com/images/I/41hXIUA336L._SL500_.jpg" alt="Product Image"></a><p>Atkins Creamy Vanilla Protein Shake, 15g Protein, Low Glycemic, 2g Net Carb, 1g Sugar, Keto Friendly, 12 Count</p><p> -31% 0FF </p><p>$17.18 ($0.13 / Fl Oz)</p><a href="https://www.amazon.com/dp/B0015068TG?tag=eloabder-20&linkCode=osi&th=1&psc=1">View Product</a></div><div class="product"><a href="https://www.amazon.com/dp/B06Y5ZG66K?tag=eloabder-20&linkCode=osi&th=1&psc=1"><img src="https://m.media-amazon.com/images/I/51Lyzdfa4oL._SL500_.jpg" alt="Product Image"></a><p>Premier Protein Powder, Chocolate Milkshake, 30g Protein, 1g Sugar, 100% Whey Protein, Keto Friendly, No Soy Ingredients, Gluten Free, 17 Servings, 23.9 Ounce (Pack of 1)</p><p> -9% 0FF </p><p>$21.89 ($0.89 / Ounce)</p><a href="https://www.amazon.com/dp/B06Y5ZG66K?tag=eloabder-20&linkCode=osi&th=1&psc=1">View Product</a></div><div class="product"><a href="https://www.amazon.com/dp/B072XT69DR?tag=eloabder-20&linkCode=osi&th=1&psc=1"><img src="https://m.media-amazon.com/images/I/418TrrTOQWL._SL500_.jpg" alt="Product Image"></a><p>REDCON1 MRE Protein Powder, Blueberry Cobbler - Meal Replacement Protein Blend Made with MCT Oil & Whole Foods - Protein with Natural Ingredients to Aid in Muscle Recovery (25 Servings)</p><p> -13% 0FF </p><p>$69.99 ($0.61 / Ounce)</p><a href="https://www.amazon.com/dp/B072XT69DR?tag=eloabder-20&linkCode=osi&th=1&psc=1">View Product</a></div>
<div class="product"><a href="https://www.amazon.com/dp/B08XXHCGZT?tag=eloabder-20&linkCode=osi&th=1&psc=1"><img src="https://m.media-amazon.com/images/I/41iPl4jhA-L._SL500_.jpg" alt="Product Image"></a><p>Nature Made Magnesium Glycinate 200 mg per Serving, Magnesium Supplement for Muscle, Heart, Nerve and Bone Support, 60 Magnesium Bisglycinate Capsules, 30 Day Supply</p><p> -52% 0FF </p><p>$10.66 ($0.18 / Count)</p><a href="https://www.amazon.com/dp/B08XXHCGZT?tag=eloabder-20&linkCode=osi&th=1&psc=1">View Product</a></div>
<div class="product"><a href="https://www.amazon.com/dp/B00ISAPPLI?tag=eloabder-20&linkCode=osi&th=1&psc=1"><img src="https://m.media-amazon.com/images/I/417-h8k4YML._SL500_.jpg" alt="Product Image"></a><p>Dr. Tobias Colon 14 Day Cleanse, Advanced Gut Cleanse Detox for Women & Men with Cascara Sagrada, Psyllium Husk & Senna Leaf, Non-GMO Colon Cleanse, 28 Capsules 1-2 Daily</p><p> -15% 0FF </p><p>$19.99 ($0.71 / Count)</p><a href="https://www.amazon.com/dp/B00ISAPPLI?tag=eloabder-20&linkCode=osi&th=1&psc=1">View Product</a></div><div class="product"><a href="https://www.amazon.com/dp/B07DF77H2D?tag=eloabder-20&linkCode=osi&th=1&psc=1"><img src="https://m.media-amazon.com/images/I/41qnQqBKeJL._SL500_.jpg" alt="Product Image"></a><p>Liver Cleanse Detox & Repair Formula | 20+ Herbs: Milk Thistle Extract with Silymarin, Artichoke, Dandelion, Chicory Root Powder & More! | Premium Liver Support Pills Supplement, 60 Capsules</p><p> -8% 0FF </p><p>$22.95 ($0.38 / Count)</p><a href="https://www.amazon.com/dp/B07DF77H2D?tag=eloabder-20&linkCode=osi&th=1&psc=1">View Product</a></div><div class="product"><a href="https://www.amazon.com/dp/B01AVJGHW4?tag=eloabder-20&linkCode=osi&th=1&psc=1"><img src="https://m.media-amazon.com/images/I/51xGQHea+JL._SL500_.jpg" alt="Product Image"></a><p>Century Systems The Cleaner Detox, Powerful 7-Day Complete Internal Cleansing Formula for Men, Support Digestive Health, 52 Vegetarian Capsules</p><p> -8% 0FF </p><p>$12.50 ($0.24 / Count)</p><a href="https://www.amazon.com/dp/B01AVJGHW4?tag=eloabder-20&linkCode=osi&th=1&psc=1">View Product</a></div><div class="product"><a href="https://www.amazon.com/dp/B0CPVVYG5D?tag=eloabder-20&linkCode=osi&th=1&psc=1"><img src="https://m.media-amazon.com/images/I/41L2n+A9vjL._SL500_.jpg" alt="Product Image"></a><p>Milamiamor 15 Day Cleanse - Gut and Colon Support - Advanced Gut Cleanse Detox for Women & Men with Senna, Cascara Sagrada & Psyllium Husk - Non-GMO - Made in USA - 30 Capsules</p><p> -20% 0FF </p><p>$19.99 ($0.67 / Count)</p><a href="https://www.amazon.com/dp/B0CPVVYG5D?tag=eloabder-20&linkCode=osi&th=1&psc=1">View Product</a></div>
<div class="product"><a href="https://www.amazon.com/dp/B012RFVHSO?tag=eloabder-20&linkCode=osi&th=1&psc=1"><img src="https://m.media-amazon.com/images/I/51As5g4VfnL._SL500_.jpg" alt="Product Image"></a><p>OLLY Probiotic + Prebiotic Gummy, Digestive Support and Gut Health, 500 Million CFUs, Fiber, Adult Chewable Supplement for Men and Women, Peach, 30 Day Supply - 30 Count</p><p> -14% 0FF </p><p>$12.88 ($0.43 / Count)</p><a href="https://www.amazon.com/dp/B012RFVHSO?tag=eloabder-20&linkCode=osi&th=1&psc=1">View Product</a></div><div class="product"><a href="https://www.amazon.com/dp/B001TH7K0G?tag=eloabder-20&linkCode=osi&th=1&psc=1"><img src="https://m.media-amazon.com/images/I/41nbiJxKRNL._SL500_.jpg" alt="Product Image"></a><p>Metamucil 3-in-1 Fiber Capsules, Daily Psyllium Husk Fiber Supplement, Fiber Capsules for Digestive Health, Plant-Based Psyllium Husk Fiber Capsules, #1 Doctor Recommended Fiber Brand, 300ct Capsules</p><p> -10% 0FF </p><p>$30.54 ($0.10 / Count)</p><a href="https://www.amazon.com/dp/B001TH7K0G?tag=eloabder-20&linkCode=osi&th=1&psc=1">View Product</a></div><div class="product"><a href="https://www.amazon.com/dp/B0014CVXMW?tag=eloabder-20&linkCode=osi&th=1&psc=1"><img src="https://m.media-amazon.com/images/I/417nIjuQeVL._SL500_.jpg" alt="Product Image"></a><p>Nature's Bounty Acidophilus Probiotic, Daily Probiotic Supplement, Supports Digestive Health, 1 Pack, 120 Tablets</p><p> -26% 0FF </p><p>$7.89 ($0.07 / Count)</p><a href="https://www.amazon.com/dp/B0014CVXMW?tag=eloabder-20&linkCode=osi&th=1&psc=1">View Product</a></div><div class="product"><a href="https://www.amazon.com/dp/B00C1C21S4?tag=eloabder-20&linkCode=osi&th=1&psc=1"><img src="https://m.media-amazon.com/images/I/41jjvGyic9L._SL500_.jpg" alt="Product Image"></a><p>Digestive Advantage Probiotics For Digestive Health, Probiotic Gummies & Vit D, Daily Probiotics For Women &Men Occasional Bloating, Minor Abdominal Discomfort & Gut Health, 80ct Natural Fruit Flavors</p><p> -23% 0FF </p><p>$16.89 ($0.21 / Count)</p><a href="https://www.amazon.com/dp/B00C1C21S4?tag=eloabder-20&linkCode=osi&th=1&psc=1">View Product</a></div><div class="product"><a href="https://www.amazon.com/dp/B0BSKSTLR6?tag=eloabder-20&linkCode=osi&th=1&psc=1"><img src="https://m.media-amazon.com/images/I/4122KSnK5cL._SL500_.jpg" alt="Product Image"></a><p>Benefiber Prebiotic Fiber Supplement Gummies for Digestive Health, Assorted Fruit Flavor - 81 Count</p><p> -5% 0FF </p><p>$17.99 ($0.22 / Count)</p><a href="https://www.amazon.com/dp/B0BSKSTLR6?tag=eloabder-20&linkCode=osi&th=1&psc=1">View Product</a></div><div class="product"><a href="https://www.amazon.com/dp/B0007IQMVG?tag=eloabder-20&linkCode=osi&th=1&psc=1"><img src="https://m.media-amazon.com/images/I/41LbuIg0j9L._SL500_.jpg" alt="Product Image"></a><p>Digestive Advantage IBS Probiotics For Women and Men, Probiotics For Digestive Health & Intensive Bowel Support with Digestive Enzymes For Gut Health, Occasional Bloating & Immune Support, 96 Capsules</p><p> -17% 0FF </p><p>$24.78 ($0.26 / Count)</p><a href="https://www.amazon.com/dp/B0007IQMVG?tag=eloabder-20&linkCode=osi&th=1&psc=1">View Product</a></div>
<div class="product"><a href="https://www.amazon.com/dp/B000GISTZ4?tag=eloabder-20&linkCode=osi&th=1&psc=1"><img src="https://m.media-amazon.com/images/I/41lOq4KDvCL._SL500_.jpg" alt="Product Image"></a><p>Optimum Nutrition Gold Standard 100% Whey Protein Powder, Vanilla Ice Cream, 2 Pound (Packaging May Vary)</p><p> -17% 0FF </p><p>$35.00 ($1.09 / Ounce)</p><a href="https://www.amazon.com/dp/B000GISTZ4?tag=eloabder-20&linkCode=osi&th=1&psc=1">View Product</a></div><div class="product"><a href="https://www.amazon.com/dp/B09MR8N7D9?tag=eloabder-20&linkCode=osi&th=1&psc=1"><img src="https://m.media-amazon.com/images/I/51PpAEj50iL._SL500_.jpg" alt="Product Image"></a><p>Dymatize ISO100 Whey Protein Powder with 25g of Hydrolyzed 100% Whey Isolate, Gluten Free, Fast Digesting, Chocolate Peanut Butter, 20 Servings</p><p> -20% 0FF </p><p>$26.77 ($1.17 / Ounce)</p><a href="https://www.amazon.com/dp/B09MR8N7D9?tag=eloabder-20&linkCode=osi&th=1&psc=1">View Product</a></div><div class="product"><a href="https://www.amazon.com/dp/B00SCO8AA8?tag=eloabder-20&linkCode=osi&th=1&psc=1"><img src="https://m.media-amazon.com/images/I/41B1py4k0lL._SL500_.jpg" alt="Product Image"></a><p>Isopure Unflavored Protein, Whey Isolate, with Vitamin C & Zinc for Immune Support, 25g Protein, Zero Carb & Keto Friendly, 1 Pound (Packaging May Vary)</p><p> -19% 0FF </p><p>$27.49 ($1.72 / Ounce)</p><a href="https://www.amazon.com/dp/B00SCO8AA8?tag=eloabder-20&linkCode=osi&th=1&psc=1">View Product</a></div><div class="product"><a href="https://www.amazon.com/dp/B007SYT7LO?tag=eloabder-20&linkCode=osi&th=1&psc=1"><img src="https://m.media-amazon.com/images/I/51LyQZUw1WL._SL500_.jpg" alt="Product Image"></a><p>Organic Vegan Vanilla Protein Powder - Garden of Life – 22g Complete Plant Based Raw Protein & BCAAs plus Probiotics & Digestive Enzymes for Easy Digestion – Non-GMO, Gluten-Free, Lactose Free 1.5 LB</p><p> -24% 0FF </p><p>$35.69 ($1.53 / Ounce)</p><a href="https://www.amazon.com/dp/B007SYT7LO?tag=eloabder-20&linkCode=osi&th=1&psc=1">View Product</a></div>
<div class="product"><a href="https://www.amazon.com/dp/B07349CKML?tag=eloabder-20&linkCode=osi&th=1&psc=1"><img src="https://m.media-amazon.com/images/I/51-TkjI7KTL._SL500_.jpg" alt="Product Image"></a><p>Cellucor C4 Sport Pre Workout Powder Watermelon - Pre Workout Energy with Creatine + 135mg Caffeine and Beta-Alanine Performance Blend - NSF Certified for Sport 30 Servings</p><p> -18% 0FF </p><p>$18.04 ($2.54 / Ounce)</p><a href="https://www.amazon.com/dp/B07349CKML?tag=eloabder-20&linkCode=osi&th=1&psc=1">View Product</a></div><div class="product"><a href="https://www.amazon.com/dp/B00KZNOYDG?tag=eloabder-20&linkCode=osi&th=1&psc=1"><img src="https://m.media-amazon.com/images/I/41IXADaWxUL._SL500_.jpg" alt="Product Image"></a><p>BSN N.O.-XPLODE Pre Workout Supplement with Creatine, Beta-Alanine, and Energy, Flavor: Fruit Punch, 60 Servings</p><p> -28% 0FF </p><p>$46.99 ($1.20 / Ounce)</p><a href="https://www.amazon.com/dp/B00KZNOYDG?tag=eloabder-20&linkCode=osi&th=1&psc=1">View Product</a></div><div class="product"><a href="https://www.amazon.com/dp/B00PYB2X8C?tag=eloabder-20&linkCode=osi&th=1&psc=1"><img src="https://m.media-amazon.com/images/I/31NJiruIw-L._SL500_.jpg" alt="Product Image"></a><p>OPTIMUM NUTRITION Gold Standard Pre-Workout with Creatine, Beta-Alanine, and Caffeine for Energy, Flavor: Fruit Punch, 30 Servings</p><p> -24% 0FF </p><p>$24.99 ($2.36 / Ounce)</p><a href="https://www.amazon.com/dp/B00PYB2X8C?tag=eloabder-20&linkCode=osi&th=1&psc=1">View Product</a></div><div class="product"><a href="https://www.amazon.com/dp/B08M49L9PF?tag=eloabder-20&linkCode=osi&th=1&psc=1"><img src="https://m.media-amazon.com/images/I/51nLuPRbp6L._SL500_.jpg" alt="Product Image"></a><p>Alani Nu Pre-Workout - Galaxy Lemonade (30 Servings)</p><p> -13% 0FF </p><p>$34.99 ($3.43 / Ounce)</p><a href="https://www.amazon.com/dp/B08M49L9PF?tag=eloabder-20&linkCode=osi&th=1&psc=1">View Product</a></div><div class="product"><a href="https://www.amazon.com/dp/B0B81CRX95?tag=eloabder-20&linkCode=osi&th=1&psc=1"><img src="https://m.media-amazon.com/images/I/3130sjwWa6L._SL500_.jpg" alt="Product Image"></a><p>Kaged Athletic Sport Pre Workout Powder | Blue Razz | Energy Supplement for Endurance | Cardio, Weightlifting Sports Drink | 20 Servings</p><p> -20% 0FF </p><p>$19.98 ($2.16 / Ounce)</p><a href="https://www.amazon.com/dp/B0B81CRX95?tag=eloabder-20&linkCode=osi&th=1&psc=1">View Product</a></div><div class="product"><a href="https://www.amazon.com/dp/B0C3ND65XS?tag=eloabder-20&linkCode=osi&th=1&psc=1"><img src="https://m.media-amazon.com/images/I/51Z209FUi0L._SL500_.jpg" alt="Product Image"></a><p>ALPHA LION Core Pre Workout Powder with Creatine for Performance, Beta Alanine for Muscle, L-Citrulline for Pump & Tri-Source Caffeine for Sustained Energy (30 Servings, Fruit Punch Flavor)</p><p> -25% 0FF </p><p>$22.59 ($2.14 / Ounce)</p><a href="https://www.amazon.com/dp/B0C3ND65XS?tag=eloabder-20&linkCode=osi&th=1&psc=1">View Product</a></div><div class="product"><a href="https://www.amazon.com/dp/B07TCCPZZL?tag=eloabder-20&linkCode=osi&th=1&psc=1"><img src="https://m.media-amazon.com/images/I/518-8KrY6cL._SL500_.jpg" alt="Product Image"></a><p>Jacked Factory NITROSURGE Pre Workout Supplement - Endless Energy, Instant Strength Gains, Clear Focus, Intense Pumps - NO Booster & Preworkout Powder with Beta Alanine - 30 Servings, Cherry Limeade</p><p> -7% 0FF </p><p>$25.99 ($2.93 / Ounce)</p><a href="https://www.amazon.com/dp/B07TCCPZZL?tag=eloabder-20&linkCode=osi&th=1&psc=1">View Product</a></div>
<div class="product"><a href="https://www.amazon.com/dp/B006G9TB68?tag=eloabder-20&linkCode=osi&th=1&psc=1"><img src="https://m.media-amazon.com/images/I/31N397czLaL._SL500_.jpg" alt="Product Image"></a><p>BSN Amino X Muscle Recovery & Endurance Powder with BCAAs, Intra Workout Support, 10 Grams of Amino Acids, Keto Friendly, Caffeine Free, Flavor: Grape, 30 Servings (Packaging May Vary)</p><p> -22% 0FF </p><p>$21.84 ($1.43 / Ounce)</p><a href="https://www.amazon.com/dp/B006G9TB68?tag=eloabder-20&linkCode=osi&th=1&psc=1">View Product</a></div><div class="product"><a href="https://www.amazon.com/dp/B00LALNIOI?tag=eloabder-20&linkCode=osi&th=1&psc=1"><img src="https://m.media-amazon.com/images/I/510ZY58GIXL._SL500_.jpg" alt="Product Image"></a><p>Scivation XTEND ORIGINAL 7G BCAA MUSCLE RECOVERY + ELECTROLYTES 30 SERVINGS BLUE RASPBERRY ICE</p><p> -25% 0FF </p><p>$21.08 ($1.60 / Ounce)</p><a href="https://www.amazon.com/dp/B00LALNIOI?tag=eloabder-20&linkCode=osi&th=1&psc=1">View Product</a></div><div class="product"><a href="https://www.amazon.com/dp/B01HGQZXIY?tag=eloabder-20&linkCode=osi&th=1&psc=1"><img src="https://m.media-amazon.com/images/I/41CbhAnReOL._SL500_.jpg" alt="Product Image"></a><p>Post JYM Active Matrix - Post-Workout with BCAA's, Glutamine, Creatine HCL, Beta-Alanine, and More | JYM Supplement Science | Mandarin Orange Flavor, 30 Servings, 1.3 Pound (Pack of 1)</p><p> -9% 0FF </p><p>$39.32 ($1.86 / Ounce)</p><a href="https://www.amazon.com/dp/B01HGQZXIY?tag=eloabder-20&linkCode=osi&th=1&psc=1">View Product</a></div><div class="product"><a href="https://www.amazon.com/dp/B096YK5XWB?tag=eloabder-20&linkCode=osi&th=1&psc=1"><img src="https://m.media-amazon.com/images/I/51wqAloXhHL._SL500_.jpg" alt="Product Image"></a><p>Alpha Lion Superhuman Post Workout Recovery, Muscle Builder Drink, Creatine Powder + More for Lean Muscle Growth, Strength & Volume, Supplement for Women & Men (25 Servings, Gainy Smith Apple)</p><p> -8% 0FF </p><p>$36.85 ($3.24 / Ounce)</p><a href="https://www.amazon.com/dp/B096YK5XWB?tag=eloabder-20&linkCode=osi&th=1&psc=1">View Product</a></div>
<div class="product"><a href="https://www.amazon.com/dp/B09RGKQW2L?tag=eloabder-20&linkCode=osi&th=1&psc=1"><img src="https://m.media-amazon.com/images/I/51FNip1-KmL._SL500_.jpg" alt="Product Image"></a><p>C4 Performance Energy Drink | SKITTLES™ | Zero Sugar Carbonated Preworkout Energy | 200mg Caffeine with Beta Alanine | 16 Fl Oz (12 Pack)</p><p> -18% 0FF </p><p>$22.99 ($0.12 / Fl Oz)</p><a href="https://www.amazon.com/dp/B09RGKQW2L?tag=eloabder-20&linkCode=osi&th=1&psc=1">View Product</a></div><div class="product"><a href="https://www.amazon.com/dp/B07GB2HL98?tag=eloabder-20&linkCode=osi&th=1&psc=1"><img src="https://m.media-amazon.com/images/I/51TUyZ1RZsL._SL500_.jpg" alt="Product Image"></a><p>Optimum Nutrition Amino Energy Sparkling Hydration Drink, Electrolytes, Caffeine, Amino Acids, BCAAs, Sugar Free, Blueberry Lemonade, 12 Fl Oz, 12 Pack (Packaging May Vary)</p><p> -20% 0FF </p><p>$19.88 ($0.14 / Fl Oz)</p><a href="https://www.amazon.com/dp/B07GB2HL98?tag=eloabder-20&linkCode=osi&th=1&psc=1">View Product</a></div><div class="product"><a href="https://www.amazon.com/dp/B09SRV8QHH?tag=eloabder-20&linkCode=osi&th=1&psc=1"><img src="https://m.media-amazon.com/images/I/51Iq4eGNL+L._SL500_.jpg" alt="Product Image"></a><p>C4 Ultimate | Pre Workout Sugar Free Energy Drink | Tri-Stim Experience with 300mg Caffeine + TeaCrine + Dynamine | Fruit Punch | 16oz (Pack of 12)</p><p> -14% 0FF </p><p>$30.00 ($0.16 / Fl Oz)</p><a href="https://www.amazon.com/dp/B09SRV8QHH?tag=eloabder-20&linkCode=osi&th=1&psc=1">View Product</a></div>
<div class="product"><a href="https://www.amazon.com/dp/B002DYIZEE?tag=eloabder-20&linkCode=osi&th=1&psc=1"><img src="https://m.media-amazon.com/images/I/310djDmWGLL._SL500_.jpg" alt="Product Image"></a><p>Optimum Nutrition Micronized Creatine Monohydrate Powder, Unflavored, Keto Friendly, 60 Servings (Packaging May Vary)</p><p> -23% 0FF </p><p>$17.00 ($1.60 / Ounce)</p><a href="https://www.amazon.com/dp/B002DYIZEE?tag=eloabder-20&linkCode=osi&th=1&psc=1">View Product</a></div><div class="product"><a href="https://www.amazon.com/dp/B00XQ2XGAA?tag=eloabder-20&linkCode=osi&th=1&psc=1"><img src="https://m.media-amazon.com/images/I/3176H8jDR9L._SL500_.jpg" alt="Product Image"></a><p>Sports Research Collagen Peptides for Women & Men - Hydrolyzed Type 1 & 3 Collagen Powder Protein Supplement for Healthy Skin, Nails, Bones & Joints - Easy Mixing Vital Nutrients & Proteins</p><p> -11% 0FF </p><p>$32.95 ($2.06 / Ounce)</p><a href="https://www.amazon.com/dp/B00XQ2XGAA?tag=eloabder-20&linkCode=osi&th=1&psc=1">View Product</a></div><div class="product"><a href="https://www.amazon.com/dp/B019GU4ILQ?tag=eloabder-20&linkCode=osi&th=1&psc=1"><img src="https://m.media-amazon.com/images/I/51QLnQIgtZL._SL500_.jpg" alt="Product Image"></a><p>Nuun Sport: Electrolyte-Rich Sports Drink Tablets, Citrus Berry Mixed Flavor Pack, Box of 4 Count (40 servings), Sports Drink for Replenishment of Essential Electrolytes Lost Through Sweat</p><p> -36% 0FF </p><p>$19.12 ($0.48 / Count)</p><a href="https://www.amazon.com/dp/B019GU4ILQ?tag=eloabder-20&linkCode=osi&th=1&psc=1">View Product</a></div>
<div class="product"><a href="https://www.amazon.com/dp/B00O193Y4U?tag=eloabder-20&linkCode=osi&th=1&psc=1"><img src="https://m.media-amazon.com/images/I/51b1a31ZNOL._SL500_.jpg" alt="Product Image"></a><p>Pure Protein Bars, High Protein, Nutritious Snacks to Support Energy, Low Sugar, Gluten Free, Chewy Chocolate Chip, 1.76oz (Pack of 12), Packaging may vary</p><p> -24% 0FF </p><p>$15.28 ($0.72 / Ounce)</p><a href="https://www.amazon.com/dp/B00O193Y4U?tag=eloabder-20&linkCode=osi&th=1&psc=1">View Product</a></div><div class="product"><a href="https://www.amazon.com/dp/B07J2MM23Z?tag=eloabder-20&linkCode=osi&th=1&psc=1"><img src="https://m.media-amazon.com/images/I/51FUKQtlLiL._SL500_.jpg" alt="Product Image"></a><p>Quest Nutrition Ultimate Variety Pack Protein Bars, High Protein, Low Carb, Gluten Free, Keto Friendly, 12 Count</p><p> -17% 0FF </p><p>$24.88 ($0.98 / Ounce)</p><a href="https://www.amazon.com/dp/B07J2MM23Z?tag=eloabder-20&linkCode=osi&th=1&psc=1">View Product</a></div><div class="product"><a href="https://www.amazon.com/dp/B09QHBBGJT?tag=eloabder-20&linkCode=osi&th=1&psc=1"><img src="https://m.media-amazon.com/images/I/51gdruf0zxL._SL500_.jpg" alt="Product Image"></a><p>CLIF Builders - Chocolate Peanut Butter Flavor - Protein Bars - Gluten-Free - Non-GMO - Low Glycemic - 20g Protein - 2.4 oz.</p><p> -8% 0FF </p><p>$19.28 ($0.67 / Ounce)</p><a href="https://www.amazon.com/dp/B09QHBBGJT?tag=eloabder-20&linkCode=osi&th=1&psc=1">View Product</a></div><div class="product"><a href="https://www.amazon.com/dp/B00VRALMVI?tag=eloabder-20&linkCode=osi&th=1&psc=1"><img src="https://m.media-amazon.com/images/I/516gkLbCIVL._SL500_.jpg" alt="Product Image"></a><p>MET-Rx Big 100 Colossal Protein Bars, Crispy Apple Pie Meal Replacement Bars, 9 Count</p><p> -42% 0FF </p><p>$19.19 ($0.61 / Ounce)</p><a href="https://www.amazon.com/dp/B00VRALMVI?tag=eloabder-20&linkCode=osi&th=1&psc=1">View Product</a></div><div class="product"><a href="https://www.amazon.com/dp/B0CVNCJKJJ?tag=eloabder-20&linkCode=osi&th=1&psc=1"><img src="https://m.media-amazon.com/images/I/41BiVPM9dvL._SL500_.jpg" alt="Product Image"></a><p>ONE Protein Bars, Reese's Peanut Butter Lovers, Gluten Free with 18g Protein and 3g Sugar, Pantry Staples, 2.12 oz (12 Count)</p><p> -20% 0FF </p><p>$23.94 ($2.00 / Count)</p><a href="https://www.amazon.com/dp/B0CVNCJKJJ?tag=eloabder-20&linkCode=osi&th=1&psc=1">View Product</a></div><div class="product"><a href="https://www.amazon.com/dp/B00ZQUEYP6?tag=eloabder-20&linkCode=osi&th=1&psc=1"><img src="https://m.media-amazon.com/images/I/41dNIIdL+JL._SL500_.jpg" alt="Product Image"></a><p>ONE Protein Bars, Cookies & Creme, Gluten Free Protein Bars with 20g Protein and 1g Sugar, Pantry Staples, 2.12 oz (12 Count)</p><p> -11% 0FF </p><p>$26.75 ($1.05 / Ounce)</p><a href="https://www.amazon.com/dp/B00ZQUEYP6?tag=eloabder-20&linkCode=osi&th=1&psc=1">View Product</a></div><div class="product"><a href="https://www.amazon.com/dp/B07CSGVMH6?tag=eloabder-20&linkCode=osi&th=1&psc=1"><img src="https://m.media-amazon.com/images/I/51Z+34aZg6L._SL500_.jpg" alt="Product Image"></a><p>Quest Nutrition Pumpkin Pie Protein Bar, 20g Protein, 4g Net Carb, 1g Sugar, Gluten Free, 12 Count</p><p> -13% 0FF </p><p>$25.98 ($1.01 / Ounce)</p><a href="https://www.amazon.com/dp/B07CSGVMH6?tag=eloabder-20&linkCode=osi&th=1&psc=1">View Product</a></div>
<div class="product"><a href="https://www.amazon.com/dp/B09NS38Q41?tag=eloabder-20&linkCode=osi&th=1&psc=1"><img src="https://m.media-amazon.com/images/I/41Yr3qVgBZL._SL500_.jpg" alt="Product Image"></a><p>Nutricost Electrolyte Complex (Advanced Hydration with Real Salt®) 120 Capsules - 8 Hydrating Electrolytes & Vitamins, Gluten Free, Non-GMO, Vegetarian</p><p> -13% 0FF </p><p>$13.95 ($0.12 / Count)</p><a href="https://www.amazon.com/dp/B09NS38Q41?tag=eloabder-20&linkCode=osi&th=1&psc=1">View Product</a></div><div class="product"><a href="https://www.amazon.com/dp/B0BGT67LM7?tag=eloabder-20&linkCode=osi&th=1&psc=1"><img src="https://m.media-amazon.com/images/I/41E+0pcyr-L._SL500_.jpg" alt="Product Image"></a><p>Horbäach Electrolyte Tablets | 200 Count | Vegetarian | Keto-Friendly | Non-GMO, and Gluten Free Hydration Supplement</p><p> -15% 0FF </p><p>$9.99 ($0.05 / Count)</p><a href="https://www.amazon.com/dp/B0BGT67LM7?tag=eloabder-20&linkCode=osi&th=1&psc=1">View Product</a></div><div class="product"><a href="https://www.amazon.com/dp/B0C6MXP3C7?tag=eloabder-20&linkCode=osi&th=1&psc=1"><img src="https://m.media-amazon.com/images/I/51mwXw1W8RL._SL500_.jpg" alt="Product Image"></a><p>Electrolytes - Electrolyte Tablets with Magnesium, Sodium, Potassium, Chloride, Vitamins D3 & B6, Kelp Powder - Salt Pills - Made in USA - Oral Tablets as Capsules - Vegan & Keto Friendly - 120 Tabs</p><p> -20% 0FF </p><p>$15.11 ($0.13 / Count)</p><a href="https://www.amazon.com/dp/B0C6MXP3C7?tag=eloabder-20&linkCode=osi&th=1&psc=1">View Product</a></div><div class="product"><a href="https://www.amazon.com/dp/B08CMLT2CB?tag=eloabder-20&linkCode=osi&th=1&psc=1"><img src="https://m.media-amazon.com/images/I/51BRxFyU0+L._SL500_.jpg" alt="Product Image"></a><p>KEY NUTRIENTS Electrolyte Tablets, 200 Capsules, Salt Tablets for Dehydration, Fasting Electrolytes Tablets - Salt Pills with Electrolytes, No Sugar, Gluten Free Hydration Tablets Made in USA</p><p> -28% 0FF </p><p>$17.99 ($0.09 / Count)</p><a href="https://www.amazon.com/dp/B08CMLT2CB?tag=eloabder-20&linkCode=osi&th=1&psc=1">View Product</a></div>
<div class="product"><a href="https://www.amazon.com/dp/B094QB6PH6?tag=eloabder-20&linkCode=osi&th=1&psc=1"><img src="https://m.media-amazon.com/images/I/51t-JLtma+L._SL500_.jpg" alt="Product Image"></a><p>DripDrop Hydration Juicy Variety Pack Electrolyte Drink Mix Single-Serve Powder Packets- Grape, Fruit Punch, Strawberry Lemonade, Cherry - 32 Servings</p><p> -22% 0FF </p><p>$28.00 ($2.50 / Ounce)</p><a href="https://www.amazon.com/dp/B094QB6PH6?tag=eloabder-20&linkCode=osi&th=1&psc=1">View Product</a></div><div class="product"><a href="https://www.amazon.com/dp/B08TZD2R7L?tag=eloabder-20&linkCode=osi&th=1&psc=1"><img src="https://m.media-amazon.com/images/I/510WEkhuwiL._SL500_.jpg" alt="Product Image"></a><p>DripDrop Hydration - Bold Variety Pack - Electrolyte Drink Mix Single Serve Hydration Powder Packets - Watermelon, Berry, Lemon, Orange | Non-GMO, Gluten Free, Vegan | 32 Sticks</p><p> -7% 0FF </p><p>$33.50 ($2.97 / Ounce)</p><a href="https://www.amazon.com/dp/B08TZD2R7L?tag=eloabder-20&linkCode=osi&th=1&psc=1">View Product</a></div><div class="product"><a href="https://www.amazon.com/dp/B08YFDWXBL?tag=eloabder-20&linkCode=osi&th=1&psc=1"><img src="https://m.media-amazon.com/images/I/51u06T4BbnL._SL500_.jpg" alt="Product Image"></a><p>Nectar Hydration Packets - Electrolytes Powder Packets - No Sugar or Calories - Organic Fruit Liquid Daily IV Hydrate Packets for Dehydration Relief and Rapid Rehydration (Variety 18 Pack)</p><p> -15% 0FF </p><p>$16.91 ($8.05 / Ounce)</p><a href="https://www.amazon.com/dp/B08YFDWXBL?tag=eloabder-20&linkCode=osi&th=1&psc=1">View Product</a></div><div class="product"><a href="https://www.amazon.com/dp/B0D434LLZ1?tag=eloabder-20&linkCode=osi&th=1&psc=1"><img src="https://m.media-amazon.com/images/I/41DIcfxPEiL._SL500_.jpg" alt="Product Image"></a><p>PRIME HYDRATION+ Sticks VARIETY PACK | Hydration Powder Single Serve Sticks | Electrolyte Powder On The Go | Low Sugar | Caffeine-Free | Vegan | 30 Sticks</p><p> -20% 0FF </p><p>$19.98 ($2.04 / Ounce)</p><a href="https://www.amazon.com/dp/B0D434LLZ1?tag=eloabder-20&linkCode=osi&th=1&psc=1">View Product</a></div>
<div class="product"><a href="https://www.amazon.com/dp/B00IUHMKJ4?tag=eloabder-20&linkCode=osi&th=1&psc=1"><img src="https://m.media-amazon.com/images/I/41wlhPiv-dL._SL500_.jpg" alt="Product Image"></a><p>Glutamine Powder | MuscleTech 100% Pure L Glutamine Powder | Post Workout Recovery Drink | L-Glutamine Powder for Men & Women | Muscle Recovery | Unflavored (60 Servings)</p><p> -12% 0FF </p><p>$14.99 ($1.42 / Ounce)</p><a href="https://www.amazon.com/dp/B00IUHMKJ4?tag=eloabder-20&linkCode=osi&th=1&psc=1">View Product</a></div><div class="product"><a href="https://www.amazon.com/dp/B000GIQS02?tag=eloabder-20&linkCode=osi&th=1&psc=1"><img src="https://m.media-amazon.com/images/I/41QSuDDAvEL._SL500_.jpg" alt="Product Image"></a><p>Optimum Nutrition Muscle Recovery and Endurance Supplement for Men and Women, Zinc and Magnesium Supplement, 180 Count</p><p> -13% 0FF </p><p>$34.62 ($0.19 / Count)</p><a href="https://www.amazon.com/dp/B000GIQS02?tag=eloabder-20&linkCode=osi&th=1&psc=1">View Product</a></div><div class="product"><a href="https://www.amazon.com/dp/B07YNGFFDT?tag=eloabder-20&linkCode=osi&th=1&psc=1"><img src="https://m.media-amazon.com/images/I/41NRL8t4kKL._SL500_.jpg" alt="Product Image"></a><p>Muscletech HMB Supplements 1000mg, Clear Muscle (42 Liquid Softgels) - Highest Grade HMB for Lean Muscle & Recovery - HMB Free Acid Muscle Supplement - Help Decrease Muscle Breakdown</p><p> -15% 0FF </p><p>$17.05 ($0.41 / Count)</p><a href="https://www.amazon.com/dp/B07YNGFFDT?tag=eloabder-20&linkCode=osi&th=1&psc=1">View Product</a></div><div class="product"><a href="https://www.amazon.com/dp/B001LXMUW6?tag=eloabder-20&linkCode=osi&th=1&psc=1"><img src="https://m.media-amazon.com/images/I/413hbtz4hkL._SL500_.jpg" alt="Product Image"></a><p>NOW Foods Sports Nutrition, ZMA (Zinc, Magnesium and Vitamin B-6), Enhanced Absorption, Sports Recovery*, 180 Capsules</p><p> -47% 0FF </p><p>$24.53 ($0.14 / Count)</p><a href="https://www.amazon.com/dp/B001LXMUW6?tag=eloabder-20&linkCode=osi&th=1&psc=1">View Product</a></div>
<div class="product"><a href="https://www.amazon.com/dp/B087JNQ4X8?tag=eloabder-20&linkCode=osi&th=1&psc=1"><img src="https://m.media-amazon.com/images/I/41KqQHK5+vL._SL500_.jpg" alt="Product Image"></a><p>Immuneti - Advanced Immune Defense, 6-in-1 Powerful Blend of Vitamin C, Vitamin D3, Zinc, Elderberries, Garlic Bulb, Echinacea - Supports Overall Health, Provides Vital Nutrients & Antioxidants</p><p> -11% 0FF </p><p>$15.20 ($0.25 / Count)</p><a href="https://www.amazon.com/dp/B087JNQ4X8?tag=eloabder-20&linkCode=osi&th=1&psc=1">View Product</a></div><div class="product"><a href="https://www.amazon.com/dp/B00MJ7VL1O?tag=eloabder-20&linkCode=osi&th=1&psc=1"><img src="https://m.media-amazon.com/images/I/41dN7-gv40L._SL500_.jpg" alt="Product Image"></a><p>Nature’s Way Sambucus Elderberry Immune Gummies, Daily Immune Support for Kids and Adults*, with Vitamin C, Vitamin D3, Zinc, Gluten Free, Vegetarian, 60 Gummies (Packaging May Vary)</p><p> -29% 0FF </p><p>$14.97 ($0.25 / Count)</p><a href="https://www.amazon.com/dp/B00MJ7VL1O?tag=eloabder-20&linkCode=osi&th=1&psc=1">View Product</a></div><div class="product"><a href="https://www.amazon.com/dp/B096XST3NP?tag=eloabder-20&linkCode=osi&th=1&psc=1"><img src="https://m.media-amazon.com/images/I/41LbQVRj61L._SL500_.jpg" alt="Product Image"></a><p>Amazon Basic Care Immune Support Citrus Chew Tablets, 116 Count</p><p> -20% 0FF </p><p>$12.05 ($0.10 / Count)</p><a href="https://www.amazon.com/dp/B096XST3NP?tag=eloabder-20&linkCode=osi&th=1&psc=1">View Product</a></div>
<div class="product"><a href="https://www.amazon.com/dp/B09GS4SQ4P?tag=eloabder-20&linkCode=osi&th=1&psc=1"><img src="https://m.media-amazon.com/images/I/51mHDeOOoUL._SL500_.jpg" alt="Product Image"></a><p>Tylenol Cold + Flu Severe Medicine Caplets for Cold & Flu Symptom Relief, Fever Reducer, Pain Reliever, Cough Suppressant, Nasal Decongestant & Expectorant with Acetaminophen, 2 pks of 24 ct ea, 48 ct</p><p> -30% 0FF </p><p>$14.88 ($0.31 / Count)</p><a href="https://www.amazon.com/dp/B09GS4SQ4P?tag=eloabder-20&linkCode=osi&th=1&psc=1">View Product</a></div><div class="product"><a href="https://www.amazon.com/dp/B07DQ1KLNH?tag=eloabder-20&linkCode=osi&th=1&psc=1"><img src="https://m.media-amazon.com/images/I/51SOkRabMvL._SL500_.jpg" alt="Product Image"></a><p>Vicks DayQuil & NyQuil SEVERE Co-Pack, Cold & Flu Medicine, Relief for Headache, Fever, Sore Throat, Minor Aches & Pains, Nasal Congestion, Sinus Pressure, Stuffy Nose, & Cough, 48ct</p><p> -8% 0FF </p><p>$18.41 ($0.38 / Count)</p><a href="https://www.amazon.com/dp/B07DQ1KLNH?tag=eloabder-20&linkCode=osi&th=1&psc=1">View Product</a></div><div class="product"><a href="https://www.amazon.com/dp/B01HI7WQRW?tag=eloabder-20&linkCode=osi&th=1&psc=1"><img src="https://m.media-amazon.com/images/I/51jAgEb8O0L._SL500_.jpg" alt="Product Image"></a><p>Tylenol Cold + Flu Severe Day & Night Caplets for Fever, Pain, Cough & Congestion Relief, 24 Count</p><p> -21% 0FF </p><p>$8.39 ($0.35 / count)</p><a href="https://www.amazon.com/dp/B01HI7WQRW?tag=eloabder-20&linkCode=osi&th=1&psc=1">View Product</a></div><div class="product"><a href="https://www.amazon.com/dp/B0078W0QOI?tag=eloabder-20&linkCode=osi&th=1&psc=1"><img src="https://m.media-amazon.com/images/I/41a0ryy5RyL._SL500_.jpg" alt="Product Image"></a><p>Boiron Oscillococcinum For Relief From Flu-Like Symptoms Of Body Aches, Headache, Fever, Chills, And Fatigue - 30 Count</p><p> -37% 0FF </p><p>$21.41 ($0.71 / Count)</p><a href="https://www.amazon.com/dp/B0078W0QOI?tag=eloabder-20&linkCode=osi&th=1&psc=1">View Product</a></div>
<div class="product"><a href="https://www.amazon.com/dp/B00HE66ZUC?tag=eloabder-20&linkCode=osi&th=1&psc=1"><img src="https://m.media-amazon.com/images/I/510MmBSuAfL._SL500_.jpg" alt="Product Image"></a><p>GoodSense Allergy Relief Loratadine Tablets 10 mg, Compare to Claritin, Antihistamine, 24 Hour Allergy Relief, 365 Count</p><p> -24% 0FF </p><p>$12.99 ($0.04 / Count)</p><a href="https://www.amazon.com/dp/B00HE66ZUC?tag=eloabder-20&linkCode=osi&th=1&psc=1">View Product</a></div><div class="product"><a href="https://www.amazon.com/dp/B087Z6TKD9?tag=eloabder-20&linkCode=osi&th=1&psc=1"><img src="https://m.media-amazon.com/images/I/41hMESBq3wL._SL500_.jpg" alt="Product Image"></a><p>HealthA2Z® Allergy Relief | Loratadine 10mg | Antihistamine | Non-Drowsy | Relief from Itchy Throat, Sneezing, Runny Noses | 24-Hours Allergy Medicine (300 Tablets)</p><p> -11% 0FF </p><p>$12.45 ($0.04 / Count)</p><a href="https://www.amazon.com/dp/B087Z6TKD9?tag=eloabder-20&linkCode=osi&th=1&psc=1">View Product</a></div><div class="product"><a href="https://www.amazon.com/dp/B083VVT61S?tag=eloabder-20&linkCode=osi&th=1&psc=1"><img src="https://m.media-amazon.com/images/I/41BJ8O5m3RL._SL500_.jpg" alt="Product Image"></a><p>Amazon Basic Care 24 Hour Allergy Relief, Levocetirizine Dihydrochloride Tablets, 5 mg, Antihistamine, Relieves Sneezing, Runny Nose, Itchy Nose or Throat and Itchy, Watery Eyes, 80 Count</p><p> -7% 0FF </p><p>$19.19 ($0.24 / Count)</p><a href="https://www.amazon.com/dp/B083VVT61S?tag=eloabder-20&linkCode=osi&th=1&psc=1">View Product</a></div><div class="product"><a href="https://www.amazon.com/dp/B07HD67Q1G?tag=eloabder-20&linkCode=osi&th=1&psc=1"><img src="https://m.media-amazon.com/images/I/51FycexY97L._SL500_.jpg" alt="Product Image"></a><p>HealthCareAisle Allergy Relief - Fexofenadine Hydrochloride Tablets USP, 180 mg – 180 Tablets – Allergy Medication, Non-Drowsy 24-Hour Allergy Relief</p><p> -11% 0FF </p><p>$25.20 ($0.14 / Count)</p><a href="https://www.amazon.com/dp/B07HD67Q1G?tag=eloabder-20&linkCode=osi&th=1&psc=1">View Product</a></div><div class="product"><a href="https://www.amazon.com/dp/B002ZX8X2C?tag=eloabder-20&linkCode=osi&th=1&psc=1"><img src="https://m.media-amazon.com/images/I/41ZzxDs5LOL._SL500_.jpg" alt="Product Image"></a><p>berkley jensen 24 Hour Allergy Relief (365-Count), 10 mg Cetirizine Hydrochloride Antihistamine - Fast Allergy Medicine for Indoor & Outdoor Allergies, Easy-Swallow Tablets, Compare to Zyrtec</p><p> -25% 0FF </p><p>$14.99 ($0.04 / Count)</p><a href="https://www.amazon.com/dp/B002ZX8X2C?tag=eloabder-20&linkCode=osi&th=1&psc=1">View Product</a></div>
<div class="product"><a href="https://www.amazon.com/dp/B01HI7WP0U?tag=eloabder-20&linkCode=osi&th=1&psc=1"><img src="https://m.media-amazon.com/images/I/41W2gWWMMvL._SL500_.jpg" alt="Product Image"></a><p>Tylenol Extra Strength Acetaminophen Rapid Release Gels, Pain Reliever & Fever Reducer, 100 ct</p><p> -25% 0FF </p><p>$12.47 ($0.12 / Count)</p><a href="https://www.amazon.com/dp/B01HI7WP0U?tag=eloabder-20&linkCode=osi&th=1&psc=1">View Product</a></div><div class="product"><a href="https://www.amazon.com/dp/B01LXFEY6H?tag=eloabder-20&linkCode=osi&th=1&psc=1"><img src="https://m.media-amazon.com/images/I/31hLnewBXIL._SL500_.jpg" alt="Product Image"></a><p>Biofreeze Pain Relief Gel, Arthritis Pain Reliver, Knee & Lower Back Pain Relief, Sore Muscle Relief, Neck Pain Relief, Pharmacist Recommended, FSA Eligible, 3 FL OZ Biofreeze Menthol Gel</p><p> -14% 0FF </p><p>$10.30 ($3.43 / Fl Oz)</p><a href="https://www.amazon.com/dp/B01LXFEY6H?tag=eloabder-20&linkCode=osi&th=1&psc=1">View Product</a></div><div class="product"><a href="https://www.amazon.com/dp/B00HCQEYCK?tag=eloabder-20&linkCode=osi&th=1&psc=1"><img src="https://m.media-amazon.com/images/I/41YZhrYx3IL._SL500_.jpg" alt="Product Image"></a><p>Boiron Arnicare Gel for Soothing Relief of Joint Pain, Muscle Pain, Muscle Soreness, and Swelling from Bruises or Injury - Non-greasy and Fragrance-Free - 2.6 oz</p><p> -34% 0FF </p><p>$8.29 ($3.19 / Ounce)</p><a href="https://www.amazon.com/dp/B00HCQEYCK?tag=eloabder-20&linkCode=osi&th=1&psc=1">View Product</a></div><div class="product"><a href="https://www.amazon.com/dp/B074F2FSX4?tag=eloabder-20&linkCode=osi&th=1&psc=1"><img src="https://m.media-amazon.com/images/I/41NsmqTCfVL._SL500_.jpg" alt="Product Image"></a><p>Amazon Basic Care Naproxen Sodium Tablets 220 mg, Pain Reliever/Fever Reducer (NSAID), Muscular Aches, Backache, Headache, Toothache, Minor Arthritis Pain Relief and More, 300 Count</p><p> -14% 0FF </p><p>$12.86 ($0.04 / Count)</p><a href="https://www.amazon.com/dp/B074F2FSX4?tag=eloabder-20&linkCode=osi&th=1&psc=1">View Product</a></div>
<div class="product"><a href="https://www.amazon.com/dp/B07L1PHSY9?tag=eloabder-20&linkCode=osi&th=1&psc=1"><img src="https://m.media-amazon.com/images/I/41u9g+RZFLL._SL500_.jpg" alt="Product Image"></a><p>Differin Acne Treatment Gel, 30 Day Supply, Retinoid Treatment for Face with 0.1% Adapalene, Gentle Skin Care for Acne Prone Sensitive Skin, 15g Tube (Packaging May Vary)</p><p> -34% 0FF </p><p>$9.95 ($19.90 / Ounce)</p><a href="https://www.amazon.com/dp/B07L1PHSY9?tag=eloabder-20&linkCode=osi&th=1&psc=1">View Product</a></div><div class="product"><a href="https://www.amazon.com/dp/B0014VTOAQ?tag=eloabder-20&linkCode=osi&th=1&psc=1"><img src="https://m.media-amazon.com/images/I/41N+MLQ+2XL._SL500_.jpg" alt="Product Image"></a><p>AcneFree Terminator 10 Acne Spot Treatment with Benzoyl Peroxide 10% Maximum Strength Acne Cream Treatment, 1 Ounce - Pack Of 1</p><p> -32% 0FF </p><p>$5.47</p><a href="https://www.amazon.com/dp/B0014VTOAQ?tag=eloabder-20&linkCode=osi&th=1&psc=1">View Product</a></div><div class="product"><a href="https://www.amazon.com/dp/B00NR1YVYU?tag=eloabder-20&linkCode=osi&th=1&psc=1"><img src="https://m.media-amazon.com/images/I/41WxZvl58rL._SL500_.jpg" alt="Product Image"></a><p>Neutrogena Rapid Clear Stubborn Acne Spot Treatment Gel with Maximum Strength 10% Benzoyl Peroxide Acne Treatment Medication, Pimple Cream for Acne Prone Skin Care, 1 oz</p><p> -20% 0FF </p><p>$10.77</p><a href="https://www.amazon.com/dp/B00NR1YVYU?tag=eloabder-20&linkCode=osi&th=1&psc=1">View Product</a></div><div class="product"><a href="https://www.amazon.com/dp/B097WMCYYJ?tag=eloabder-20&linkCode=osi&th=1&psc=1"><img src="https://m.media-amazon.com/images/I/41jj-LdIBUL._SL500_.jpg" alt="Product Image"></a><p>CeraVe Acne Control Gel, 2% Salicylic Acid Acne Treatment With Glycolic Acid + Lactic Acids + Niacniamide, Acne Gel Helps Clear Acne Blemishes Without Over Drying, Alcohol Free & Oil Free, 1.35 Fl Oz</p><p> -14% 0FF </p><p>$17.97 ($13.31 / Ounce)</p><a href="https://www.amazon.com/dp/B097WMCYYJ?tag=eloabder-20&linkCode=osi&th=1&psc=1">View Product</a></div><div class="product"><a href="https://www.amazon.com/dp/B0D9BP1HSS?tag=eloabder-20&linkCode=osi&th=1&psc=1"><img src="https://m.media-amazon.com/images/I/41-YQdCQgwL._SL500_.jpg" alt="Product Image"></a><p>Cystic Acne Spot Treatment Cream for Face, Back and Body, with 10% Azelaic Acid & 2% Salicylic Acid, Hormonal Pimple Moisturizer for Teens & Adults, Relief Breakouts Redness Swelling, 1.8 oz</p><p> -27% 0FF </p><p>$21.99 ($12.22 / Ounce)</p><a href="https://www.amazon.com/dp/B0D9BP1HSS?tag=eloabder-20&linkCode=osi&th=1&psc=1">View Product</a></div><div class="product"><a href="https://www.amazon.com/dp/B00KZ22ED4?tag=eloabder-20&linkCode=osi&th=1&psc=1"><img src="https://m.media-amazon.com/images/I/5139oSKFhAL._SL500_.jpg" alt="Product Image"></a><p>Clean & Clear Persa-Gel 10 Oil-Free Acne Spot Treatment with Maximum Strength 10% Benzoyl Peroxide, Topical Pimple Cream & Acne Gel Medication for Face Acne, Fragrance-Free, 1 fl. oz</p><p> -25% 0FF </p><p>$5.97</p><a href="https://www.amazon.com/dp/B00KZ22ED4?tag=eloabder-20&linkCode=osi&th=1&psc=1">View Product</a></div><div class="product"><a href="https://www.amazon.com/dp/B07952C372?tag=eloabder-20&linkCode=osi&th=1&psc=1"><img src="https://m.media-amazon.com/images/I/41Abobk5uVL._SL500_.jpg" alt="Product Image"></a><p>De La Cruz 10% Sulfur Ointment - Cystic Acne Treatment for Face and Body - Daily 10 Min Spot Treatment Mask Safe and Effective Game Changing Hormonal Acne Treatment that Clears Up Pimples 0.21oz 6g</p><p> -8% 0FF </p><p>$5.49 ($26.14 / Ounce)</p><a href="https://www.amazon.com/dp/B07952C372?tag=eloabder-20&linkCode=osi&th=1&psc=1">View Product</a></div>
<div class="product"><a href="https://www.amazon.com/dp/B0CY9X9FQQ?tag=eloabder-20&linkCode=osi&th=1&psc=1"><img src="https://m.media-amazon.com/images/I/31+KrwtuI1L._SL500_.jpg" alt="Product Image"></a><p>Bubble Skincare Cloud Surf Water Cream Face Moisturizer - Hydrating & Mattifying Moisturizer to Help Rebalance Oils and Minimize Pores with Celery Seed Extract - Suitable for Sensitive Skin (50ml)</p><p> -12% 0FF </p><p>$14.98 ($8.86 / Ounce)</p><a href="https://www.amazon.com/dp/B0CY9X9FQQ?tag=eloabder-20&linkCode=osi&th=1&psc=1">View Product</a></div><div class="product"><a href="https://www.amazon.com/dp/B0BJ74DJXG?tag=eloabder-20&linkCode=osi&th=1&psc=1"><img src="https://m.media-amazon.com/images/I/31RefDglMLL._SL500_.jpg" alt="Product Image"></a><p>BYOMA Moisturizing Gel Cream - Barrier Repair Cream/Gel Face Lotion with Niacinamide and Green Tea - Ceramide Face Moisturizer for Dry Skin - Alcohol Free, Oil Free Face Moisturizer - 1.69 fl. oz</p><p> -25% 0FF </p><p>$11.19 ($6.36 / Ounce)</p><a href="https://www.amazon.com/dp/B0BJ74DJXG?tag=eloabder-20&linkCode=osi&th=1&psc=1">View Product</a></div><div class="product"><a href="https://www.amazon.com/dp/B09NXS395V?tag=eloabder-20&linkCode=osi&th=1&psc=1"><img src="https://m.media-amazon.com/images/I/41ZHn0qwWwL._SL500_.jpg" alt="Product Image"></a><p>NAZANO Under Eye Patches - 60 Pcs - 24K Gold Eye Mask- Puffy Eyes & Dark Circles Treatments,Reduce Under Eye Bags and Smooth Wrinkles,Eye Skin Care Pads With Collagen,Hyaluronic Acid & Castor Oil</p><p> -40% 0FF </p><p>$8.99 ($0.30 / Count)</p><a href="https://www.amazon.com/dp/B09NXS395V?tag=eloabder-20&linkCode=osi&th=1&psc=1">View Product</a></div><div class="product"><a href="https://www.amazon.com/dp/B01M9F9JYH?tag=eloabder-20&linkCode=osi&th=1&psc=1"><img src="https://m.media-amazon.com/images/I/41s-rn1v8+L._SL500_.jpg" alt="Product Image"></a><p>Garnier Micellar Cleansing Water, All-in-1 Makeup Remover and Facial Cleanser, For All Skin Types, 3.4 Fl Oz (100mL), 1 Count (Packaging May Vary)</p><p> -11% 0FF </p><p>$3.99 ($1.17 / Fl Oz)</p><a href="https://www.amazon.com/dp/B01M9F9JYH?tag=eloabder-20&linkCode=osi&th=1&psc=1">View Product</a></div>
<div class="product"><a href="https://www.amazon.com/dp/B00TTD9BRC?tag=eloabder-20&linkCode=osi&th=1&psc=1"><img src="https://m.media-amazon.com/images/I/41ba2zJNMXL._SL500_.jpg" alt="Product Image"></a><p>CeraVe Moisturizing Cream | Body and Face Moisturizer for Dry Skin | Body Cream with Hyaluronic Acid and Ceramides | Daily Moisturizer | Oil-Free | Fragrance Free | Non-Comedogenic | 19 Ounce</p><p> -9% 0FF </p><p>$17.78 ($0.94 / Ounce)</p><a href="https://www.amazon.com/dp/B00TTD9BRC?tag=eloabder-20&linkCode=osi&th=1&psc=1">View Product</a></div><div class="product"><a href="https://www.amazon.com/dp/B000YJ2SLG?tag=eloabder-20&linkCode=osi&th=1&psc=1"><img src="https://m.media-amazon.com/images/I/31kAQxeCY6L._SL500_.jpg" alt="Product Image"></a><p>CeraVe Daily Moisturizing Lotion for Dry Skin | Body Lotion & Face Moisturizer with Hyaluronic Acid and Ceramides | Daily Moisturizer | Fragrance Free | Oil-Free | 12 Ounce</p><p> -9% 0FF </p><p>$13.68 ($1.14 / Fl Oz)</p><a href="https://www.amazon.com/dp/B000YJ2SLG?tag=eloabder-20&linkCode=osi&th=1&psc=1">View Product</a></div><div class="product"><a href="https://www.amazon.com/dp/B08BW46XXK?tag=eloabder-20&linkCode=osi&th=1&psc=1"><img src="https://m.media-amazon.com/images/I/41oCJ4BF8oL._SL500_.jpg" alt="Product Image"></a><p>Vanicream Daily Facial Moisturizer With Ceramides and Hyaluronic Acid - Formulated Without Common Irritants for Those with Sensitive Skin, 3 fl oz (Pack of 1)</p><p> -13% 0FF </p><p>$12.97 ($4.32 / Fl Oz)</p><a href="https://www.amazon.com/dp/B08BW46XXK?tag=eloabder-20&linkCode=osi&th=1&psc=1">View Product</a></div><div class="product"><a href="https://www.amazon.com/dp/B00NR1YQHM?tag=eloabder-20&linkCode=osi&th=1&psc=1"><img src="https://m.media-amazon.com/images/I/41yzZFTW63L._SL500_.jpg" alt="Product Image"></a><p>Neutrogena Hydro Boost Face Moisturizer with Hyaluronic Acid for Dry Skin, Oil-Free and Non-Comedogenic Water Gel Face Lotion, 1.7 oz</p><p> -48% 0FF </p><p>$13.99 ($8.23 / Ounce)</p><a href="https://www.amazon.com/dp/B00NR1YQHM?tag=eloabder-20&linkCode=osi&th=1&psc=1">View Product</a></div><div class="product"><a href="https://www.amazon.com/dp/B00365DABC?tag=eloabder-20&linkCode=osi&th=1&psc=1"><img src="https://m.media-amazon.com/images/I/41rqUy3OtML._SL500_.jpg" alt="Product Image"></a><p>CeraVe PM Facial Moisturizing Lotion | Night Cream with Hyaluronic Acid and Niacinamide | Ultra-Lightweight, Oil-Free Moisturizer for Face | 3 Ounce</p><p> -25% 0FF </p><p>$14.99 ($5.00 / Ounce)</p><a href="https://www.amazon.com/dp/B00365DABC?tag=eloabder-20&linkCode=osi&th=1&psc=1">View Product</a></div><div class="product"><a href="https://www.amazon.com/dp/B0BBSP2JNQ?tag=eloabder-20&linkCode=osi&th=1&psc=1"><img src="https://m.media-amazon.com/images/I/51HjtwscPOL._SL500_.jpg" alt="Product Image"></a><p>SimplyVital Face Moisturizer Collagen Cream - Anti Aging Neck and Décolleté - Made in USA Day & Night Face Cream - Moisturizing, Lifting & Recovery – 1.7oz</p><p> -43% 0FF </p><p>$22.89 ($13.46 / Fl Oz)</p><a href="https://www.amazon.com/dp/B0BBSP2JNQ?tag=eloabder-20&linkCode=osi&th=1&psc=1">View Product</a></div>
<div class="product"><a href="https://www.amazon.com/dp/B01N34XW93?tag=eloabder-20&linkCode=osi&th=1&psc=1"><img src="https://m.media-amazon.com/images/I/41LiOnNJ79L._SL500_.jpg" alt="Product Image"></a><p>La Roche-Posay Toleriane Purifying Foaming Facial Cleanser, Oil Free Face Wash for Oily Skin and for Sensitive Skin with Niacinamide, Pore Cleanser Won’t Dry Out Skin, Unscented</p><p> -17% 0FF </p><p>$14.99 ($1.11 / Fl Oz)</p><a href="https://www.amazon.com/dp/B01N34XW93?tag=eloabder-20&linkCode=osi&th=1&psc=1">View Product</a></div><div class="product"><a href="https://www.amazon.com/dp/B01N7T7JKJ?tag=eloabder-20&linkCode=osi&th=1&psc=1"><img src="https://m.media-amazon.com/images/I/31VXK3y1KYL._SL500_.jpg" alt="Product Image"></a><p>La Roche-Posay Toleriane Hydrating Gentle Face Cleanser, Daily Facial Cleanser with Niacinamide and Ceramides for Sensitive Skin, Moisturizing Face Wash for Normal to Dry Skin, Fragrance Free</p><p> -17% 0FF </p><p>$14.99 ($1.11 / Fl Oz)</p><a href="https://www.amazon.com/dp/B01N7T7JKJ?tag=eloabder-20&linkCode=osi&th=1&psc=1">View Product</a></div><div class="product"><a href="https://www.amazon.com/dp/B01MSSDEPK?tag=eloabder-20&linkCode=osi&th=1&psc=1"><img src="https://m.media-amazon.com/images/I/41YuSwjJUIL._SL500_.jpg" alt="Product Image"></a><p>CeraVe Hydrating Facial Cleanser | Moisturizing Face Wash For Dry Skin | Hyaluronic Acid + Ceramides + Glycerin | Hydrating Cleanser For Normal To Dry Skin | National Eczema Association Certified</p><p> -14% 0FF </p><p>$15.48 ($0.97 / Fl Oz)</p><a href="https://www.amazon.com/dp/B01MSSDEPK?tag=eloabder-20&linkCode=osi&th=1&psc=1">View Product</a></div><div class="product"><a href="https://www.amazon.com/dp/B00U1YCRD8?tag=eloabder-20&linkCode=osi&th=1&psc=1"><img src="https://m.media-amazon.com/images/I/31LVb8KvKwL._SL500_.jpg" alt="Product Image"></a><p>CeraVe SA Cleanser | Salicylic Acid Cleanser with Hyaluronic Acid, Niacinamide & Ceramides| BHA Exfoliant for Face | Fragrance Free Non-Comedogenic | 8 Ounce</p><p> -23% 0FF </p><p>$12.37 ($1.55 / Ounce)</p><a href="https://www.amazon.com/dp/B00U1YCRD8?tag=eloabder-20&linkCode=osi&th=1&psc=1">View Product</a></div><div class="product"><a href="https://www.amazon.com/dp/B01N1LL62W?tag=eloabder-20&linkCode=osi&th=1&psc=1"><img src="https://m.media-amazon.com/images/I/41kwN8dWWzL._SL500_.jpg" alt="Product Image"></a><p>CeraVe Foaming Facial Cleanser | Daily Face Wash for Oily Skin with Hyaluronic Acid, Ceramides, and Niacinamide| Fragrance Free | 16 Fluid Ounce</p><p> -14% 0FF </p><p>$15.48 ($0.97 / Fl Oz)</p><a href="https://www.amazon.com/dp/B01N1LL62W?tag=eloabder-20&linkCode=osi&th=1&psc=1">View Product</a></div><div class="product"><a href="https://www.amazon.com/dp/B00QY1XZ4W?tag=eloabder-20&linkCode=osi&th=1&psc=1"><img src="https://m.media-amazon.com/images/I/319pG+OQZxL._SL500_.jpg" alt="Product Image"></a><p>Vanicream Gentle Facial Cleanser with Pump Dispenser - 8 fl oz - Formulated Without Common Irritants for Those with Sensitive Skin</p><p> -11% 0FF </p><p>$8.86 ($1.11 / Fl Oz)</p><a href="https://www.amazon.com/dp/B00QY1XZ4W?tag=eloabder-20&linkCode=osi&th=1&psc=1">View Product</a></div><div class="product"><a href="https://www.amazon.com/dp/B09Y4HHY1P?tag=eloabder-20&linkCode=osi&th=1&psc=1"><img src="https://m.media-amazon.com/images/I/41Crw80Q3yL._SL500_.jpg" alt="Product Image"></a><p>Face Wash by CETAPHIL, Daily Facial Cleanser for Sensitive, Combination to Oily Skin, NEW 16 Oz, Fragrance Free ,Gentle Foaming, Soap Free, Hypoallergenic</p><p> -30% 0FF </p><p>$11.97 ($0.75 / Fl Oz)</p><a href="https://www.amazon.com/dp/B09Y4HHY1P?tag=eloabder-20&linkCode=osi&th=1&psc=1">View Product</a></div>
<div class="product"><a href="https://www.amazon.com/dp/B08CMS8P67?tag=eloabder-20&linkCode=osi&th=1&psc=1"><img src="https://m.media-amazon.com/images/I/21t-OAmjNPL._SL500_.jpg" alt="Product Image"></a><p>Anua Heartleaf 77 Soothing Toner I pH 5.5 Trouble Care, Calming Skin, Refreshing, Hydrating, Purifying, Cruelty Free, Vegan,(250ml / 8.45 fl.oz.)</p><p> -14% 0FF </p><p>$19.69 ($2.33 / Fl Oz)</p><a href="https://www.amazon.com/dp/B08CMS8P67?tag=eloabder-20&linkCode=osi&th=1&psc=1">View Product</a></div><div class="product"><a href="https://www.amazon.com/dp/B007HD570Q?tag=eloabder-20&linkCode=osi&th=1&psc=1"><img src="https://m.media-amazon.com/images/I/31uC8ENEVqL._SL500_.jpg" alt="Product Image"></a><p>Thayers Alcohol-Free Rose Petal Witch Hazel Facial Toner for Glowing Skin, Soothing, Hydrating, Refreshing Toner for Normal and Combination Skin, 12oz</p><p> -16% 0FF </p><p>$9.17 ($0.76 / Fl Oz)</p><a href="https://www.amazon.com/dp/B007HD570Q?tag=eloabder-20&linkCode=osi&th=1&psc=1">View Product</a></div><div class="product"><a href="https://www.amazon.com/dp/B07K23HV61?tag=eloabder-20&linkCode=osi&th=1&psc=1"><img src="https://m.media-amazon.com/images/I/31KkgEtoFiL._SL500_.jpg" alt="Product Image"></a><p>I'm from Rice Toner, Milky Toner for Glowing Skin, 77.78% Korean Rice, Glow Essence with Niacinamide, Hydrating for Dry, Dull, Combination Skin, Vegan, Fragrance Free, Glass Skin 5.07 Fl Oz</p><p> -20% 0FF </p><p>$24.90 ($4.91 / Fl Oz)</p><a href="https://www.amazon.com/dp/B07K23HV61?tag=eloabder-20&linkCode=osi&th=1&psc=1">View Product</a></div><div class="product"><a href="https://www.amazon.com/dp/B07THCMGFP?tag=eloabder-20&linkCode=osi&th=1&psc=1"><img src="https://m.media-amazon.com/images/I/31n-zByuthL._SL500_.jpg" alt="Product Image"></a><p>Haruharu Wonder Black Rice Hyaluronic Toner 5.1 fl.oz / 150ml | Face Moisturizer, Facial Toner for All Skin Types | Vegan, Cruelty Free, EWG-Green</p><p> -11% 0FF </p><p>$13.35 ($2.62 / Fl Oz)</p><a href="https://www.amazon.com/dp/B07THCMGFP?tag=eloabder-20&linkCode=osi&th=1&psc=1">View Product</a></div><div class="product"><a href="https://www.amazon.com/dp/B07BYJF7L7?tag=eloabder-20&linkCode=osi&th=1&psc=1"><img src="https://m.media-amazon.com/images/I/31+G3Xc+J7L._SL500_.jpg" alt="Product Image"></a><p>SOME BY MI AHA BHA PHA 30 Days Miracle Toner - 5.07Oz, 150ml - Mild Exfoliating Skin Prep Korean Toner for All Skin Type - Daily Blackhead Removing Pore Minimizer for Face Texture - Korean Skin Care</p><p> -38% 0FF </p><p>$13.90 ($2.74 / Fl Oz)</p><a href="https://www.amazon.com/dp/B07BYJF7L7?tag=eloabder-20&linkCode=osi&th=1&psc=1">View Product</a></div>
<div class="product"><a href="https://www.amazon.com/dp/B00PBX3L7K?tag=eloabder-20&linkCode=osi&th=1&psc=1"><img src="https://m.media-amazon.com/images/I/31OiAm-FA8L._SL500_.jpg" alt="Product Image"></a><p>COSRX Snail Mucin 96% Power Repairing Essence 3.38 fl.oz 100ml, Hydrating Serum for Face with Snail Secretion Filtrate for Dull Skin & Fine Lines, Korean Skin Care</p><p> -32% 0FF </p><p>$16.99 ($5.03 / Fl Oz)</p><a href="https://www.amazon.com/dp/B00PBX3L7K?tag=eloabder-20&linkCode=osi&th=1&psc=1">View Product</a></div><div class="product"><a href="https://www.amazon.com/dp/B014PGEEO2?tag=eloabder-20&linkCode=osi&th=1&psc=1"><img src="https://m.media-amazon.com/images/I/51v+djIfQGL._SL500_.jpg" alt="Product Image"></a><p>Tree of Life Facial Skin Care Set, Brightening, Firming, Hydrating, Dry Face, Dermatologist Tested - Trio Power Kit, Vitamin C, Retinol and Hyaluronic Acid, 3 count of 1 Fl Oz</p><p> -14% 0FF </p><p>$29.99 ($10.00 / Fl Oz)</p><a href="https://www.amazon.com/dp/B014PGEEO2?tag=eloabder-20&linkCode=osi&th=1&psc=1">View Product</a></div><div class="product"><a href="https://www.amazon.com/dp/B01B5G45R6?tag=eloabder-20&linkCode=osi&th=1&psc=1"><img src="https://m.media-amazon.com/images/I/51Q5RBPeaLL._SL500_.jpg" alt="Product Image"></a><p>artnaturals Anti-Aging-Set with Vitamin-C Retinol and Hyaluronic-Acid - (3 x 1 Fl Oz / 30ml) Serum for Anti Wrinkle and Dark Circle Remover – All Natural and Moisturizing</p><p> -19% 0FF </p><p>$24.95 ($8.32 / Fl Oz)</p><a href="https://www.amazon.com/dp/B01B5G45R6?tag=eloabder-20&linkCode=osi&th=1&psc=1">View Product</a></div><div class="product"><a href="https://www.amazon.com/dp/B07VWSN95S?tag=eloabder-20&linkCode=osi&th=1&psc=1"><img src="https://m.media-amazon.com/images/I/411Y0nzh9zL._SL500_.jpg" alt="Product Image"></a><p>CeraVe Retinol Serum for Post-Acne Marks and Skin Texture | Pore Refining, Resurfacing, Brightening Facial Serum with Retinol and Niacinamide | Fragrance Free, Paraben Free & Non-Comedogenic| 1 Oz</p><p> -15% 0FF </p><p>$18.68</p><a href="https://www.amazon.com/dp/B07VWSN95S?tag=eloabder-20&linkCode=osi&th=1&psc=1">View Product</a></div><div class="product"><a href="https://www.amazon.com/dp/B07QFHZZZL?tag=eloabder-20&linkCode=osi&th=1&psc=1"><img src="https://m.media-amazon.com/images/I/41I2Z44ByOL._SL500_.jpg" alt="Product Image"></a><p>The Ordinary Face Serum Set! Caffeine Solution 5%+EGCG! Hyaluronic Acid 2%+B5! Niacinamide 10% + Zinc 1%! Help Fight Visible Blemishes And Improve The Look Of Skin Texture&Radiance</p><p> -8% 0FF </p><p>$27.00 ($9.00 / Ounce)</p><a href="https://www.amazon.com/dp/B07QFHZZZL?tag=eloabder-20&linkCode=osi&th=1&psc=1">View Product</a></div>
<div class="product"><a href="https://www.amazon.com/dp/B09HH8R1T8?tag=eloabder-20&linkCode=osi&th=1&psc=1"><img src="https://m.media-amazon.com/images/I/51wBTGbcqkL._SL500_.jpg" alt="Product Image"></a><p>UJFQBH 3 Pieces African Bath Sponge African Net Long Net Bath Sponge Exfoliating Shower Body Scrubber Back Scrubber Skin Smoother,Great for Daily Use (Pink,Yellow,Purple)</p><p> -47% 0FF </p><p>$7.99 ($2.66 / Count)</p><a href="https://www.amazon.com/dp/B09HH8R1T8?tag=eloabder-20&linkCode=osi&th=1&psc=1">View Product</a></div><div class="product"><a href="https://www.amazon.com/dp/B004GEV9JW?tag=eloabder-20&linkCode=osi&th=1&psc=1"><img src="https://m.media-amazon.com/images/I/41MgyDfHXfL._SL500_.jpg" alt="Product Image"></a><p>Buf-Puf Gentle Facial Sponge, Dermatologist Developed, Removes Deep Down Dirt & Makeup That Causes Breakouts and Blackheads, Reusable, Exfoliating, 1 Count</p><p> -22% 0FF </p><p>$7.84</p><a href="https://www.amazon.com/dp/B004GEV9JW?tag=eloabder-20&linkCode=osi&th=1&psc=1">View Product</a></div>

<div class="product"><a href="https://www.amazon.com/dp/B005IHT94S?tag=eloabder-20&linkCode=osi&th=1&psc=1"><img src="https://m.media-amazon.com/images/I/31YAXVCRMAL._SL500_.jpg" alt="Product Image"></a><p>Neutrogena Ultra Sheer Dry-Touch Water Resistant and Non-Greasy Sunscreen Lotion with Broad Spectrum SPF 70, 3 Fl Oz (Pack of 1)</p><p> -26% 0FF </p><p>$9.88 ($3.29 / Fl Oz)</p><a href="https://www.amazon.com/dp/B005IHT94S?tag=eloabder-20&linkCode=osi&th=1&psc=1">View Product</a></div><div class="product"><a href="https://www.amazon.com/dp/B01MQXX9US?tag=eloabder-20&linkCode=osi&th=1&psc=1"><img src="https://m.media-amazon.com/images/I/41Zi7BP15NL._SL500_.jpg" alt="Product Image"></a><p>Banana Boat Sport Ultra SPF 50 Sunscreen Spray Twin Pack | Banana Boat Sunscreen Spray SPF 50, Spray On Sunscreen, Water Resistant Sunscreen, Oxybenzone Free Sunscreen Pack, 6oz each</p><p> -26% 0FF </p><p>$13.97 ($1.16 / Ounce)</p><a href="https://www.amazon.com/dp/B01MQXX9US?tag=eloabder-20&linkCode=osi&th=1&psc=1">View Product</a></div><div class="product"><a href="https://www.amazon.com/dp/B0033ZL5YY?tag=eloabder-20&linkCode=osi&th=1&psc=1"><img src="https://m.media-amazon.com/images/I/41gbrGgbm6L._SL500_.jpg" alt="Product Image"></a><p>Banana Boat Sport Ultra SPF 50 Sunscreen Lotion, 8oz | Banana Boat Sunscreen SPF 50 Lotion, Oxybenzone Free Sunscreen, Sunblock Lotion Sunscreen, Banana Boat Lotion, Water Resistant Sunscreen, 8oz</p><p> -40% 0FF </p><p>$8.97 ($1.12 / Fl Oz)</p><a href="https://www.amazon.com/dp/B0033ZL5YY?tag=eloabder-20&linkCode=osi&th=1&psc=1">View Product</a></div><div class="product"><a href="https://www.amazon.com/dp/B004D2DR0Q?tag=eloabder-20&linkCode=osi&th=1&psc=1"><img src="https://m.media-amazon.com/images/I/41QwzCWNnFL._SL500_.jpg" alt="Product Image"></a><p>Neutrogena Ultra Sheer Dry-Touch Water Resistant and Non-Greasy Sunscreen Lotion with Broad Spectrum SPF 45, TSA-Compliant travel Size, 3 Fl Oz, Pack of 2, 6 Fl Oz</p><p> -38% 0FF </p><p>$13.99 ($2.33 / Fl Oz)</p><a href="https://www.amazon.com/dp/B004D2DR0Q?tag=eloabder-20&linkCode=osi&th=1&psc=1">View Product</a></div><div class="product"><a href="https://www.amazon.com/dp/B074W9HR72?tag=eloabder-20&linkCode=osi&th=1&psc=1"><img src="https://m.media-amazon.com/images/I/41X2bu9GahL._SL500_.jpg" alt="Product Image"></a><p>Coppertone Sport Sunscreen Spray SPF 30, Water Resistant Spray Sunscreen, Broad Spectrum SPF 30 Sunscreen, Bulk Sunscreen Pack, 5.5 Oz Bottle, Pack of 2</p><p> -28% 0FF </p><p>$9.99 ($0.91 / Ounce)</p><a href="https://www.amazon.com/dp/B074W9HR72?tag=eloabder-20&linkCode=osi&th=1&psc=1">View Product</a></div><div class="product"><a href="https://www.amazon.com/dp/B0031O5QF6?tag=eloabder-20&linkCode=osi&th=1&psc=1"><img src="https://m.media-amazon.com/images/I/31aJ6gPLVaL._SL500_.jpg" alt="Product Image"></a><p>Hawaiian Tropic Sheer Touch Ultra Radiance Lotion Sunscreen SPF 30, 8oz | Hawaiian Tropic Sunscreen SPF 30, Sunblock, Broad Spectrum Sunscreen, Oxybenzone Free Sunscreen, Body Sunscreen, 8oz</p><p> -14% 0FF </p><p>$8.98 ($1.12 / Fl Oz)</p><a href="https://www.amazon.com/dp/B0031O5QF6?tag=eloabder-20&linkCode=osi&th=1&psc=1">View Product</a></div><div class="product"><a href="https://www.amazon.com/dp/B00B81XR1Y?tag=eloabder-20&linkCode=osi&th=1&psc=1"><img src="https://m.media-amazon.com/images/I/41NtDXr-dML._SL500_.jpg" alt="Product Image"></a><p>Banana Boat Sport Ultra SPF 30 Sunscreen Spray Twin Pack | Banana Boat Sunscreen Spray SPF 30, Spray On Sunscreen, Water Resistant Sunscreen, Oxybenzone Free Sunscreen Pack, 6oz each</p><p> -25% 0FF </p><p>$13.47 ($1.12 / Ounce)</p><a href="https://www.amazon.com/dp/B00B81XR1Y?tag=eloabder-20&linkCode=osi&th=1&psc=1">View Product</a></div><div class="product"><a href="https://www.amazon.com/dp/B00AEN4QZ8?tag=eloabder-20&linkCode=osi&th=1&psc=1"><img src="https://m.media-amazon.com/images/I/31QMrCJPoeL._SL500_.jpg" alt="Product Image"></a><p>Neutrogena Beach Defense Water-Resistant Face & Body SPF 70 Sunscreen Lotion with Broad Spectrum UVA/UVB Protection, Oil-Free Fast-Absorbing Sunscreen Lotion, Oxybenzone-Free, 6.7 oz</p><p> -27% 0FF </p><p>$9.60 ($1.43 / Fl Oz)</p><a href="https://www.amazon.com/dp/B00AEN4QZ8?tag=eloabder-20&linkCode=osi&th=1&psc=1">View Product</a></div><div class="product"><a href="https://www.amazon.com/dp/B09DGPRM22?tag=eloabder-20&linkCode=osi&th=1&psc=1"><img src="https://m.media-amazon.com/images/I/31B9wKQM5vL._SL500_.jpg" alt="Product Image"></a><p>ROUND LAB Birch Juice Moisturizing Sunscreen (SPF50+ PA++++) | A moisturizing sunscreen, No White Cast, Strong UV Protection, Moist Essence Type, Ocean Friendly-Reef Safe (1.69fl.oz)</p><p> -32% 0FF </p><p>$18.99 ($11.24 / Fl Oz)</p><a href="https://www.amazon.com/dp/B09DGPRM22?tag=eloabder-20&linkCode=osi&th=1&psc=1">View Product</a></div>
<div class="product"><a href="https://www.amazon.com/dp/B0C9H6PD9B?tag=eloabder-20&linkCode=osi&th=1&psc=1"><img src="https://m.media-amazon.com/images/I/51MQp9qtYZL._SL500_.jpg" alt="Product Image"></a><p>Collagen Face Moisturizer with Airless Pump - Collagen Botanical Stem Cells Cream for Skin with Retinol, Niacinamide, Hyaluronic Acid - Anti-Aging Day & Night Cream - Made in USA (1.7 Oz)</p><p> -17% 0FF </p><p>$14.99 ($8.82 / Ounce)</p><a href="https://www.amazon.com/dp/B0C9H6PD9B?tag=eloabder-20&linkCode=osi&th=1&psc=1">View Product</a></div><div class="product"><a href="https://www.amazon.com/dp/B008EKY8VK?tag=eloabder-20&linkCode=osi&th=1&psc=1"><img src="https://m.media-amazon.com/images/I/417CElRN9WL._SL500_.jpg" alt="Product Image"></a><p>L'Oreal Paris Revitalift Triple Power Anti-Aging Face Moisturizer, Pro Retinol, Hyaluronic Acid & Vitamin C to Reduce Wrinkles, Firm & Brighten Skin, 1.7 Oz</p><p> -21% 0FF </p><p>$23.66 ($13.92 / Ounce)</p><a href="https://www.amazon.com/dp/B008EKY8VK?tag=eloabder-20&linkCode=osi&th=1&psc=1">View Product</a></div><div class="product"><a href="https://www.amazon.com/dp/B07XJ7XWLW?tag=eloabder-20&linkCode=osi&th=1&psc=1"><img src="https://m.media-amazon.com/images/I/41NLZaGIIvL._SL500_.jpg" alt="Product Image"></a><p>CeraVe Anti Aging Retinol Serum | Cream Serum for Smoothing Fine Lines and Skin Brightening | With Retinol, Hyaluronic Acid, Niacinamide, and Ceramides | 1 Ounce</p><p> -6% 0FF </p><p>$23.49</p><a href="https://www.amazon.com/dp/B07XJ7XWLW?tag=eloabder-20&linkCode=osi&th=1&psc=1">View Product</a></div><div class="product"><a href="https://www.amazon.com/dp/B002JDUMFO?tag=eloabder-20&linkCode=osi&th=1&psc=1"><img src="https://m.media-amazon.com/images/I/41h3+tOcptL._SL500_.jpg" alt="Product Image"></a><p>L’Oréal Paris Collagen Daily Face Moisturizer, Reduce Wrinkles, Face Cream 1.7 oz</p><p> -16% 0FF </p><p>$9.70 ($5.71 / Ounce)</p><a href="https://www.amazon.com/dp/B002JDUMFO?tag=eloabder-20&linkCode=osi&th=1&psc=1">View Product</a></div><div class="product"><a href="https://www.amazon.com/dp/B09JMDLSJR?tag=eloabder-20&linkCode=osi&th=1&psc=1"><img src="https://m.media-amazon.com/images/I/41dzg8Cq95L._SL500_.jpg" alt="Product Image"></a><p>RoC Retinol Correxion Deep Wrinkle Serum Facial Cleanser with Niacinamide for Anti-Aging and Fine Lines, Long-Wear Makeup Remover, Fragrance Free Skin Care, Opthalmologist Tested, 6 Ounces</p><p> -29% 0FF </p><p>$9.99 ($1.66 / Fl Oz)</p><a href="https://www.amazon.com/dp/B09JMDLSJR?tag=eloabder-20&linkCode=osi&th=1&psc=1">View Product</a></div><div class="product"><a href="https://www.amazon.com/dp/B01B7AGX2U?tag=eloabder-20&linkCode=osi&th=1&psc=1"><img src="https://m.media-amazon.com/images/I/31ZFZXsQryL._SL500_.jpg" alt="Product Image"></a><p>Neutrogena Retinol Treatment and Tinted Facial Moisturizer, Healthy Skin Anti-Aging Perfector with Broad Spectrum SPF 20 Sunscreen with Titanium Dioxide, 40 Neutral to Tan, 1 fl. oz</p><p> -50% 0FF </p><p>$10.20</p><a href="https://www.amazon.com/dp/B01B7AGX2U?tag=eloabder-20&linkCode=osi&th=1&psc=1">View Product</a></div>
<div class="product"><a href="https://www.amazon.com/dp/B000N758A2?tag=eloabder-20&linkCode=osi&th=1&psc=1"><img src="https://m.media-amazon.com/images/I/41YSvL8jS6L._SL500_.jpg" alt="Product Image"></a><p>OGX Nourishing + Coconut Milk Anti-Breakage Serum, 4 Fl Oz</p><p> -11% 0FF </p><p>$7.97 ($1.99 / Fl Oz)</p><a href="https://www.amazon.com/dp/B000N758A2?tag=eloabder-20&linkCode=osi&th=1&psc=1">View Product</a></div><div class="product"><a href="https://www.amazon.com/dp/B005LPN8R6?tag=eloabder-20&linkCode=osi&th=1&psc=1"><img src="https://m.media-amazon.com/images/I/41AX5ZL0F9L._SL500_.jpg" alt="Product Image"></a><p>Wet Brush Original Detangling Hair Brush, Classic Black - Ultra-Soft IntelliFlex Bristles - Detangler Brush Glide Through Tangles With Ease For All Hair Types - For Women, Men, Wet & Dry Hair</p><p> -30% 0FF </p><p>$7.00</p><a href="https://www.amazon.com/dp/B005LPN8R6?tag=eloabder-20&linkCode=osi&th=1&psc=1">View Product</a></div><div class="product"><a href="https://www.amazon.com/dp/B001126XOI?tag=eloabder-20&linkCode=osi&th=1&psc=1"><img src="https://m.media-amazon.com/images/I/31MeKMlDGLL._SL500_.jpg" alt="Product Image"></a><p>Conair Velvet Touch hair brush - Detangling hair brush - Ideal for all hair types - Paddle Cushion - Soft Touch Handle - Colors at random - 1 Count</p><p> -28% 0FF </p><p>$4.99</p><a href="https://www.amazon.com/dp/B001126XOI?tag=eloabder-20&linkCode=osi&th=1&psc=1">View Product</a></div><div class="product"><a href="https://www.amazon.com/dp/B00AINMFAC?tag=eloabder-20&linkCode=osi&th=1&psc=1"><img src="https://m.media-amazon.com/images/I/41D7x04cFtL._SL500_.jpg" alt="Product Image"></a><p>Nizoral Anti-Dandruff Shampoo with 1% Ketoconazole, Fresh Scent, 7 Fl Oz</p><p> -47% 0FF </p><p>$15.88 ($2.27 / Fl Oz)</p><a href="https://www.amazon.com/dp/B00AINMFAC?tag=eloabder-20&linkCode=osi&th=1&psc=1">View Product</a></div><div class="product"><a href="https://www.amazon.com/dp/B01LTIAUAG?tag=eloabder-20&linkCode=osi&th=1&psc=1"><img src="https://m.media-amazon.com/images/I/414cIBskUjL._SL500_.jpg" alt="Product Image"></a><p>Cantu Leave-In Conditioning Repair Cream with Argan Oil, 16 oz (Packaging May Vary)</p><p> -13% 0FF </p><p>$6.48 ($0.40 / Ounce)</p><a href="https://www.amazon.com/dp/B01LTIAUAG?tag=eloabder-20&linkCode=osi&th=1&psc=1">View Product</a></div><div class="product"><a href="https://www.amazon.com/dp/B0011DP24Y?tag=eloabder-20&linkCode=osi&th=1&psc=1"><img src="https://m.media-amazon.com/images/I/318wWjq3aeL._SL500_.jpg" alt="Product Image"></a><p>Avalon Organics Revitalizing Lavender Shampoo, For Smooth, Shiny, Touchably Soft Hair For Normal To Dry Hair, 32 Fluid Ounces</p><p> -9% 0FF </p><p>$17.69 ($0.55 / Fl Oz)</p><a href="https://www.amazon.com/dp/B0011DP24Y?tag=eloabder-20&linkCode=osi&th=1&psc=1">View Product</a></div><div class="product"><a href="https://www.amazon.com/dp/B015HTJDDS?tag=eloabder-20&linkCode=osi&th=1&psc=1"><img src="https://m.media-amazon.com/images/I/31TKfcsgYvL._SL500_.jpg" alt="Product Image"></a><p>The Honest Company Conditioning Hair Detangler | Leave-in Conditioner + Fortifying Spray | Tear-free, Cruelty-Free, Hypoallergenic | Citrus Vanilla Refresh, 4 fl oz</p><p> -7% 0FF </p><p>$6.99 ($1.75 / Fl Oz)</p><a href="https://www.amazon.com/dp/B015HTJDDS?tag=eloabder-20&linkCode=osi&th=1&psc=1">View Product</a></div><div class="product"><a href="https://www.amazon.com/dp/B019ZZB3O2?tag=eloabder-20&linkCode=osi&th=1&psc=1"><img src="https://m.media-amazon.com/images/I/41LErxWdadL._SL500_.jpg" alt="Product Image"></a><p>SugarbearPRO Hair Vitamin Extra Strength 6000mcg Biotin, Longer-Looking Hair Gummy for Women & Men,B12, MSM, Inositol, Omega 3, Elderberry, Growth, USA Patent Design, Kosher Halal Vegan 2 Month Supply</p><p> -23% 0FF </p><p>$29.99 ($0.50 / Count)</p><a href="https://www.amazon.com/dp/B019ZZB3O2?tag=eloabder-20&linkCode=osi&th=1&psc=1">View Product</a></div>
<div class="product"><a href="https://www.amazon.com/dp/B00ADRH2OM?tag=eloabder-20&linkCode=osi&th=1&psc=1"><img src="https://m.media-amazon.com/images/I/413WPcPNDbL._SL500_.jpg" alt="Product Image"></a><p>OGX Thick & Full + Biotin & Collagen Volumizing Shampoo, Nutrient-Infused Hair Shampoo with Vitamin B7 Biotin Gives Hair Volume & Body for 72+ Hours, Sulfate-Free Surfactants, 13 fl. oz</p><p> -25% 0FF </p><p>$6.97 ($0.54 / Fl Oz)</p><a href="https://www.amazon.com/dp/B00ADRH2OM?tag=eloabder-20&linkCode=osi&th=1&psc=1">View Product</a></div><div class="product"><a href="https://www.amazon.com/dp/B008J2GP9G?tag=eloabder-20&linkCode=osi&th=1&psc=1"><img src="https://m.media-amazon.com/images/I/31BkIKu3HgL._SL500_.jpg" alt="Product Image"></a><p>OGX Renewing Argan Oil of Morocco Shampoo - Strengthens and Repairs Dry, Damaged Hair - Paraben-Free, Sulfate-Free - 25.4 fl. oz</p><p> -27% 0FF </p><p>$11.99 ($0.47 / Fl Oz)</p><a href="https://www.amazon.com/dp/B008J2GP9G?tag=eloabder-20&linkCode=osi&th=1&psc=1">View Product</a></div><div class="product"><a href="https://www.amazon.com/dp/B008OL3UYK?tag=eloabder-20&linkCode=osi&th=1&psc=1"><img src="https://m.media-amazon.com/images/I/41h78nCTqqL._SL500_.jpg" alt="Product Image"></a><p>Avalon Organics Therapy Biotin B-Complex Thickening Shampoo, For an Energized Scalp and Thicker, Fuller-Looking Hair, 32 Fluid Ounces</p><p> -9% 0FF </p><p>$17.69 ($0.55 / Fl Oz)</p><a href="https://www.amazon.com/dp/B008OL3UYK?tag=eloabder-20&linkCode=osi&th=1&psc=1">View Product</a></div><div class="product"><a href="https://www.amazon.com/dp/B001UGL84U?tag=eloabder-20&linkCode=osi&th=1&psc=1"><img src="https://m.media-amazon.com/images/I/41TIFLFVNyL._SL500_.jpg" alt="Product Image"></a><p>Selsun Blue Medicated Anti-dandruff Shampoo with Menthol, 11 fl. oz., Maximum Strength, Selenium Sulfide 1%</p><p> -13% 0FF </p><p>$7.89 ($0.72 / Fl Oz)</p><a href="https://www.amazon.com/dp/B001UGL84U?tag=eloabder-20&linkCode=osi&th=1&psc=1">View Product</a></div>
<div class="product"><a href="https://www.amazon.com/dp/B0128QFSPK?tag=eloabder-20&linkCode=osi&th=1&psc=1"><img src="https://m.media-amazon.com/images/I/31lrVfnasLL._SL500_.jpg" alt="Product Image"></a><p>OGX Quenching + Coconut Curls Curl-Defining Conditioner, Nourishing Curly Hair Conditioner with Coconut /Citrus Oil & Honey, Paraben-Free with Sulfate-Free Surfactants, 13oz</p><p> -25% 0FF </p><p>$6.97 ($0.54 / Fl Oz)</p><a href="https://www.amazon.com/dp/B0128QFSPK?tag=eloabder-20&linkCode=osi&th=1&psc=1">View Product</a></div><div class="product"><a href="https://www.amazon.com/dp/B0048F38DY?tag=eloabder-20&linkCode=osi&th=1&psc=1"><img src="https://m.media-amazon.com/images/I/41GrHa75nWL._SL500_.jpg" alt="Product Image"></a><p>OGX Renewing + Argan Oil of Morocco Conditioner, 13 fl. oz - Repairs Dry, Damaged Hair, Paraben-Free, Sulfate-Free Surfactants, LipiPro Shield Technology, Citrus-Fresh Scent</p><p> -25% 0FF </p><p>$6.97 ($0.54 / Fl Oz)</p><a href="https://www.amazon.com/dp/B0048F38DY?tag=eloabder-20&linkCode=osi&th=1&psc=1">View Product</a></div><div class="product"><a href="https://www.amazon.com/dp/B01E9CSI44?tag=eloabder-20&linkCode=osi&th=1&psc=1"><img src="https://m.media-amazon.com/images/I/31eFC3P2y4L._SL500_.jpg" alt="Product Image"></a><p>OGX Thick & Full + Biotin & Collagen Volumizing Conditioner, Nutrient-Infused Conditioner + Vitamin B7 Biotin Gives Hair Volume & Body for 72+ Hours, Sulfate-Free Surfactants, 25.4 fl. oz</p><p> -27% 0FF </p><p>$11.99 ($0.47 / Fl Oz)</p><a href="https://www.amazon.com/dp/B01E9CSI44?tag=eloabder-20&linkCode=osi&th=1&psc=1">View Product</a></div><div class="product"><a href="https://www.amazon.com/dp/B000TG850M?tag=eloabder-20&linkCode=osi&th=1&psc=1"><img src="https://m.media-amazon.com/images/I/31TYCRS9xuL._SL500_.jpg" alt="Product Image"></a><p>OGX Nourishing + Coconut Milk Conditioner, Hydrating & Restoring Conditioner Moisturizes for Soft Hair After the First Use, Parabens-Free, Sulfate-Free Surfactants, 13 fl. Oz</p><p> -30% 0FF </p><p>$6.97 ($0.54 / Fl Oz)</p><a href="https://www.amazon.com/dp/B000TG850M?tag=eloabder-20&linkCode=osi&th=1&psc=1">View Product</a></div><div class="product"><a href="https://www.amazon.com/dp/B008OL3VW6?tag=eloabder-20&linkCode=osi&th=1&psc=1"><img src="https://m.media-amazon.com/images/I/31tIRt0xMJL._SL500_.jpg" alt="Product Image"></a><p>Avalon Organics Therapy Thickening Conditioner, Biotin B-Complex, 32 Oz</p><p> -9% 0FF </p><p>$17.69 ($0.55 / Fl Oz)</p><a href="https://www.amazon.com/dp/B008OL3VW6?tag=eloabder-20&linkCode=osi&th=1&psc=1">View Product</a></div>
<div class="product"><a href="https://www.amazon.com/dp/B000ZLVUYO?tag=eloabder-20&linkCode=osi&th=1&psc=1"><img src="https://m.media-amazon.com/images/I/41CNAwwnEqL._SL500_.jpg" alt="Product Image"></a><p>It's A 10 Haircare Miracle Hair Mask - 8 oz. - 1ct</p><p> -21% 0FF </p><p>$24.45 ($3.06 / Fl Oz)</p><a href="https://www.amazon.com/dp/B000ZLVUYO?tag=eloabder-20&linkCode=osi&th=1&psc=1">View Product</a></div><div class="product"><a href="https://www.amazon.com/dp/B002WTC37A?tag=eloabder-20&linkCode=osi&th=1&psc=1"><img src="https://m.media-amazon.com/images/I/41yD1U1SpnL._SL500_.jpg" alt="Product Image"></a><p>Macadamia Natural Deep Repair Hair Masque, 8 OZ</p><p> -7% 0FF </p><p>$16.80 ($2.10 / Fl Oz)</p><a href="https://www.amazon.com/dp/B002WTC37A?tag=eloabder-20&linkCode=osi&th=1&psc=1">View Product</a></div><div class="product"><a href="https://www.amazon.com/dp/B0CQDWM26G?tag=eloabder-20&linkCode=osi&th=1&psc=1"><img src="https://m.media-amazon.com/images/I/41Cg2H-fyrL._SL500_.jpg" alt="Product Image"></a><p>Fino Premium Touch Hair Mask, 180g / 8.11 Ounce by ode</p><p> -9% 0FF </p><p>$13.69 ($1.69 / Ounce)</p><a href="https://www.amazon.com/dp/B0CQDWM26G?tag=eloabder-20&linkCode=osi&th=1&psc=1">View Product</a></div>
<div class="product"><a href="https://www.amazon.com/dp/B0BBSDNX7W?tag=eloabder-20&linkCode=osi&th=1&psc=1"><img src="https://m.media-amazon.com/images/I/41Y91vJb1TL._SL500_.jpg" alt="Product Image"></a><p>Handcraft Blends Castor Oil with Rosemary Oil - 8 Fl Oz - 100% Pure and Natural - Premium Grade Oil for Hair Growth, Eyelashes and Eyebrows - Carrier Oil - Hair and Body Oil</p><p> -10% 0FF </p><p>$8.99 ($1.12 / Fl Oz)</p><a href="https://www.amazon.com/dp/B0BBSDNX7W?tag=eloabder-20&linkCode=osi&th=1&psc=1">View Product</a></div><div class="product"><a href="https://www.amazon.com/dp/B0019LTGOU?tag=eloabder-20&linkCode=osi&th=1&psc=1"><img src="https://m.media-amazon.com/images/I/31pK3I8DkWL._SL500_.jpg" alt="Product Image"></a><p>NOW Foods Solutions, Organic Jojoba Oil, Moisturizing Multi-Purpose Oil for Face, Hair and Body, 4-Ounce</p><p> -31% 0FF </p><p>$10.31 ($2.58 / Fl Oz)</p><a href="https://www.amazon.com/dp/B0019LTGOU?tag=eloabder-20&linkCode=osi&th=1&psc=1">View Product</a></div><div class="product"><a href="https://www.amazon.com/dp/B004Z209HS?tag=eloabder-20&linkCode=osi&th=1&psc=1"><img src="https://m.media-amazon.com/images/I/41iZC2aD-zL._SL500_.jpg" alt="Product Image"></a><p>PURA D'OR 4 Oz ORGANIC Moroccan Argan Oil - USDA Certified 100% Pure & Cold Pressed Virgin Premium Grade Natural Moisturizer Treatment For Dry, Damaged Skin, Hair, Face, Body & Scalp - Men & Women</p><p> -13% 0FF </p><p>$12.99 ($3.25 / Fl Oz)</p><a href="https://www.amazon.com/dp/B004Z209HS?tag=eloabder-20&linkCode=osi&th=1&psc=1">View Product</a></div><div class="product"><a href="https://www.amazon.com/dp/B08ZLLB1QP?tag=eloabder-20&linkCode=osi&th=1&psc=1"><img src="https://m.media-amazon.com/images/I/41Er838d1WL._SL500_.jpg" alt="Product Image"></a><p>HIQILI Rosemary Oil for Hair Growth, Skin, Scalp, 100% Pure Natural, Add to Shampoo & Conditioner - 3.38 Fl Oz</p><p> -38% 0FF </p><p>$7.99 ($2.36 / Fl Oz)</p><a href="https://www.amazon.com/dp/B08ZLLB1QP?tag=eloabder-20&linkCode=osi&th=1&psc=1">View Product</a></div>
<div class="product"><a href="https://www.amazon.com/dp/B00AIL783I?tag=eloabder-20&linkCode=osi&th=1&psc=1"><img src="https://m.media-amazon.com/images/I/31H0Iw6tmZL._SL500_.jpg" alt="Product Image"></a><p>CHI Straight Guard Smoothing Styling Cream, Eliminates Frizz For Sleek & Shiny Hair, Maximum Control, 8.5 Oz</p><p> -58% 0FF </p><p>$8.50 ($1.00 / Fl Oz)</p><a href="https://www.amazon.com/dp/B00AIL783I?tag=eloabder-20&linkCode=osi&th=1&psc=1">View Product</a></div><div class="product"><a href="https://www.amazon.com/dp/B0167HOOEC?tag=eloabder-20&linkCode=osi&th=1&psc=1"><img src="https://m.media-amazon.com/images/I/51z28ow-ggL._SL500_.jpg" alt="Product Image"></a><p>Smooth Viking Hair Clay for Men - Strong Hold, Clay Pomade, Hair Paste, Styling Clay with Matte Finish, Made in USA, 2oz</p><p> -23% 0FF </p><p>$12.99 ($6.50 / Ounce)</p><a href="https://www.amazon.com/dp/B0167HOOEC?tag=eloabder-20&linkCode=osi&th=1&psc=1">View Product</a></div>
<div class="product"><a href="https://www.amazon.com/dp/B004INIW1Y?tag=eloabder-20&linkCode=osi&th=1&psc=1"><img src="https://m.media-amazon.com/images/I/51QXVxOgEkL._SL500_.jpg" alt="Product Image"></a><p>L'Oreal Paris Excellence Creme Permanent Hair Color, 4 Dark Brown, 100 percent Gray Coverage Hair Dye, Pack of 1</p><p> -9% 0FF </p><p>$10.97</p><a href="https://www.amazon.com/dp/B004INIW1Y?tag=eloabder-20&linkCode=osi&th=1&psc=1">View Product</a></div><div class="product"><a href="https://www.amazon.com/dp/B004C0K018?tag=eloabder-20&linkCode=osi&th=1&psc=1"><img src="https://m.media-amazon.com/images/I/517WiYZFqBL._SL500_.jpg" alt="Product Image"></a><p>L'Oreal Paris Superior Preference Fade-Defying + Shine Permanent Hair Color, 5A Medium Ash Brown, Pack of 1, Hair Dye</p><p> -8% 0FF </p><p>$11.97</p><a href="https://www.amazon.com/dp/B004C0K018?tag=eloabder-20&linkCode=osi&th=1&psc=1">View Product</a></div><div class="product"><a href="https://www.amazon.com/dp/B004INCW9W?tag=eloabder-20&linkCode=osi&th=1&psc=1"><img src="https://m.media-amazon.com/images/I/41zrK6E6A7L._SL500_.jpg" alt="Product Image"></a><p>L'Oreal Paris Feria Multi-Faceted Shimmering Permanent Hair Color, 45 French Roast (Deep Bronzed Brown), Pack of 1, Hair Dye</p><p> -8% 0FF </p><p>$11.97</p><a href="https://www.amazon.com/dp/B004INCW9W?tag=eloabder-20&linkCode=osi&th=1&psc=1">View Product</a></div><div class="product"><a href="https://www.amazon.com/dp/B00TUMG2N8?tag=eloabder-20&linkCode=osi&th=1&psc=1"><img src="https://m.media-amazon.com/images/I/51AQGB6nt+L._SL500_.jpg" alt="Product Image"></a><p>Schwarzkopf Keratin Color Anti-Age Hair Color Cream, 8.0 Medium Blonde (Packaging May Vary)</p><p> -7% 0FF </p><p>$11.09</p><a href="https://www.amazon.com/dp/B00TUMG2N8?tag=eloabder-20&linkCode=osi&th=1&psc=1">View Product</a></div><div class="product"><a href="https://www.amazon.com/dp/B004DK8TUQ?tag=eloabder-20&linkCode=osi&th=1&psc=1"><img src="https://m.media-amazon.com/images/I/410IY7twavL._SL500_.jpg" alt="Product Image"></a><p>John Frieda Deep Cherry Brown 3VR Permanent Foam Hair Color, 1 Application</p><p> -8% 0FF </p><p>$11.92</p><a href="https://www.amazon.com/dp/B004DK8TUQ?tag=eloabder-20&linkCode=osi&th=1&psc=1">View Product</a></div><div class="product"><a href="https://www.amazon.com/dp/B000NSX3NU?tag=eloabder-20&linkCode=osi&th=1&psc=1"><img src="https://m.media-amazon.com/images/I/51ioG6p30AS._SL500_.jpg" alt="Product Image"></a><p>Just For Men Shampoo-In Color (Formerly Original Formula), Mens Hair Color with Keratin and Vitamin E for Stronger Hair - Real Black, H-55, Pack of 3</p><p> -10% 0FF </p><p>$26.88 ($8.96 / Count)</p><a href="https://www.amazon.com/dp/B000NSX3NU?tag=eloabder-20&linkCode=osi&th=1&psc=1">View Product</a></div>
<div class="product"><a href="https://www.amazon.com/dp/B07FP3686J?tag=eloabder-20&linkCode=osi&th=1&psc=1"><img src="https://m.media-amazon.com/images/I/51KOSA5dFEL._SL500_.jpg" alt="Product Image"></a><p>Kitsch Spiral Hair Ties for Women, Coil Hair Ties for Thick Hair, No Crease Hair Tie, Spiral Hair Ties No Damage, Hair Coils & Phone Cord Hair Ties for Thin Hair, Hair Ties Spiral, 8pcs (Brunette)</p><p> -9% 0FF </p><p>$7.99 ($1.00 / Count)</p><a href="https://www.amazon.com/dp/B07FP3686J?tag=eloabder-20&linkCode=osi&th=1&psc=1">View Product</a></div><div class="product"><a href="https://www.amazon.com/dp/B08H6V3Q5Y?tag=eloabder-20&linkCode=osi&th=1&psc=1"><img src="https://m.media-amazon.com/images/I/41NgYqBP9PL._SL500_.jpg" alt="Product Image"></a><p>Kitsch Nylon Hair Elastics, No Tangle & No Breakage Hair Ties for Ponytails, Updos & Braids, For All Hair Types, Seamless, Damage Free Hair Accessories for Girls & Women, Blush, 20pcs</p><p> -10% 0FF </p><p>$7.93 ($0.40 / Count)</p><a href="https://www.amazon.com/dp/B08H6V3Q5Y?tag=eloabder-20&linkCode=osi&th=1&psc=1">View Product</a></div><div class="product"><a href="https://www.amazon.com/dp/B009MGKQ0W?tag=eloabder-20&linkCode=osi&th=1&psc=1"><img src="https://m.media-amazon.com/images/I/41pGPMVGZ4L._SL500_.jpg" alt="Product Image"></a><p>GOODY Ouchless Elastic Hair Tie - 50 Count, Neutral Colors - 2MM for Fine to Medium Hair - Pain-Free Hair Accessories for Men, Women, Boys, and Girls - for Long Lasting Braids, Ponytails</p><p> -39% 0FF </p><p>$3.79 ($0.08 / Count)</p><a href="https://www.amazon.com/dp/B009MGKQ0W?tag=eloabder-20&linkCode=osi&th=1&psc=1">View Product</a></div><div class="product"><a href="https://www.amazon.com/dp/B005CSYTCU?tag=eloabder-20&linkCode=osi&th=1&psc=1"><img src="https://m.media-amazon.com/images/I/41og7wvl2GL._SL500_.jpg" alt="Product Image"></a><p>GOODY Ouchless Womens Polyband Elastic Hair Tie - 250 Count, Clear - Fine Hair Accessories to Style With Ease and Keep Your Hair Secured - Perfect for Fun and Unique Hairstyles - Pain-Free</p><p> -39% 0FF </p><p>$4.54 ($0.02 / Count)</p><a href="https://www.amazon.com/dp/B005CSYTCU?tag=eloabder-20&linkCode=osi&th=1&psc=1">View Product</a></div><div class="product"><a href="https://www.amazon.com/dp/B00DFSHD5O?tag=eloabder-20&linkCode=osi&th=1&psc=1"><img src="https://m.media-amazon.com/images/I/41U4OswVDQL._SL500_.jpg" alt="Product Image"></a><p>Goody Ouchless Women's Elastic Hair Ties - 27 Count, Black - 4MM for Medium Hair - Long-Lasting Braids, Ponytails, and More - Pain-Free Hair Accessories (Packaging May Vary)</p><p> -42% 0FF </p><p>$4.27 ($0.16 / Count)</p><a href="https://www.amazon.com/dp/B00DFSHD5O?tag=eloabder-20&linkCode=osi&th=1&psc=1">View Product</a></div><div class="product"><a href="https://www.amazon.com/dp/B001SXPSD2?tag=eloabder-20&linkCode=osi&th=1&psc=1"><img src="https://m.media-amazon.com/images/I/4197dro0RyL._SL500_.jpg" alt="Product Image"></a><p>Scunci by Conair jaw claw clips - hair accessories for women - claw clips for thick hair - claw clip - Black & Tortoise- 2 Count</p><p> -36% 0FF </p><p>$4.99 ($2.50 / Count)</p><a href="https://www.amazon.com/dp/B001SXPSD2?tag=eloabder-20&linkCode=osi&th=1&psc=1">View Product</a></div><div class="product"><a href="https://www.amazon.com/dp/B00DIWQDWQ?tag=eloabder-20&linkCode=osi&th=1&psc=1"><img src="https://m.media-amazon.com/images/I/41YEJFomuGL._SL500_.jpg" alt="Product Image"></a><p>Goody Ouchless Comfort Headwraps - 3 Count(Pack of 1), Assorted Made from Fabric that is Soft and Strong for a Comfortable Fit All Hair Types Pain-Free Accessories Women Girls</p><p> -73% 0FF </p><p>$2.98 ($0.99 / Count)</p><a href="https://www.amazon.com/dp/B00DIWQDWQ?tag=eloabder-20&linkCode=osi&th=1&psc=1">View Product</a></div>
<div class="product"><a href="https://www.amazon.com/dp/B000QXH4PK?tag=eloabder-20&linkCode=osi&th=1&psc=1"><img src="https://m.media-amazon.com/images/I/41SXL+-YzcL._SL500_.jpg" alt="Product Image"></a><p>Listerine Cool Mint Pocketpaks Breath Strips Kills Bad Breath Germs, 24-Strip Pack, 3 Pack</p><p> -18% 0FF </p><p>$5.72 ($0.08 / Count)</p><a href="https://www.amazon.com/dp/B000QXH4PK?tag=eloabder-20&linkCode=osi&th=1&psc=1">View Product</a></div><div class="product"><a href="https://www.amazon.com/dp/B00UB7BO16?tag=eloabder-20&linkCode=osi&th=1&psc=1"><img src="https://m.media-amazon.com/images/I/51JexKE3EDL._SL500_.jpg" alt="Product Image"></a><p>Oral-B Glide Complete with Scope Outlast Mint Flavor Floss Picks 75 Count</p><p> -20% 0FF </p><p>$3.96 ($0.05 / Count)</p><a href="https://www.amazon.com/dp/B00UB7BO16?tag=eloabder-20&linkCode=osi&th=1&psc=1">View Product</a></div><div class="product"><a href="https://www.amazon.com/dp/B0758F8KDC?tag=eloabder-20&linkCode=osi&th=1&psc=1"><img src="https://m.media-amazon.com/images/I/51JvxvVlcIL._SL500_.jpg" alt="Product Image"></a><p>TheraBreath Healthy Gums Mouthwash Clean Mint, Antigingivitis, Dentist Formulated, 16 Fl Oz (2-Pack)</p><p> -37% 0FF </p><p>$17.58 ($0.55 / Fl Oz)</p><a href="https://www.amazon.com/dp/B0758F8KDC?tag=eloabder-20&linkCode=osi&th=1&psc=1">View Product</a></div><div class="product"><a href="https://www.amazon.com/dp/B0BG52SJ5N?tag=eloabder-20&linkCode=osi&th=1&psc=1"><img src="https://m.media-amazon.com/images/I/51PpZUt1LYL._SL500_.jpg" alt="Product Image"></a><p>COSLUS Water Dental Flosser Teeth Pick: Portable Cordless Oral Irrigator 300ML Rechargeable Travel Irrigation Cleaner IPX7 Waterproof Electric Waterflosser Flossing Machine for Teeth Cleaning F5020E</p><p> -25% 0FF </p><p>$29.98</p><a href="https://www.amazon.com/dp/B0BG52SJ5N?tag=eloabder-20&linkCode=osi&th=1&psc=1">View Product</a></div>
<div class="product"><a href="https://www.amazon.com/dp/B005PLQIQ4?tag=eloabder-20&linkCode=osi&th=1&psc=1"><img src="https://m.media-amazon.com/images/I/51DOyE1fx2L._SL500_.jpg" alt="Product Image"></a><p>Crest + Scope Complete Whitening Toothpaste - Pack of 3, 5.4 Oz Tubes - Anticavity Fluoride Toothpaste - Fresh Breath, Kills Germs - Tartar Protection, Enamel Protection - Minty Fresh Flavor</p><p> -10% 0FF </p><p>$9.00 ($0.56 / Ounce)</p><a href="https://www.amazon.com/dp/B005PLQIQ4?tag=eloabder-20&linkCode=osi&th=1&psc=1">View Product</a></div><div class="product"><a href="https://www.amazon.com/dp/B0BLX8VSCH?tag=eloabder-20&linkCode=osi&th=1&psc=1"><img src="https://m.media-amazon.com/images/I/61dvpbGDJjL._SL500_.jpg" alt="Product Image"></a><p>Colgate Max Fresh Whitening Toothpaste with Mini Strips, Clean Mint Toothpaste for Bad Breath, Helps Fight Cavities, Whitens Teeth, and Freshens Breath, 6.3 Ounce (Pack of 4)</p><p> -24% 0FF </p><p>$10.65 ($0.42 / Ounce)</p><a href="https://www.amazon.com/dp/B0BLX8VSCH?tag=eloabder-20&linkCode=osi&th=1&psc=1">View Product</a></div><div class="product"><a href="https://www.amazon.com/dp/B0BLJ68F9R?tag=eloabder-20&linkCode=osi&th=1&psc=1"><img src="https://m.media-amazon.com/images/I/51ccJX66fBL._SL500_.jpg" alt="Product Image"></a><p>Crest Pro-Health Clean Mint Toothpaste (4.3oz) Triple Pack</p><p> -10% 0FF </p><p>$8.97 ($0.70 / Ounce)</p><a href="https://www.amazon.com/dp/B0BLJ68F9R?tag=eloabder-20&linkCode=osi&th=1&psc=1">View Product</a></div><div class="product"><a href="https://www.amazon.com/dp/B0CMW3X9ZK?tag=eloabder-20&linkCode=osi&th=1&psc=1"><img src="https://m.media-amazon.com/images/I/41Y4jxmQuBL._SL500_.jpg" alt="Product Image"></a><p>Crest 3D White Advanced Teeth Whitening Toothpaste, Radiant Mint, 3.3 oz, Pack of 2</p><p> -10% 0FF </p><p>$8.97 ($1.36 / Ounce)</p><a href="https://www.amazon.com/dp/B0CMW3X9ZK?tag=eloabder-20&linkCode=osi&th=1&psc=1">View Product</a></div><div class="product"><a href="https://www.amazon.com/dp/B01BNEWDFQ?tag=eloabder-20&linkCode=osi&th=1&psc=1"><img src="https://m.media-amazon.com/images/I/51ViNDjKZIL._SL500_.jpg" alt="Product Image"></a><p>Colgate Cavity Protection Toothpaste with Fluoride, Great Regular Flavor, 6 Ounce (Pack of 6)</p><p> -16% 0FF </p><p>$11.82 ($0.33 / Ounce)</p><a href="https://www.amazon.com/dp/B01BNEWDFQ?tag=eloabder-20&linkCode=osi&th=1&psc=1">View Product</a></div>
<div class="product"><a href="https://www.amazon.com/dp/B06XK2M3H3?tag=eloabder-20&linkCode=osi&th=1&psc=1"><img src="https://m.media-amazon.com/images/I/41tntn0c7BL._SL500_.jpg" alt="Product Image"></a><p>Oral-B Vivid Dual Action Whitening Toothbrushes, Soft, 4 Count (Packaging and Product Color May Vary)</p><p> -17% 0FF </p><p>$7.49 ($1.87 / Count)</p><a href="https://www.amazon.com/dp/B06XK2M3H3?tag=eloabder-20&linkCode=osi&th=1&psc=1">View Product</a></div><div class="product"><a href="https://www.amazon.com/dp/B00I7HPNHS?tag=eloabder-20&linkCode=osi&th=1&psc=1"><img src="https://m.media-amazon.com/images/I/51Bm+7CrZ2L._SL500_.jpg" alt="Product Image"></a><p>Colgate Toothbrushes Premier Extra Clean ( 12 Toothbrushes)</p><p> -20% 0FF </p><p>$7.99 ($0.67 / Count)</p><a href="https://www.amazon.com/dp/B00I7HPNHS?tag=eloabder-20&linkCode=osi&th=1&psc=1">View Product</a></div><div class="product"><a href="https://www.amazon.com/dp/B08JQCZ71B?tag=eloabder-20&linkCode=osi&th=1&psc=1"><img src="https://m.media-amazon.com/images/I/41Zvcj-EvDL._SL500_.jpg" alt="Product Image"></a><p>Reach Essentials Toothbrush with Toothbrush Caps, Multi-Zoned Angled Soft Bristles, Contoured Handle, Tongue Scraper, 6 Count</p><p> -20% 0FF </p><p>$3.98 ($0.66 / Count)</p><a href="https://www.amazon.com/dp/B08JQCZ71B?tag=eloabder-20&linkCode=osi&th=1&psc=1">View Product</a></div><div class="product"><a href="https://www.amazon.com/dp/B07S9GV83R?tag=eloabder-20&linkCode=osi&th=1&psc=1"><img src="https://m.media-amazon.com/images/I/41ziiRLsaEL._SL500_.jpg" alt="Product Image"></a><p>Colgate 360 Optic White Advanced Whitening Toothbrush, Adult Medium Toothbrush with Whitening Cups, Helps Whiten Teeth and Removes Odor Causing Bacteria, 2 Pack</p><p> -19% 0FF </p><p>$6.96 ($3.48 / Count)</p><a href="https://www.amazon.com/dp/B07S9GV83R?tag=eloabder-20&linkCode=osi&th=1&psc=1">View Product</a></div><div class="product"><a href="https://www.amazon.com/dp/B0BQ1CT7V7?tag=eloabder-20&linkCode=osi&th=1&psc=1"><img src="https://m.media-amazon.com/images/I/41afWttiPjL._SL500_.jpg" alt="Product Image"></a><p>Colgate 360 Whole Mouth Clean Toothbrush, Adult Medium Toothbrushes, 5 Count (Pack of 1)</p><p> -11% 0FF </p><p>$9.99 ($2.00 / Count)</p><a href="https://www.amazon.com/dp/B0BQ1CT7V7?tag=eloabder-20&linkCode=osi&th=1&psc=1">View Product</a></div><div class="product"><a href="https://www.amazon.com/dp/B08172V3Y5?tag=eloabder-20&linkCode=osi&th=1&psc=1"><img src="https://m.media-amazon.com/images/I/41kw3icbwXL._SL500_.jpg" alt="Product Image"></a><p>VIVAGO Biodegradable Bamboo Toothbrushes 10 Pack - BPA Free Soft Bristles Toothbrushes, Eco-Friendly, Compostable Natural Wooden Toothbrush</p><p> -10% 0FF </p><p>$8.98 ($0.90 / Count)</p><a href="https://www.amazon.com/dp/B08172V3Y5?tag=eloabder-20&linkCode=osi&th=1&psc=1">View Product</a></div>
<div class="product"><a href="https://www.amazon.com/dp/B00IRKRK9O?tag=eloabder-20&linkCode=osi&th=1&psc=1"><img src="https://m.media-amazon.com/images/I/51oNh1DLVjL._SL500_.jpg" alt="Product Image"></a><p>TheraBreath Fresh Breath Mouthwash, Icy Mint Flavor, Alcohol-Free, 16 Fl Oz (Pack of 2)</p><p> -15% 0FF </p><p>$15.34 ($0.48 / Fl Oz)</p><a href="https://www.amazon.com/dp/B00IRKRK9O?tag=eloabder-20&linkCode=osi&th=1&psc=1">View Product</a></div><div class="product"><a href="https://www.amazon.com/dp/B0126XBQK6?tag=eloabder-20&linkCode=osi&th=1&psc=1"><img src="https://m.media-amazon.com/images/I/51dT1Mhf3zL._SL500_.jpg" alt="Product Image"></a><p>Crest Pro-Health Advanced Mouthwash, Alcohol Free, Extra Whitening, Energizing Mint Flavor, 946 mL (32 fl oz)</p><p> -19% 0FF </p><p>$7.32 ($0.23 / Fl Oz)</p><a href="https://www.amazon.com/dp/B0126XBQK6?tag=eloabder-20&linkCode=osi&th=1&psc=1">View Product</a></div><div class="product"><a href="https://www.amazon.com/dp/B0B5Y7KCS8?tag=eloabder-20&linkCode=osi&th=1&psc=1"><img src="https://m.media-amazon.com/images/I/51Dmtgp-2ZL._SL500_.jpg" alt="Product Image"></a><p>Listerine Total Care Anticavity Fluoride Mouthwash, Kills 99.9% of Germs That Cause Bad Breath and Prevents Cavities, Fresh Mint Flavor, 1L (Pack of 2)</p><p> -30% 0FF </p><p>$15.96 ($0.24 / Fl Oz)</p><a href="https://www.amazon.com/dp/B0B5Y7KCS8?tag=eloabder-20&linkCode=osi&th=1&psc=1">View Product</a></div><div class="product"><a href="https://www.amazon.com/dp/B0C881GLNM?tag=eloabder-20&linkCode=osi&th=1&psc=1"><img src="https://m.media-amazon.com/images/I/51C2ohy2RWL._SL500_.jpg" alt="Product Image"></a><p>Crest Pro-Health Advanced Mouthwash, Alcohol Free, Multi-Protection, Fresh Mint, 1 L (33.8 fl oz), Pack of 2</p><p> -9% 0FF </p><p>$10.97 ($0.16 / Fl Oz)</p><a href="https://www.amazon.com/dp/B0C881GLNM?tag=eloabder-20&linkCode=osi&th=1&psc=1">View Product</a></div><div class="product"><a href="https://www.amazon.com/dp/B0B5Y2G4HH?tag=eloabder-20&linkCode=osi&th=1&psc=1"><img src="https://m.media-amazon.com/images/I/41KhoumiQGL._SL500_.jpg" alt="Product Image"></a><p>Listerine Freshburst Antiseptic Mouthwash for Bad Breath, Kills 99% of Germs That Cause Bad Breath & Fight Plaque & Gingivitis, ADA Accepted Mouthwash, Spearmint, 1 L, Pack of 2</p><p> -25% 0FF </p><p>$13.96 ($0.21 / Fl Oz)</p><a href="https://www.amazon.com/dp/B0B5Y2G4HH?tag=eloabder-20&linkCode=osi&th=1&psc=1">View Product</a></div><div class="product"><a href="https://www.amazon.com/dp/B005IHSPLQ?tag=eloabder-20&linkCode=osi&th=1&psc=1"><img src="https://m.media-amazon.com/images/I/41iKIAcP6+L._SL500_.jpg" alt="Product Image"></a><p>Listerine Zero Alcohol Mouthwash, Alcohol-Free Oral Rinse to Kill 99% of Germs That Cause Bad Breath for Fresh Breath & Clean Mouth, Less Intense Taste, Cool Mint Flavor, 1 L</p><p> -26% 0FF </p><p>$6.98 ($0.21 / Fl Oz)</p><a href="https://www.amazon.com/dp/B005IHSPLQ?tag=eloabder-20&linkCode=osi&th=1&psc=1">View Product</a></div>
<div class="product"><a href="https://www.amazon.com/dp/B013OKRGWW?tag=eloabder-20&linkCode=osi&th=1&psc=1"><img src="https://m.media-amazon.com/images/I/31JQij0qrGL._SL500_.jpg" alt="Product Image"></a><p>REACH Waxed Dental Floss, Mint, Plaque Remover, Shred Resistant, Extra Wide Cleaning, Gentle on Gums & Teeth, PFAS-Free, Oral Care, for Adults & Kids, 55yd, 1 Pack</p><p> -13% 0FF </p><p>$1.29 ($0.01 / Foot)</p><a href="https://www.amazon.com/dp/B013OKRGWW?tag=eloabder-20&linkCode=osi&th=1&psc=1">View Product</a></div><div class="product"><a href="https://www.amazon.com/dp/B00FZNMHZS?tag=eloabder-20&linkCode=osi&th=1&psc=1"><img src="https://m.media-amazon.com/images/I/31whYdSykoL._SL500_.jpg" alt="Product Image"></a><p>Johnson & Johnson Reach Mint Waxed Dental Floss, 5 Count</p><p> -32% 0FF </p><p>$9.50 ($0.01 / Foot)</p><a href="https://www.amazon.com/dp/B00FZNMHZS?tag=eloabder-20&linkCode=osi&th=1&psc=1">View Product</a></div><div class="product"><a href="https://www.amazon.com/dp/B07WFX1WD2?tag=eloabder-20&linkCode=osi&th=1&psc=1"><img src="https://m.media-amazon.com/images/I/51lqCql47sL._SL500_.jpg" alt="Product Image"></a><p>Oral-B Glide Dental Floss, Scope Flavor, 40m (Pack of 6)</p><p> -5% 0FF </p><p>$18.99 ($0.02 / Foot)</p><a href="https://www.amazon.com/dp/B07WFX1WD2?tag=eloabder-20&linkCode=osi&th=1&psc=1">View Product</a></div><div class="product"><a href="https://www.amazon.com/dp/B013EK49VI?tag=eloabder-20&linkCode=osi&th=1&psc=1"><img src="https://m.media-amazon.com/images/I/31nlcs4SdpL._SL500_.jpg" alt="Product Image"></a><p>REACH Waxed Dental Floss, 200 yds, Mint, Plaque Remover, Shred Resistant, Extra Wide Cleaning, Gentle on Gums & Teeth, PFAS-Free, Oral Care, for Adults & Kids, 1 Pack</p><p> -7% 0FF </p><p>$7.45 ($0.01 / Foot)</p><a href="https://www.amazon.com/dp/B013EK49VI?tag=eloabder-20&linkCode=osi&th=1&psc=1">View Product</a></div>
<div class="product"><a href="https://www.amazon.com/dp/B0BVT76MFH?tag=eloabder-20&linkCode=osi&th=1&psc=1"><img src="https://m.media-amazon.com/images/I/41-2mpIWfYL._SL500_.jpg" alt="Product Image"></a><p>Crest 3D Whitestrips Sensitive At-home Teeth Whitening Kit, 18 Treatments, Gently Removes 15 Years of Stains</p><p> -24% 0FF </p><p>$37.88 ($2.10 / Count)</p><a href="https://www.amazon.com/dp/B0BVT76MFH?tag=eloabder-20&linkCode=osi&th=1&psc=1">View Product</a></div><div class="product"><a href="https://www.amazon.com/dp/B00YPBHU5S?tag=eloabder-20&linkCode=osi&th=1&psc=1"><img src="https://m.media-amazon.com/images/I/51f2CfyycTL._SL500_.jpg" alt="Product Image"></a><p>Crest 3D Whitestrips, Professional Effects, Teeth Whitening Strip Kit, 44 Strips (22 Count Pack)</p><p> -23% 0FF </p><p>$39.94</p><a href="https://www.amazon.com/dp/B00YPBHU5S?tag=eloabder-20&linkCode=osi&th=1&psc=1">View Product</a></div><div class="product"><a href="https://www.amazon.com/dp/B0D7BM9PZB?tag=eloabder-20&linkCode=osi&th=1&psc=1"><img src="https://m.media-amazon.com/images/I/41Nc3jZFaqL._SL500_.jpg" alt="Product Image"></a><p>Teeth Whitening Strips for Sensitive Teeth - Annecal 28 White Strips Enamel Safe for Whiter Teeth, Non-Sensitive Formula, Deep Stains Removal Tooth Whitening, 14 Treatment Enhanced Brightness, Mint</p><p> -33% 0FF </p><p>$19.99 ($0.71 / Count)</p><a href="https://www.amazon.com/dp/B0D7BM9PZB?tag=eloabder-20&linkCode=osi&th=1&psc=1">View Product</a></div><div class="product"><a href="https://www.amazon.com/dp/B082TPDTM2?tag=eloabder-20&linkCode=osi&th=1&psc=1"><img src="https://m.media-amazon.com/images/I/41yMwYlzBGL._SL500_.jpg" alt="Product Image"></a><p>Lumineux Teeth Whitening Strips 21 Treatments – Peroxide Free - Enamel Safe for Whiter Teeth - Whitening Without The Sensitivity - Dentist Formulated and Certified Non-Toxic - Sensitivity Free</p><p> -10% 0FF </p><p>$44.99 ($1.07 / count)</p><a href="https://www.amazon.com/dp/B082TPDTM2?tag=eloabder-20&linkCode=osi&th=1&psc=1">View Product</a></div><div class="product"><a href="https://www.amazon.com/dp/B0B5HN65QQ?tag=eloabder-20&linkCode=osi&th=1&psc=1"><img src="https://m.media-amazon.com/images/I/517JKm6wCpL._SL500_.jpg" alt="Product Image"></a><p>InoPro Teeth Whitening Strips 14 Treatments Kit - Sensitive Teeth Whitener, Peroxide Free, Enamel Safe Green White Strips, Deep Stains Removal - Instant Teeth Whitening Without The Harm (28 Strips)</p><p> -23% 0FF </p><p>$29.99 ($1.07 / Count)</p><a href="https://www.amazon.com/dp/B0B5HN65QQ?tag=eloabder-20&linkCode=osi&th=1&psc=1">View Product</a></div>
<div class="product"><a href="https://www.amazon.com/dp/B0072K2BMG?tag=eloabder-20&linkCode=osi&th=1&psc=1"><img src="https://m.media-amazon.com/images/I/41jVFfZ76tL._SL500_.jpg" alt="Product Image"></a><p>vH essentials, Ph Balanced Daily Feminine Wash, Tea Tree Oil & Prebiotic, 6, Fl Oz, (Pack Of 1) 54306 Clear</p><p> -18% 0FF </p><p>$6.99 ($1.16 / Fl Oz)</p><a href="https://www.amazon.com/dp/B0072K2BMG?tag=eloabder-20&linkCode=osi&th=1&psc=1">View Product</a></div><div class="product"><a href="https://www.amazon.com/dp/B0D5FZGY8W?tag=eloabder-20&linkCode=osi&th=1&psc=1"><img src="https://m.media-amazon.com/images/I/51gWW6a+5uL._SL500_.jpg" alt="Product Image"></a><p>URO Vaginal Probiotics for Women pH Balance with Prebiotics & Lactobacillus Probiotic Blend - Women's Vaginal Health Supplement - Promote Healthy Vaginal Odor & Vaginal Flora, 60 Count (Pack of 1)</p><p> -10% 0FF </p><p>$28.79 ($0.48 / Count)</p><a href="https://www.amazon.com/dp/B0D5FZGY8W?tag=eloabder-20&linkCode=osi&th=1&psc=1">View Product</a></div><div class="product"><a href="https://www.amazon.com/dp/B01IULAUJG?tag=eloabder-20&linkCode=osi&th=1&psc=1"><img src="https://m.media-amazon.com/images/I/51gWC1MsOnL._SL500_.jpg" alt="Product Image"></a><p>Always Infinity Feminine Pads for Women, Size 2, 96 Count, Heavy Flow Absorbency, with Wings, Unscented 32 Count (Pack of 3)</p><p> -35% 0FF </p><p>$17.38 ($0.18 / Count)</p><a href="https://www.amazon.com/dp/B01IULAUJG?tag=eloabder-20&linkCode=osi&th=1&psc=1">View Product</a></div><div class="product"><a href="https://www.amazon.com/dp/B0BYPLPV5P?tag=eloabder-20&linkCode=osi&th=1&psc=1"><img src="https://m.media-amazon.com/images/I/31vw19c9DUL._SL500_.jpg" alt="Product Image"></a><p>The Honey Pot Company - Anti-Itch Soothing Wipes - At Home or On the Go Medicated Feminine Wipes. Temporary Relief of Itching and Discomfort. Maximum Strength - 30 ct.</p><p> -26% 0FF </p><p>$10.39 ($0.35 / Count)</p><a href="https://www.amazon.com/dp/B0BYPLPV5P?tag=eloabder-20&linkCode=osi&th=1&psc=1">View Product</a></div><div class="product"><a href="https://www.amazon.com/dp/B08L4Q75QP?tag=eloabder-20&linkCode=osi&th=1&psc=1"><img src="https://m.media-amazon.com/images/I/41Mo8N3g62L._SL500_.jpg" alt="Product Image"></a><p>Playtex Sport Tampons, Multipack (24ct Regular/24ct Super Absorbency), Fragrance-Free - 48ct</p><p> -29% 0FF </p><p>$9.97 ($0.21 / Count)</p><a href="https://www.amazon.com/dp/B08L4Q75QP?tag=eloabder-20&linkCode=osi&th=1&psc=1">View Product</a></div>
<div class="product"><a href="https://www.amazon.com/dp/B01NCUIII2?tag=eloabder-20&linkCode=osi&th=1&psc=1"><img src="https://m.media-amazon.com/images/I/516gNXGwbTL._SL500_.jpg" alt="Product Image"></a><p>Tampax Pearl Tampons Regular Absorbency, With Leakguard Braid, Unscented, 50 Count</p><p> -10% 0FF </p><p>$9.42 ($0.19 / Count)</p><a href="https://www.amazon.com/dp/B01NCUIII2?tag=eloabder-20&linkCode=osi&th=1&psc=1">View Product</a></div><div class="product"><a href="https://www.amazon.com/dp/B077NHF4FS?tag=eloabder-20&linkCode=osi&th=1&psc=1"><img src="https://m.media-amazon.com/images/I/51oCPmCaG2L._SL500_.jpg" alt="Product Image"></a><p>Tampax Radiant Tampons Multipack, Regular/Super/Super Plus Absorbency, With Leakguard Braid, Unscented, 28 Count X 4 Packs (112 Count Total)</p><p> -7% 0FF </p><p>$29.64 ($0.26 / Count)</p><a href="https://www.amazon.com/dp/B077NHF4FS?tag=eloabder-20&linkCode=osi&th=1&psc=1">View Product</a></div><div class="product"><a href="https://www.amazon.com/dp/B083M2GP97?tag=eloabder-20&linkCode=osi&th=1&psc=1"><img src="https://m.media-amazon.com/images/I/41RnK1xUDqL._SL500_.jpg" alt="Product Image"></a><p>U by Kotex Click Compact Tampons, Super Absorbency, Unscented, 45 Count</p><p> -17% 0FF </p><p>$9.97 ($0.22 / Count)</p><a href="https://www.amazon.com/dp/B083M2GP97?tag=eloabder-20&linkCode=osi&th=1&psc=1">View Product</a></div>
<div class="product"><a href="https://www.amazon.com/dp/B01M1BLRC1?tag=eloabder-20&linkCode=osi&th=1&psc=1"><img src="https://m.media-amazon.com/images/I/51-XQGHg6iL._SL500_.jpg" alt="Product Image"></a><p>Always Maxi Overnight Pads with Wings, Size 5, Extra Heavy Overnight, Unscented, 36 Count</p><p> -5% 0FF </p><p>$10.47 ($0.29 / Count)</p><a href="https://www.amazon.com/dp/B01M1BLRC1?tag=eloabder-20&linkCode=osi&th=1&psc=1">View Product</a></div><div class="product"><a href="https://www.amazon.com/dp/B01IZ5FDNA?tag=eloabder-20&linkCode=osi&th=1&psc=1"><img src="https://m.media-amazon.com/images/I/51EuvaPNa7L._SL500_.jpg" alt="Product Image"></a><p>Always Ultra Thin Feminine Pads with Wings for Women, Super Absorbency, Unscented, Size 2, 126 Count</p><p> -33% 0FF </p><p>$16.00 ($0.13 / Count)</p><a href="https://www.amazon.com/dp/B01IZ5FDNA?tag=eloabder-20&linkCode=osi&th=1&psc=1">View Product</a></div><div class="product"><a href="https://www.amazon.com/dp/B0BG45ZMLB?tag=eloabder-20&linkCode=osi&th=1&psc=1"><img src="https://m.media-amazon.com/images/I/511-kp7efTL._SL500_.jpg" alt="Product Image"></a><p>Always Ultra Thin Daytime Pads with Wings, Size 1, Regular, Unscented, 42 Counts x 3 Packs (126 Count Total)</p><p> -28% 0FF </p><p>$15.33 ($0.12 / Count)</p><a href="https://www.amazon.com/dp/B0BG45ZMLB?tag=eloabder-20&linkCode=osi&th=1&psc=1">View Product</a></div>
<div class="product"><a href="https://www.amazon.com/dp/B086JBZW48?tag=eloabder-20&linkCode=osi&th=1&psc=1"><img src="https://m.media-amazon.com/images/I/419mX5-k8XL._SL500_.jpg" alt="Product Image"></a><p>EcoBlossom Reusable Menstrual Cup Set - The Most Reliable Medical Grade Silicone Period Cups - Comfortably use for 12 Hours (Small & Large)</p><p> -25% 0FF </p><p>$14.99 ($7.50 / Count)</p><a href="https://www.amazon.com/dp/B086JBZW48?tag=eloabder-20&linkCode=osi&th=1&psc=1">View Product</a></div><div class="product"><a href="https://www.amazon.com/dp/B0CY2QM3Q3?tag=eloabder-20&linkCode=osi&th=1&psc=1"><img src="https://m.media-amazon.com/images/I/41GsZ8ifixL._SL500_.jpg" alt="Product Image"></a><p>Reusable Menstrual Cup with Sterilizing Cup | Tampon, Pad, and Disc Alternative</p><p> -23% 0FF </p><p>$9.99</p><a href="https://www.amazon.com/dp/B0CY2QM3Q3?tag=eloabder-20&linkCode=osi&th=1&psc=1">View Product</a></div><div class="product"><a href="https://www.amazon.com/dp/B019632Z0E?tag=eloabder-20&linkCode=osi&th=1&psc=1"><img src="https://m.media-amazon.com/images/I/41q2-srqXeL._SL500_.jpg" alt="Product Image"></a><p>Pixie Menstrual Cup - No Metals or Toxins - 100% Medical-Grade Silicone - Ranked 1 for The Most Soft Reusable Period Cup - Wear 12 Hours - Tampon Alternative - Buy One We Give One (Small)</p><p> -29% 0FF </p><p>$19.95 ($19.95 / Count)</p><a href="https://www.amazon.com/dp/B019632Z0E?tag=eloabder-20&linkCode=osi&th=1&psc=1">View Product</a></div><div class="product"><a href="https://www.amazon.com/dp/B000X29GY6?tag=eloabder-20&linkCode=osi&th=1&psc=1"><img src="https://m.media-amazon.com/images/I/31-khSMUfFL._SL500_.jpg" alt="Product Image"></a><p>Softdisc Menstrual Discs | Disposable Period Discs | Tampon, Pad, and Cup Alternative | Capacity of 3 Super Tampons | HSA or FSA Eligible | 14 Count</p><p> -10% 0FF </p><p>$14.79 ($1.06 / Count)</p><a href="https://www.amazon.com/dp/B000X29GY6?tag=eloabder-20&linkCode=osi&th=1&psc=1">View Product</a></div>
<div class="product"><a href="https://www.amazon.com/dp/B01ARVVTYW?tag=eloabder-20&linkCode=osi&th=1&psc=1"><img src="https://m.media-amazon.com/images/I/41x8sgpA-CL._SL500_.jpg" alt="Product Image"></a><p>Carefree Panty Liners for Women, Regular, Wrapped, Unscented, 54ct | Pantiliners, Carefree Liners, Daily Liners for Women, Light Periods and Leaks, 8-Hour Odor Control | 54ct (Packaging May Vary)</p><p> -33% 0FF </p><p>$3.35 ($0.06 / Count)</p><a href="https://www.amazon.com/dp/B01ARVVTYW?tag=eloabder-20&linkCode=osi&th=1&psc=1">View Product</a></div><div class="product"><a href="https://www.amazon.com/dp/B00NJNJ6O6?tag=eloabder-20&linkCode=osi&th=1&psc=1"><img src="https://m.media-amazon.com/images/I/41J8A9AcBLL._SL500_.jpg" alt="Product Image"></a><p>Carefree Panty Liners for Women, Regular, Unwrapped, Unscented, 120ct | Pantiliners, Carefree Liners, Daily Liners for Women, Light Periods and Leaks, 8-Hour Odor Control | 120ct (Packaging May Vary)</p><p> -35% 0FF </p><p>$6.14 ($0.05 / Count)</p><a href="https://www.amazon.com/dp/B00NJNJ6O6?tag=eloabder-20&linkCode=osi&th=1&psc=1">View Product</a></div><div class="product"><a href="https://www.amazon.com/dp/B00UASJJX6?tag=eloabder-20&linkCode=osi&th=1&psc=1"><img src="https://m.media-amazon.com/images/I/41NJQqZQrOL._SL500_.jpg" alt="Product Image"></a><p>U by Kotex Balance Wrapped Panty Liners, Regular Length, 80 Count (Packaging May Vary)</p><p> -38% 0FF </p><p>$4.99 ($0.06 / Count)</p><a href="https://www.amazon.com/dp/B00UASJJX6?tag=eloabder-20&linkCode=osi&th=1&psc=1">View Product</a></div><div class="product"><a href="https://www.amazon.com/dp/B00UASJM1K?tag=eloabder-20&linkCode=osi&th=1&psc=1"><img src="https://m.media-amazon.com/images/I/41m0POFpI4L._SL500_.jpg" alt="Product Image"></a><p>U by Kotex Balance Daily Wrapped Panty Liners, Light Absorbency, Regular Length, 100 Count (Packaging May Vary)</p><p> -22% 0FF </p><p>$6.24 ($0.06 / Count)</p><a href="https://www.amazon.com/dp/B00UASJM1K?tag=eloabder-20&linkCode=osi&th=1&psc=1">View Product</a></div>
<div class="product"><a href="https://www.amazon.com/dp/B076HFFX3J?tag=eloabder-20&linkCode=osi&th=1&psc=1"><img src="https://m.media-amazon.com/images/I/410TtiZGkvL._SL500_.jpg" alt="Product Image"></a><p>Summer's Eve Simply Sensitive Daily Gentle Feminine Wipes, Removes Odor, pH balanced, 32 count, 4 Pack</p><p> -11% 0FF </p><p>$15.12 ($0.12 / Count)</p><a href="https://www.amazon.com/dp/B076HFFX3J?tag=eloabder-20&linkCode=osi&th=1&psc=1">View Product</a></div><div class="product"><a href="https://www.amazon.com/dp/B01FV02YZ2?tag=eloabder-20&linkCode=osi&th=1&psc=1"><img src="https://m.media-amazon.com/images/I/41mq0T4rupL._SL500_.jpg" alt="Product Image"></a><p>Always Feminine Wipes, Fresh & Clean, Soft Pack, 32 Count</p><p> -42% 0FF </p><p>$3.79 ($0.12 / Count)</p><a href="https://www.amazon.com/dp/B01FV02YZ2?tag=eloabder-20&linkCode=osi&th=1&psc=1">View Product</a></div><div class="product"><a href="https://www.amazon.com/dp/B0D1KXV9ZS?tag=eloabder-20&linkCode=osi&th=1&psc=1"><img src="https://m.media-amazon.com/images/I/311Liu9BWoL._SL500_.jpg" alt="Product Image"></a><p>Vagisil pH Balance Daily Freshening Wipes for Feminine Hygiene in Resealable Pouch, Gynecologist Tested & Hypoallergenic, 20 Wipes (Pack of 1)</p><p> -40% 0FF </p><p>$2.97 ($0.15 / Count)</p><a href="https://www.amazon.com/dp/B0D1KXV9ZS?tag=eloabder-20&linkCode=osi&th=1&psc=1">View Product</a></div><div class="product"><a href="https://www.amazon.com/dp/B078JG7HWT?tag=eloabder-20&linkCode=osi&th=1&psc=1"><img src="https://m.media-amazon.com/images/I/31xeOLgbUdL._SL500_.jpg" alt="Product Image"></a><p>The Honey Pot Company - Feminine Wipes - Daily PH Balancing, Fragrance & Sulfate Free Wipes for Intimate Parts, Body, or Face - Feminine Products - Sensitive 30 ct.</p><p> -28% 0FF </p><p>$7.91 ($0.26 / Count)</p><a href="https://www.amazon.com/dp/B078JG7HWT?tag=eloabder-20&linkCode=osi&th=1&psc=1">View Product</a></div>
<div class="product"><a href="https://www.amazon.com/dp/B0735Q681B?tag=eloabder-20&linkCode=osi&th=1&psc=1"><img src="https://m.media-amazon.com/images/I/41GSnrtq3-L._SL500_.jpg" alt="Product Image"></a><p>SKYN Elite – 36 Count – Ultra-Thin, Lubricated Latex-Free Condoms</p><p> -16% 0FF </p><p>$15.99 ($0.44 / Count)</p><a href="https://www.amazon.com/dp/B0735Q681B?tag=eloabder-20&linkCode=osi&th=1&psc=1">View Product</a></div><div class="product"><a href="https://www.amazon.com/dp/B0073RKL2U?tag=eloabder-20&linkCode=osi&th=1&psc=1"><img src="https://m.media-amazon.com/images/I/51sxGCFULDL._SL500_.jpg" alt="Product Image"></a><p>TROJAN Pleasure Pack Assorted Condoms, Lubricated Condoms Value Pack, 36 Count</p><p> -32% 0FF </p><p>$11.97 ($0.33 / Count)</p><a href="https://www.amazon.com/dp/B0073RKL2U?tag=eloabder-20&linkCode=osi&th=1&psc=1">View Product</a></div><div class="product"><a href="https://www.amazon.com/dp/B0073RBUZ2?tag=eloabder-20&linkCode=osi&th=1&psc=1"><img src="https://m.media-amazon.com/images/I/41xsciTqR7L._SL500_.jpg" alt="Product Image"></a><p>TROJAN Ultra Thin Condoms For Ultra Sensitivity, Lubricated Condoms for Men, America’s Number One Condom, 36 Count Value Pack</p><p> -30% 0FF </p><p>$11.24 ($0.31 / Count)</p><a href="https://www.amazon.com/dp/B0073RBUZ2?tag=eloabder-20&linkCode=osi&th=1&psc=1">View Product</a></div><div class="product"><a href="https://www.amazon.com/dp/B0946VTR1Y?tag=eloabder-20&linkCode=osi&th=1&psc=1"><img src="https://m.media-amazon.com/images/I/41VsQAsg3DL._SL500_.jpg" alt="Product Image"></a><p>TROJAN BareSkin Raw Thin Condoms, Lubricated Condoms For Men, America’s Number One Condom Brand, 24 Count Pack</p><p> -25% 0FF </p><p>$13.07 ($0.54 / Count)</p><a href="https://www.amazon.com/dp/B0946VTR1Y?tag=eloabder-20&linkCode=osi&th=1&psc=1">View Product</a></div><div class="product"><a href="https://www.amazon.com/dp/B0073R7TWU?tag=eloabder-20&linkCode=osi&th=1&psc=1"><img src="https://m.media-amazon.com/images/I/414DiUf9FbL._SL500_.jpg" alt="Product Image"></a><p>TROJAN ENZ Lubricated Condoms, Latex Condoms For Contraception and STI Protection, America’s Number One Condom, 36 Count Value Pack</p><p> -54% 0FF </p><p>$9.26 ($0.26 / Count)</p><a href="https://www.amazon.com/dp/B0073R7TWU?tag=eloabder-20&linkCode=osi&th=1&psc=1">View Product</a></div><div class="product"><a href="https://www.amazon.com/dp/B097F5B2CW?tag=eloabder-20&linkCode=osi&th=1&psc=1"><img src="https://m.media-amazon.com/images/I/51bEsCRMIxL._SL500_.jpg" alt="Product Image"></a><p>Trojan Bareskin Variety Pack Every Thin Premium Lubricated Condoms - 24 Count</p><p> -28% 0FF </p><p>$11.49 ($0.48 / Count)</p><a href="https://www.amazon.com/dp/B097F5B2CW?tag=eloabder-20&linkCode=osi&th=1&psc=1">View Product</a></div><div class="product"><a href="https://www.amazon.com/dp/B004WDRCTI?tag=eloabder-20&linkCode=osi&th=1&psc=1"><img src="https://m.media-amazon.com/images/I/51arxJlXsUL._SL500_.jpg" alt="Product Image"></a><p>TROJAN EXTENDED PLEASURE Climax Control Extended Pleasure Condoms, 12 Count</p><p> -27% 0FF </p><p>$7.98 ($0.66 / Count)</p><a href="https://www.amazon.com/dp/B004WDRCTI?tag=eloabder-20&linkCode=osi&th=1&psc=1">View Product</a></div><div class="product"><a href="https://www.amazon.com/dp/B0083HLPLA?tag=eloabder-20&linkCode=osi&th=1&psc=1"><img src="https://m.media-amazon.com/images/I/51EQMHCwVYL._SL500_.jpg" alt="Product Image"></a><p>TROJAN Magnum Lubricated Large Condoms, Comfortable and Smooth Lubricated Condoms for Men, America’s Number One Condom, 36 Count Pack</p><p> -36% 0FF </p><p>$15.47 ($0.43 / Count)</p><a href="https://www.amazon.com/dp/B0083HLPLA?tag=eloabder-20&linkCode=osi&th=1&psc=1">View Product</a></div><div class="product"><a href="https://www.amazon.com/dp/B004N731ZM?tag=eloabder-20&linkCode=osi&th=1&psc=1"><img src="https://m.media-amazon.com/images/I/41woyNNX1QL._SL500_.jpg" alt="Product Image"></a><p>Lifestyles Skyn Polyisoprene Condoms, 12 Count (Pack of 1)</p><p> -13% 0FF </p><p>$6.99 ($0.58 / Count)</p><a href="https://www.amazon.com/dp/B004N731ZM?tag=eloabder-20&linkCode=osi&th=1&psc=1">View Product</a></div><div class="product"><a href="https://www.amazon.com/dp/B0CD85PD5K?tag=eloabder-20&linkCode=osi&th=1&psc=1"><img src="https://m.media-amazon.com/images/I/51YMzd0CMKL._SL500_.jpg" alt="Product Image"></a><p>Durex Condoms Adventure Pack | Mix of Smooth & Ribbed Condoms Bulk | Condom Variety Pack | Regular Fit Latex Condoms (Includes Durex Extra Sensitive Smooth, Stimulating, & Performax Intense), 144 ct</p><p> -20% 0FF </p><p>$28.00 ($0.19 / Count)</p><a href="https://www.amazon.com/dp/B0CD85PD5K?tag=eloabder-20&linkCode=osi&th=1&psc=1">View Product</a></div>
<div class="product"><a href="https://www.amazon.com/dp/B000CLTYCW?tag=eloabder-20&linkCode=osi&th=1&psc=1"><img src="https://m.media-amazon.com/images/I/41OOYdcG-QL._SL500_.jpg" alt="Product Image"></a><p>Astroglide Water Based Lube (5oz), Liquid Personal Lubricant, Sex Lube, Long-Lasting for Men, Women and Couples, Safe for Toys</p><p> -38% 0FF </p><p>$7.48 ($1.50 / Fl Oz)</p><a href="https://www.amazon.com/dp/B000CLTYCW?tag=eloabder-20&linkCode=osi&th=1&psc=1">View Product</a></div><div class="product"><a href="https://www.amazon.com/dp/B00008NFL0?tag=eloabder-20&linkCode=osi&th=1&psc=1"><img src="https://m.media-amazon.com/images/I/41ZksVV7iHL._SL500_.jpg" alt="Product Image"></a><p>Astroglide Water Based Lube (4oz), Ultra Gentle Gel Personal Lubricant for Vaginal and Anal Sex, Stays Put with No Drip, Sex Lube, Long-Lasting for Men, Women and Couples, Safe for Toys</p><p> -11% 0FF </p><p>$3.98 ($1.00 / Ounce)</p><a href="https://www.amazon.com/dp/B00008NFL0?tag=eloabder-20&linkCode=osi&th=1&psc=1">View Product</a></div><div class="product"><a href="https://www.amazon.com/dp/B00B29WMIQ?tag=eloabder-20&linkCode=osi&th=1&psc=1"><img src="https://m.media-amazon.com/images/I/41N3u7LtJBL._SL500_.jpg" alt="Product Image"></a><p>Lubricant, Durex Massage Gel & Personal Lubricant, Durex Massage & Play 2 in 1 Lubricant, 6.76 oz., Soothing Touch with Aloe Vera</p><p> -11% 0FF </p><p>$9.68 ($1.43 / Fl Oz)</p><a href="https://www.amazon.com/dp/B00B29WMIQ?tag=eloabder-20&linkCode=osi&th=1&psc=1">View Product</a></div><div class="product"><a href="https://www.amazon.com/dp/B004GW9GXU?tag=eloabder-20&linkCode=osi&th=1&psc=1"><img src="https://m.media-amazon.com/images/I/41ubL2N3JBL._SL500_.jpg" alt="Product Image"></a><p>K-Y Ultragel Water Based Personal Lubricant, pH Balanced Lube, Paraben Free, Non-Sticky, Non-Staining, 4.5 fl oz</p><p> -28% 0FF </p><p>$9.99 ($2.22 / Fl Oz)</p><a href="https://www.amazon.com/dp/B004GW9GXU?tag=eloabder-20&linkCode=osi&th=1&psc=1">View Product</a></div>
<div class="product"><a href="https://www.amazon.com/dp/B07BGLT25K?tag=eloabder-20&linkCode=osi&th=1&psc=1"><img src="https://m.media-amazon.com/images/I/51E4cTD1y1L._SL500_.jpg" alt="Product Image"></a><p>Scott ComfortPlus Toilet Paper, 12 Double Rolls, 231 Sheets per Roll, Septic-Safe, 1-Ply Toilet Tissue</p><p> -12% 0FF </p><p>$5.68 ($0.20 / 100 Sheets)</p><a href="https://www.amazon.com/dp/B07BGLT25K?tag=eloabder-20&linkCode=osi&th=1&psc=1">View Product</a></div><div class="product"><a href="https://www.amazon.com/dp/B08L7KWMBQ?tag=eloabder-20&linkCode=osi&th=1&psc=1"><img src="https://m.media-amazon.com/images/I/41Fk482WEaL._SL500_.jpg" alt="Product Image"></a><p>kingheroes Electric Toothbrush Set, Comes with 8 Brush Heads & Travel Case,4 Modes with 2 Minutes Built in Smart Timer, One Charge for 60 Days, 42000 VPM Motor (Pink)</p><p> -75% 0FF </p><p>$9.99</p><a href="https://www.amazon.com/dp/B08L7KWMBQ?tag=eloabder-20&linkCode=osi&th=1&psc=1">View Product</a></div><div class="product"><a href="https://www.amazon.com/dp/B0CFHDV2S8?tag=eloabder-20&linkCode=osi&th=1&psc=1"><img src="https://m.media-amazon.com/images/I/41xOOYd+igL._SL500_.jpg" alt="Product Image"></a><p>Breiboz Pimple Patches for Face, Hydrocolloid Acne Patches, Zit Patches for Day and Night Invisible with Tea Tree, Salicylic Acid & Cica Oil</p><p> -82% 0FF </p><p>$9.09 ($0.03 / Count)</p><a href="https://www.amazon.com/dp/B0CFHDV2S8?tag=eloabder-20&linkCode=osi&th=1&psc=1">View Product</a></div><div class="product"><a href="https://www.amazon.com/dp/B0CDZJ9JJC?tag=eloabder-20&linkCode=osi&th=1&psc=1"><img src="https://m.media-amazon.com/images/I/51eaQ4M7l3L._SL500_.jpg" alt="Product Image"></a><p>Charmin Ultra Soft Toilet Paper 6 Mega Rolls = 24 Regular Rolls</p><p> -27% 0FF </p><p>$7.97 ($0.59 / 100 Sheets)</p><a href="https://www.amazon.com/dp/B0CDZJ9JJC?tag=eloabder-20&linkCode=osi&th=1&psc=1">View Product</a></div><div class="product"><a href="https://www.amazon.com/dp/B09NW92T8Q?tag=eloabder-20&linkCode=osi&th=1&psc=1"><img src="https://m.media-amazon.com/images/I/5125ACWy+CL._SL500_.jpg" alt="Product Image"></a><p>Sparkle Pick-A-Size Paper Towels, 6 Double Rolls = 12 Regular Rolls, Everyday Value Paper Towel With Full And Half Sheets</p><p> -13% 0FF </p><p>$7.28 ($1.10 / 100 Sheets)</p><a href="https://www.amazon.com/dp/B09NW92T8Q?tag=eloabder-20&linkCode=osi&th=1&psc=1">View Product</a></div><div class="product"><a href="https://www.amazon.com/dp/B0CKK43XXS?tag=eloabder-20&linkCode=osi&th=1&psc=1"><img src="https://m.media-amazon.com/images/I/51H5mXFgbsL._SL500_.jpg" alt="Product Image"></a><p>Scott Paper Towels, Choose-A-Sheet, 6 Double Rolls = 12 Regular Rolls (100 Sheets Per Roll)</p><p> -20% 0FF </p><p>$6.84 ($1.14 / 100 Sheets)</p><a href="https://www.amazon.com/dp/B0CKK43XXS?tag=eloabder-20&linkCode=osi&th=1&psc=1">View Product</a></div><div class="product"><a href="https://www.amazon.com/dp/B09NW83XJ2?tag=eloabder-20&linkCode=osi&th=1&psc=1"><img src="https://m.media-amazon.com/images/I/51vCc1LlPYL._SL500_.jpg" alt="Product Image"></a><p>Sparkle Pick-A-Size Paper Towels, Spirited Prints, 6 Double Rolls = 12 Regular Rolls, Everyday Value Paper Towel With Full And Half Sheets</p><p> -13% 0FF </p><p>$7.28 ($1.10 / 100 Sheets)</p><a href="https://www.amazon.com/dp/B09NW83XJ2?tag=eloabder-20&linkCode=osi&th=1&psc=1">View Product</a></div>



<div class="product"><a href="https://www.amazon.com/dp/B07KRMQ8W6?tag=eloabder-20&linkCode=osi&th=1&psc=1"><img src="https://m.media-amazon.com/images/I/31-2HjYAfiL._SL500_.jpg" alt="Product Image"></a><p>Bactine MAX First Aid Spray - Pain Relief Cleansing Spray with 4% Lidocaine - Numbing Lidocaine Spray Kills 99.9% of Germs - Pain + Itch Relief for Minor Cuts & Scrapes, Burns & Bug Bites - 5oz</p><p> -28% 0FF </p><p>$5.74 ($1.15 / Fl Oz)</p><a href="https://www.amazon.com/dp/B07KRMQ8W6?tag=eloabder-20&linkCode=osi&th=1&psc=1">View Product</a></div><div class="product"><a href="https://www.amazon.com/dp/B010VE7BS8?tag=eloabder-20&linkCode=osi&th=1&psc=1"><img src="https://m.media-amazon.com/images/I/41qfuMfsQoL._SL500_.jpg" alt="Product Image"></a><p>Band-Aid Brand Cushion Care Non-Stick Gauze Pads, Individually-Wrapped, Medium, 3 in x 3 in, 10 ct</p><p> -33% 0FF </p><p>$2.28 ($0.23 / Count)</p><a href="https://www.amazon.com/dp/B010VE7BS8?tag=eloabder-20&linkCode=osi&th=1&psc=1">View Product</a></div><div class="product"><a href="https://www.amazon.com/dp/B09RD87NGV?tag=eloabder-20&linkCode=osi&th=1&psc=1"><img src="https://m.media-amazon.com/images/I/418Vl5rxFQL._SL500_.jpg" alt="Product Image"></a><p>Nexcare Gentle Paper Tape, Medical Paper Tape, Secures Dressings and Lifts Away Gently - 1 In x 10 Yds, 2 Rolls of Tape</p><p> -37% 0FF </p><p>$3.99 ($2.00 / Count)</p><a href="https://www.amazon.com/dp/B09RD87NGV?tag=eloabder-20&linkCode=osi&th=1&psc=1">View Product</a></div><div class="product"><a href="https://www.amazon.com/dp/B0BQWYRXPT?tag=eloabder-20&linkCode=osi&th=1&psc=1"><img src="https://m.media-amazon.com/images/I/411xH4LwE1L._SL500_.jpg" alt="Product Image"></a><p>Dermoplast Wound Wipes Medicated First Aid Cloths, Analgesic & Antiseptic Wipes for Treating Minor Cuts, Scrapes and Burns on The Go, Sting Free Formula, 10 Individual Cloths (Packaging May Vary)</p><p> -38% 0FF </p><p>$8.00 ($0.80 / Count)</p><a href="https://www.amazon.com/dp/B0BQWYRXPT?tag=eloabder-20&linkCode=osi&th=1&psc=1">View Product</a></div><div class="product"><a href="https://www.amazon.com/dp/B09N1R2WSS?tag=eloabder-20&linkCode=osi&th=1&psc=1"><img src="https://m.media-amazon.com/images/I/31Y2u8YVFiL._SL500_.jpg" alt="Product Image"></a><p>Band-Aid Brand Pain Relieving Antiseptic Cleansing Spray, Pramoxine HCl, 8 fl. Oz</p><p> -5% 0FF </p><p>$8.02 ($1.00 / Fl Oz)</p><a href="https://www.amazon.com/dp/B09N1R2WSS?tag=eloabder-20&linkCode=osi&th=1&psc=1">View Product</a></div><div class="product"><a href="https://www.amazon.com/dp/B076FS9RYL?tag=eloabder-20&linkCode=osi&th=1&psc=1"><img src="https://m.media-amazon.com/images/I/51A3wOry1oL._SL500_.jpg" alt="Product Image"></a><p>General Medi 160 Piece First Aid Kit Bag Refill Kit - Includes Eyewash, Instant Cold Pack, Bandages,Emergency Blanket, Moleskin Pad, Gauze - Extra Replacement Medical Supplies for First Aid</p><p> -25% 0FF </p><p>$14.95</p><a href="https://www.amazon.com/dp/B076FS9RYL?tag=eloabder-20&linkCode=osi&th=1&psc=1">View Product</a></div>
<div class="product"><a href="https://www.amazon.com/dp/B07W7BHM2R?tag=eloabder-20&linkCode=osi&th=1&psc=1"><img src="https://m.media-amazon.com/images/I/41tq1TfsR6L._SL500_.jpg" alt="Product Image"></a><p>Fanwer Toilet Aids for Wiping - 15.7" Long Reach Comfort Butt Wiper Tools - Bathroom Bottom Buddy Wiping Self Assist for Disabled,Elderly,Pregnant,Overweight People and Back Surgery Recovery (2 Pack)</p><p> -12% 0FF </p><p>$14.99 ($7.50 / Count)</p><a href="https://www.amazon.com/dp/B07W7BHM2R?tag=eloabder-20&linkCode=osi&th=1&psc=1">View Product</a></div><div class="product"><a href="https://www.amazon.com/dp/B0151FP9AY?tag=eloabder-20&linkCode=osi&th=1&psc=1"><img src="https://m.media-amazon.com/images/I/31aU3GgS78S._SL500_.jpg" alt="Product Image"></a><p>Juvo Toilet Aid - 18” Long Reach Personal Wiping Aid with Hygienic Cover - Easy Use Comfort Self Wiper for Toileting (SATA01)</p><p> -11% 0FF </p><p>$24.99</p><a href="https://www.amazon.com/dp/B0151FP9AY?tag=eloabder-20&linkCode=osi&th=1&psc=1">View Product</a></div><div class="product"><a href="https://www.amazon.com/dp/B0BFB93583?tag=eloabder-20&linkCode=osi&th=1&psc=1"><img src="https://m.media-amazon.com/images/I/310TRP10uvL._SL500_.jpg" alt="Product Image"></a><p>Toilet Aids Set for Wiping - Long Handle Butt Wiper for People Overweight, Elderly and Disabled, Bottom Buddy Wiping Aid for Bathroom ( 4PCS Personal Hygiene Kit )</p><p> -43% 0FF </p><p>$19.95 ($19.95 / Count)</p><a href="https://www.amazon.com/dp/B0BFB93583?tag=eloabder-20&linkCode=osi&th=1&psc=1">View Product</a></div>



<div class="product"><a href="https://www.amazon.com/dp/B000Q6WAFG?tag=eloabder-20&linkCode=osi&th=1&psc=1"><img src="https://m.media-amazon.com/images/I/31LASXSqc+L._SL500_.jpg" alt="Product Image"></a><p>Gillette Shaving Cream</p><p> -5% 0FF </p><p>$2.47 ($0.22 / Ounce)</p><a href="https://www.amazon.com/dp/B000Q6WAFG?tag=eloabder-20&linkCode=osi&th=1&psc=1">View Product</a></div><div class="product"><a href="https://www.amazon.com/dp/B01CKC8O9Y?tag=eloabder-20&linkCode=osi&th=1&psc=1"><img src="https://m.media-amazon.com/images/I/31e7qUv0w3L._SL500_.jpg" alt="Product Image"></a><p>Cremo Barber Grade Cooling Shave Cream, Astonishingly Superior Ultra-Slick Shaving Cream for Men, Fights Nicks, Cuts and Razor Burn, 6 Fl Oz</p><p> -20% 0FF </p><p>$7.97 ($1.33 / Ounce)</p><a href="https://www.amazon.com/dp/B01CKC8O9Y?tag=eloabder-20&linkCode=osi&th=1&psc=1">View Product</a></div><div class="product"><a href="https://www.amazon.com/dp/B08QB3V7HK?tag=eloabder-20&linkCode=osi&th=1&psc=1"><img src="https://m.media-amazon.com/images/I/51C8qpNYbWL._SL500_.jpg" alt="Product Image"></a><p>Skintimate Coconut Delight Shave Gel for Women, 3 Pack | Skintimate Shaving Cream for Women, Womens Shaving Cream, Shave Cream, Shaving Foam, Womens Shave Gel, Pack of 3, 7oz each</p><p> -19% 0FF </p><p>$9.71 ($0.46 / Ounce)</p><a href="https://www.amazon.com/dp/B08QB3V7HK?tag=eloabder-20&linkCode=osi&th=1&psc=1">View Product</a></div><div class="product"><a href="https://www.amazon.com/dp/B07C8XGF63?tag=eloabder-20&linkCode=osi&th=1&psc=1"><img src="https://m.media-amazon.com/images/I/41EST2aAOmL._SL500_.jpg" alt="Product Image"></a><p>Cremo Barber Grade Original Shave Cream Classic Citrus Moisturizing Formula, Astonishingly Superior Ultra-Slick Shaving Cream Fights Nicks, Cuts and Razor Burn, 6 Fl Oz (2 Pack)</p><p> -20% 0FF </p><p>$15.94 ($1.33 / Fl Oz)</p><a href="https://www.amazon.com/dp/B07C8XGF63?tag=eloabder-20&linkCode=osi&th=1&psc=1">View Product</a></div><div class="product"><a href="https://www.amazon.com/dp/B00Q1L9Q0W?tag=eloabder-20&linkCode=osi&th=1&psc=1"><img src="https://m.media-amazon.com/images/I/41m5NDPkYuL._SL500_.jpg" alt="Product Image"></a><p>Barbasol Thick & Rich Shaving Cream, Original 10 oz (Value Pack of 3)</p><p> -40% 0FF </p><p>$11.44 ($3.81 / Count)</p><a href="https://www.amazon.com/dp/B00Q1L9Q0W?tag=eloabder-20&linkCode=osi&th=1&psc=1">View Product</a></div>
<div class="product"><a href="https://www.amazon.com/dp/B0001LQGPG?tag=eloabder-20&linkCode=osi&th=1&psc=1"><img src="https://m.media-amazon.com/images/I/51V5N3IVEwL._SL500_.jpg" alt="Product Image"></a><p>Gillette Sensor3 Sensitive Men's Disposable Razor, 4 Razors</p><p> -22% 0FF </p><p>$6.97 ($1.74 / Count)</p><a href="https://www.amazon.com/dp/B0001LQGPG?tag=eloabder-20&linkCode=osi&th=1&psc=1">View Product</a></div><div class="product"><a href="https://www.amazon.com/dp/B002L5WFT6?tag=eloabder-20&linkCode=osi&th=1&psc=1"><img src="https://m.media-amazon.com/images/I/413g3af4kiL._SL500_.jpg" alt="Product Image"></a><p>BIC Soleil Smooth Scented Women’s Disposable Razor, 3 Blades with a Moisture Strip For a Silky Shave, Assorted, 4 Piece Razor Set</p><p> -51% 0FF </p><p>$4.92 ($1.23 / Count)</p><a href="https://www.amazon.com/dp/B002L5WFT6?tag=eloabder-20&linkCode=osi&th=1&psc=1">View Product</a></div><div class="product"><a href="https://www.amazon.com/dp/B0787JNN97?tag=eloabder-20&linkCode=osi&th=1&psc=1"><img src="https://m.media-amazon.com/images/I/41H+SqazA0L._SL500_.jpg" alt="Product Image"></a><p>BIC Soleil Smooth Colors Women's Disposable Razors With Aloe Vera and vitamin E Lubricating Strip for Enhanced Glide, With 3 Blades, 14 Count</p><p> -39% 0FF </p><p>$13.95 ($1.00 / Count)</p><a href="https://www.amazon.com/dp/B0787JNN97?tag=eloabder-20&linkCode=osi&th=1&psc=1">View Product</a></div><div class="product"><a href="https://www.amazon.com/dp/B08J94S65H?tag=eloabder-20&linkCode=osi&th=1&psc=1"><img src="https://m.media-amazon.com/images/I/51K2Cnt2eRL._SL500_.jpg" alt="Product Image"></a><p>Schick Xtreme 3 Original Razor — Disposable Head Razor for Sensitive Skin, 12 Count</p><p> -12% 0FF </p><p>$14.97 ($1.25 / Count)</p><a href="https://www.amazon.com/dp/B08J94S65H?tag=eloabder-20&linkCode=osi&th=1&psc=1">View Product</a></div>
<div class="product"><a href="https://www.amazon.com/dp/B01HTJTPZA?tag=eloabder-20&linkCode=osi&th=1&psc=1"><img src="https://m.media-amazon.com/images/I/618IrjjMkUL._SL500_.jpg" alt="Product Image"></a><p>Dove Advanced Care Antiperspirant Deodorant Stick Cool Essentials 4 ct for helping your skin barrier repair after shaving 72 hour odor control and sweat protection with Pro Ceramide Technology 2.6 oz</p><p> -43% 0FF </p><p>$13.98 ($1.34 / Ounce)</p><a href="https://www.amazon.com/dp/B01HTJTPZA?tag=eloabder-20&linkCode=osi&th=1&psc=1">View Product</a></div><div class="product"><a href="https://www.amazon.com/dp/B01HTJTMF8?tag=eloabder-20&linkCode=osi&th=1&psc=1"><img src="https://m.media-amazon.com/images/I/61k+x5yZyML._SL500_.jpg" alt="Product Image"></a><p>Dove Men + Care Antiperspirant Deodorant, 72hr Sweat & Odor Protection, Vitamin E, Triple Moisturizer, 4 Pack</p><p> -21% 0FF </p><p>$15.48 ($1.43 / Ounce)</p><a href="https://www.amazon.com/dp/B01HTJTMF8?tag=eloabder-20&linkCode=osi&th=1&psc=1">View Product</a></div><div class="product"><a href="https://www.amazon.com/dp/B072J2ZBPY?tag=eloabder-20&linkCode=osi&th=1&psc=1"><img src="https://m.media-amazon.com/images/I/41Th2KQyzlL._SL500_.jpg" alt="Product Image"></a><p>Degree Men UltraClear Antiperspirant Deodorant Black + White 72-Hour Sweat & Odor Protection Antiperspirant For Men With MotionSense Technology 2.7 Ounce (Pack of 4)</p><p> -19% 0FF </p><p>$15.96 ($1.48 / Ounce)</p><a href="https://www.amazon.com/dp/B072J2ZBPY?tag=eloabder-20&linkCode=osi&th=1&psc=1">View Product</a></div><div class="product"><a href="https://www.amazon.com/dp/B0080PEM3S?tag=eloabder-20&linkCode=osi&th=1&psc=1"><img src="https://m.media-amazon.com/images/I/61a+r3V48HL._SL500_.jpg" alt="Product Image"></a><p>Degree Advanced Protection Antiperspirant Deodorant White Flowers & Lychee for 72-Hour Sweat & Odor Control for Women, with Body Heat Activated Technology, 2.6 oz</p><p> -6% 0FF </p><p>$4.99 ($1.92 / Ounce)</p><a href="https://www.amazon.com/dp/B0080PEM3S?tag=eloabder-20&linkCode=osi&th=1&psc=1">View Product</a></div><div class="product"><a href="https://www.amazon.com/dp/B08ZH6P1NY?tag=eloabder-20&linkCode=osi&th=1&psc=1"><img src="https://m.media-amazon.com/images/I/51D2Klixa3L._SL500_.jpg" alt="Product Image"></a><p>Speed Stick Men's Deodorant, Regular, 3 Ounce, 4 Pack</p><p> -10% 0FF </p><p>$8.97 ($0.75 / Ounce)</p><a href="https://www.amazon.com/dp/B08ZH6P1NY?tag=eloabder-20&linkCode=osi&th=1&psc=1">View Product</a></div><div class="product"><a href="https://www.amazon.com/dp/B002VUAM46?tag=eloabder-20&linkCode=osi&th=1&psc=1"><img src="https://m.media-amazon.com/images/I/51+tUdTWg0L._SL500_.jpg" alt="Product Image"></a><p>Degree Men Antiperspirant Deodorant Adventure Freshness and Odor Protection Deodorant for Men 2.7 Oz, (Pack of 4) Woodsy, Stick</p><p> -39% 0FF </p><p>$11.98 ($1.11 / Ounce)</p><a href="https://www.amazon.com/dp/B002VUAM46?tag=eloabder-20&linkCode=osi&th=1&psc=1">View Product</a></div>
<div class="product"><a href="https://www.amazon.com/dp/B0BV4SCSBH?tag=eloabder-20&linkCode=osi&th=1&psc=1"><img src="https://m.media-amazon.com/images/I/61TxQVLN5DL._SL500_.jpg" alt="Product Image"></a><p>Dove Body Wash Deep Moisture 4 Count For Dry Skin Moisturizing Skin Cleanser with 24hr Renewing MicroMoisture Nourishes The Driest Skin 20 oz</p><p> -24% 0FF </p><p>$19.70 ($0.25 / Fl Oz)</p><a href="https://www.amazon.com/dp/B0BV4SCSBH?tag=eloabder-20&linkCode=osi&th=1&psc=1">View Product</a></div><div class="product"><a href="https://www.amazon.com/dp/B082QB23YG?tag=eloabder-20&linkCode=osi&th=1&psc=1"><img src="https://m.media-amazon.com/images/I/31QPAuuaLwL._SL500_.jpg" alt="Product Image"></a><p>NIVEA Refreshing White Peach and Jasmine Body Wash, Scented Body Wash with Nourishing Serum, Plant-Derived Oils, Essential Skin Lipids and Vitamins, 20 Fl Oz Bottle</p><p> -25% 0FF </p><p>$6.00 ($0.30 / Fl Oz)</p><a href="https://www.amazon.com/dp/B082QB23YG?tag=eloabder-20&linkCode=osi&th=1&psc=1">View Product</a></div><div class="product"><a href="https://www.amazon.com/dp/B0BT1VXDGD?tag=eloabder-20&linkCode=osi&th=1&psc=1"><img src="https://m.media-amazon.com/images/I/217eAv7yKyL._SL500_.jpg" alt="Product Image"></a><p>Method Body Wash, Pure Peace, Paraben and Phthalate Free, Biodegradable Formula, 28 oz (Pack of 1)</p><p> -13% 0FF </p><p>$9.99 ($0.36 / Fl Oz)</p><a href="https://www.amazon.com/dp/B0BT1VXDGD?tag=eloabder-20&linkCode=osi&th=1&psc=1">View Product</a></div><div class="product"><a href="https://www.amazon.com/dp/B0CK51LYDN?tag=eloabder-20&linkCode=osi&th=1&psc=1"><img src="https://m.media-amazon.com/images/I/51oaEavRWNL._SL500_.jpg" alt="Product Image"></a><p>Dr Teal's Body Wash with Pure Epsom Salt, Glow & Radiance with Vitamin C & Citrus Essential Oils, 24oz (Pack of 2) (Packaging May Vary)</p><p> -23% 0FF </p><p>$10.00 ($0.21 / Fl Oz)</p><a href="https://www.amazon.com/dp/B0CK51LYDN?tag=eloabder-20&linkCode=osi&th=1&psc=1">View Product</a></div><div class="product"><a href="https://www.amazon.com/dp/B0BT1WN3ZD?tag=eloabder-20&linkCode=osi&th=1&psc=1"><img src="https://m.media-amazon.com/images/I/21GMn0pFzCL._SL500_.jpg" alt="Product Image"></a><p>Method Body Wash, Sea + Surf, Paraben and Phthalate Free, Biodegradable Formula, 28 oz, (Pack of 1)</p><p> -13% 0FF </p><p>$9.99 ($0.36 / Fl Oz)</p><a href="https://www.amazon.com/dp/B0BT1WN3ZD?tag=eloabder-20&linkCode=osi&th=1&psc=1">View Product</a></div><div class="product"><a href="https://www.amazon.com/dp/B0BT1WL6KY?tag=eloabder-20&linkCode=osi&th=1&psc=1"><img src="https://m.media-amazon.com/images/I/21jeYtt0GbL._SL500_.jpg" alt="Product Image"></a><p>Method Body Wash, Simply Nourish, Paraben and Phthalate Free, Biodegradable Formula, 28 oz (Pack of 1)</p><p> -20% 0FF </p><p>$11.00 ($0.39 / Fl Oz)</p><a href="https://www.amazon.com/dp/B0BT1WL6KY?tag=eloabder-20&linkCode=osi&th=1&psc=1">View Product</a></div><div class="product"><a href="https://www.amazon.com/dp/B082QBPDJC?tag=eloabder-20&linkCode=osi&th=1&psc=1"><img src="https://m.media-amazon.com/images/I/31tC4JDwHQL._SL500_.jpg" alt="Product Image"></a><p>NIVEA Coconut and Almond Milk Body Wash with Nourishing Serum, 20 Fl Oz Bottle</p><p> -34% 0FF </p><p>$5.29 ($0.26 / Fl Oz)</p><a href="https://www.amazon.com/dp/B082QBPDJC?tag=eloabder-20&linkCode=osi&th=1&psc=1">View Product</a></div><div class="product"><a href="https://www.amazon.com/dp/B09GN14Y2S?tag=eloabder-20&linkCode=osi&th=1&psc=1"><img src="https://m.media-amazon.com/images/I/41UAqKPL6XL._SL500_.jpg" alt="Product Image"></a><p>Irish Spring Mens Body Wash, Moisture Blast Body Wash for Men, Feel Fresh All Day, 30 Oz Pump Bottle</p><p> -13% 0FF </p><p>$6.94 ($0.23 / Fl Oz)</p><a href="https://www.amazon.com/dp/B09GN14Y2S?tag=eloabder-20&linkCode=osi&th=1&psc=1">View Product</a></div><div class="product"><a href="https://www.amazon.com/dp/B09M7SPFSJ?tag=eloabder-20&linkCode=osi&th=1&psc=1"><img src="https://m.media-amazon.com/images/I/31EHpflVh5L._SL500_.jpg" alt="Product Image"></a><p>Ivory Gentle Body Wash, Designed for the Whole Family, Free of Dyes Heavy Perfumes Parabens Phthalates & Silicones, Original Scent, 35 oz</p><p> -15% 0FF </p><p>$5.97 ($0.17 / Fl Oz)</p><a href="https://www.amazon.com/dp/B09M7SPFSJ?tag=eloabder-20&linkCode=osi&th=1&psc=1">View Product</a></div>


<div class="product"><a href="https://www.amazon.com/dp/B086V843R8?tag=eloabder-20&linkCode=osi&th=1&psc=1"><img src="https://m.media-amazon.com/images/I/410evC+SQHL._SL500_.jpg" alt="Product Image"></a><p>ANAI RUI Turmeric Clay Mask - Green Tea Clay Mask - Dead Sea Minerals Mud Mask, Spa Facial Mask Set, Face Mask Gift Set 2.5 oz each</p><p> -23% 0FF </p><p>$22.99</p><a href="https://www.amazon.com/dp/B086V843R8?tag=eloabder-20&linkCode=osi&th=1&psc=1">View Product</a></div><div class="product"><a href="https://www.amazon.com/dp/B0BSZ23FTF?tag=eloabder-20&linkCode=osi&th=1&psc=1"><img src="https://m.media-amazon.com/images/I/31GRN7P2p8L._SL500_.jpg" alt="Product Image"></a><p>Bubble Skincare Slam Dunk Face Moisturizer - Hydrating Face Cream for Dry Skin Made with Vitamin E + Aloe Vera Juice for a Glowing Complexion - Skin Care with Blue Light Protection (50ml)</p><p> -12% 0FF </p><p>$14.98 ($8.81 / Ounce)</p><a href="https://www.amazon.com/dp/B0BSZ23FTF?tag=eloabder-20&linkCode=osi&th=1&psc=1">View Product</a></div><div class="product"><a href="https://www.amazon.com/dp/B000VPPUEA?tag=eloabder-20&linkCode=osi&th=1&psc=1"><img src="https://m.media-amazon.com/images/I/31e4JzjWhkL._SL500_.jpg" alt="Product Image"></a><p>Bio-Oil Skincare Body Oil, Vitamin E, Serum for Scars & Stretchmarks, Face & Body Moisturizer, 2 oz, All Skin Types</p><p> -18% 0FF </p><p>$11.12 ($5.56 / Fl Oz)</p><a href="https://www.amazon.com/dp/B000VPPUEA?tag=eloabder-20&linkCode=osi&th=1&psc=1">View Product</a></div>

<div class="product"><a href="https://www.amazon.com/dp/B0719GRD5R?tag=eloabder-20&linkCode=osi&th=1&psc=1"><img src="https://m.media-amazon.com/images/I/31d9NvTUowL._SL500_.jpg" alt="Product Image"></a><p>Clean & Clear Deep Action Exfoliating Cleanser with Pro-Vitamin B5, Gentle Exfoliating Daily Face Scrub Cleans Deep Down to the Pore for Soft, Smooth, Hydrated Skin, Oil Free Face Wash, 7 FL OZ</p><p> -39% 0FF </p><p>$5.97 ($0.85 / Fl Oz)</p><a href="https://www.amazon.com/dp/B0719GRD5R?tag=eloabder-20&linkCode=osi&th=1&psc=1">View Product</a></div>

<div class="product"><a href="https://www.amazon.com/dp/B00U2KYUAY?tag=eloabder-20&linkCode=osi&th=1&psc=1"><img src="https://m.media-amazon.com/images/I/516ldzLw1iL._SL500_.jpg" alt="Product Image"></a><p>PURELL Advanced Hand Sanitizer Soothing Gel, Fresh Scent, 8 fl oz Pump Bottle (Pack of 4), 9674-06-ECDECO</p><p> -25% 0FF </p><p>$14.99 ($0.47 / Fl Oz)</p><a href="https://www.amazon.com/dp/B00U2KYUAY?tag=eloabder-20&linkCode=osi&th=1&psc=1">View Product</a></div><div class="product"><a href="https://www.amazon.com/dp/B087781VTJ?tag=eloabder-20&linkCode=osi&th=1&psc=1"><img src="https://m.media-amazon.com/images/I/31OkRWcr12L._SL500_.jpg" alt="Product Image"></a><p>PURELL Advanced Hand Sanitizer Refreshing Gel, Clean Scent, 1 Liter Pump Bottle (Pack of 1) - 9632-04-CMR</p><p> -27% 0FF </p><p>$10.99 ($0.33 / Fl Oz)</p><a href="https://www.amazon.com/dp/B087781VTJ?tag=eloabder-20&linkCode=osi&th=1&psc=1">View Product</a></div><div class="product"><a href="https://www.amazon.com/dp/B08D6V7BLY?tag=eloabder-20&linkCode=osi&th=1&psc=1"><img src="https://m.media-amazon.com/images/I/31jNnpJBhbL._SL500_.jpg" alt="Product Image"></a><p>Purell 64 Oz. Advanced Instant Hand Sanitizer Gel Refill</p><p> -17% 0FF </p><p>$9.95 ($0.16 / Fl Oz)</p><a href="https://www.amazon.com/dp/B08D6V7BLY?tag=eloabder-20&linkCode=osi&th=1&psc=1">View Product</a></div><div class="product"><a href="https://www.amazon.com/dp/B0889WWM49?tag=eloabder-20&linkCode=osi&th=1&psc=1"><img src="https://m.media-amazon.com/images/I/51KTBSE1ZwL._SL500_.jpg" alt="Product Image"></a><p>Germ-X Original Hand Sanitizer, Moisturizing Gel with Vitamin E, Instant and No Rinse Formula, Back to School Supplies College, 8 Fl Oz Pump Bottle (Pack of 12)</p><p> -35% 0FF </p><p>$23.64 ($0.25 / Fl Oz)</p><a href="https://www.amazon.com/dp/B0889WWM49?tag=eloabder-20&linkCode=osi&th=1&psc=1">View Product</a></div>
<div class="product"><a href="https://www.amazon.com/dp/B00A8S6HM4?tag=eloabder-20&linkCode=osi&th=1&psc=1"><img src="https://m.media-amazon.com/images/I/31tIssP5CQL._SL500_.jpg" alt="Product Image"></a><p>Gold Bond Healing Hand Cream, 3 oz., With Aloe, Moisture That Lasts Through Handwashing</p><p> -12% 0FF </p><p>$3.97 ($1.32 / Ounce)</p><a href="https://www.amazon.com/dp/B00A8S6HM4?tag=eloabder-20&linkCode=osi&th=1&psc=1">View Product</a></div><div class="product"><a href="https://www.amazon.com/dp/B0034F9K36?tag=eloabder-20&linkCode=osi&th=1&psc=1"><img src="https://m.media-amazon.com/images/I/319i3EFVPvL._SL500_.jpg" alt="Product Image"></a><p>Jergens Ultra Healing Dry Skin Moisturizer, Body and Hand Lotion for Dry Skin, for Quick Absorption into Extra Dry Skin, with HYDRALUCENCE blend, Vitamins C, E, and B5, 32 Ounce</p><p> -33% 0FF </p><p>$8.17 ($0.26 / Fl Oz)</p><a href="https://www.amazon.com/dp/B0034F9K36?tag=eloabder-20&linkCode=osi&th=1&psc=1">View Product</a></div><div class="product"><a href="https://www.amazon.com/dp/B00008J2XQ?tag=eloabder-20&linkCode=osi&th=1&psc=1"><img src="https://m.media-amazon.com/images/I/419MsgGjzvL._SL500_.jpg" alt="Product Image"></a><p>Aveeno Skin Relief Intense Moisture Hand Cream with Soothing Prebiotic Oat for Dry Skin, Sensitive Skin Cream Softens & Smooths Hands & Lasts Through Hand Washing, Fragrance-Free, 3.5 oz</p><p> -31% 0FF </p><p>$8.79 ($2.51 / Fl Oz)</p><a href="https://www.amazon.com/dp/B00008J2XQ?tag=eloabder-20&linkCode=osi&th=1&psc=1">View Product</a></div><div class="product"><a href="https://www.amazon.com/dp/B0CWVSNVG6?tag=eloabder-20&linkCode=osi&th=1&psc=1"><img src="https://m.media-amazon.com/images/I/31hjLpzc8DL._SL500_.jpg" alt="Product Image"></a><p>Gold Bond Healing Hydrating Lotion with Aloe Moisturizes, Heals & Smooths Dry Skin, Delivers Immediate 24-Hour Hydration, Value Size, 24 oz.</p><p> -26% 0FF </p><p>$9.99 ($0.42 / Fl Oz)</p><a href="https://www.amazon.com/dp/B0CWVSNVG6?tag=eloabder-20&linkCode=osi&th=1&psc=1">View Product</a></div><div class="product"><a href="https://www.amazon.com/dp/B07QBN245V?tag=eloabder-20&linkCode=osi&th=1&psc=1"><img src="https://m.media-amazon.com/images/I/31N7vGLuV0L._SL500_.jpg" alt="Product Image"></a><p>Jergens Lavender Body Butter Body and Hand Lotion, Moisturizer for Women, 7 Fl Oz (Pack of 1), with Essential Oils for Indulgent Moisturization White</p><p> -15% 0FF </p><p>$7.97 ($1.14 / Fl Oz)</p><a href="https://www.amazon.com/dp/B07QBN245V?tag=eloabder-20&linkCode=osi&th=1&psc=1">View Product</a></div><div class="product"><a href="https://www.amazon.com/dp/B00J2L5TOK?tag=eloabder-20&linkCode=osi&th=1&psc=1"><img src="https://m.media-amazon.com/images/I/31ur4kqsEOL._SL500_.jpg" alt="Product Image"></a><p>Gold Bond Healing Skin Therapy Lotion with aloe 5.5 oz., Non-Greasy & Hypoallergenic</p><p> -25% 0FF </p><p>$5.98 ($1.09 / Ounce)</p><a href="https://www.amazon.com/dp/B00J2L5TOK?tag=eloabder-20&linkCode=osi&th=1&psc=1">View Product</a></div><div class="product"><a href="https://www.amazon.com/dp/B003JT8PKQ?tag=eloabder-20&linkCode=osi&th=1&psc=1"><img src="https://m.media-amazon.com/images/I/31TFisQDpKL._SL500_.jpg" alt="Product Image"></a><p>Lubriderm Daily Moisture Lotion + Pro-Ceramide with Shea Butter and Glycerin Helps Moisturize Dry Skin, Hydrating Face, Hand and Body Lotion, Lightly Scented, Non-Greasy, 24 FL OZ</p><p> -13% 0FF </p><p>$12.72 ($0.53 / Fl Oz)</p><a href="https://www.amazon.com/dp/B003JT8PKQ?tag=eloabder-20&linkCode=osi&th=1&psc=1">View Product</a></div><div class="product"><a href="https://www.amazon.com/dp/B00B3R2YVM?tag=eloabder-20&linkCode=osi&th=1&psc=1"><img src="https://m.media-amazon.com/images/I/31F7qr3VMQL._SL500_.jpg" alt="Product Image"></a><p>J.R. Watkins Natural Moisturizing Hand Cream, Hydrating Hand Moisturizer with Shea Butter, Cocoa Butter, and Avocado Oil, USA Made and Cruelty Free, 3.3oz, Aloe & Green Tea, Single</p><p> -7% 0FF </p><p>$5.03 ($1.52 / Fl Oz)</p><a href="https://www.amazon.com/dp/B00B3R2YVM?tag=eloabder-20&linkCode=osi&th=1&psc=1">View Product</a></div>
<div class="product"><a href="https://www.amazon.com/dp/B000BI1Z9Q?tag=eloabder-20&linkCode=osi&th=1&psc=1"><img src="https://m.media-amazon.com/images/I/413HU0cbbrL._SL500_.jpg" alt="Product Image"></a><p>Dynarex BZK Antiseptic Towelettes - 5"x7" - Benzalkonium Chloride, Hand Sanitizing Wipes or First Aid Wound Wipes, 1 Case of 1000 (Packaging May Vary)</p><p> -17% 0FF </p><p>$32.99 ($0.03 / Count)</p><a href="https://www.amazon.com/dp/B000BI1Z9Q?tag=eloabder-20&linkCode=osi&th=1&psc=1">View Product</a></div><div class="product"><a href="https://www.amazon.com/dp/B06XS38XH6?tag=eloabder-20&linkCode=osi&th=1&psc=1"><img src="https://m.media-amazon.com/images/I/41+1GOsXdPL._SL500_.jpg" alt="Product Image"></a><p>Care Touch Alcohol Wipes Individually Wrapped - Prep Pads with 70% Isopropyl Alcohol, Great for Home, Medical & First Aid Kits Sterilized, Antiseptic 2-Ply Swabs 400 Count</p><p> -13% 0FF </p><p>$10.99 ($0.03 / Count)</p><a href="https://www.amazon.com/dp/B06XS38XH6?tag=eloabder-20&linkCode=osi&th=1&psc=1">View Product</a></div>
<div class="product"><a href="https://www.amazon.com/dp/B00006IDL6?tag=eloabder-20&linkCode=osi&th=1&psc=1"><img src="https://m.media-amazon.com/images/I/51SFTNQg7-L._SL500_.jpg" alt="Product Image"></a><p>Band-Aid Brand Flexible Fabric Adhesive Bandages for Wound Care and First Aid, All One Size, 100 Count</p><p> -35% 0FF </p><p>$7.70 ($0.08 / Count)</p><a href="https://www.amazon.com/dp/B00006IDL6?tag=eloabder-20&linkCode=osi&th=1&psc=1">View Product</a></div><div class="product"><a href="https://www.amazon.com/dp/B000GCPW8C?tag=eloabder-20&linkCode=osi&th=1&psc=1"><img src="https://m.media-amazon.com/images/I/51vXh4MmDrL._SL500_.jpg" alt="Product Image"></a><p>Band-Aid Brand Tru-Stay Adhesive Pads, Large Sterile Bandages for Wound Care, Large Size, 10 ct</p><p> -28% 0FF </p><p>$3.77 ($0.38 / Count)</p><a href="https://www.amazon.com/dp/B000GCPW8C?tag=eloabder-20&linkCode=osi&th=1&psc=1">View Product</a></div><div class="product"><a href="https://www.amazon.com/dp/B01M18DYAH?tag=eloabder-20&linkCode=osi&th=1&psc=1"><img src="https://m.media-amazon.com/images/I/411HWhlyuxL._SL500_.jpg" alt="Product Image"></a><p>Band-Aid Brand Skin-Flex Adhesive Bandages for First Aid and Wound Care of Minor Cuts and Scrapes & Burns, Flexible Sterile Bandages for Fingers & Knees, Extra Large, All One Size, 7 ct</p><p> -34% 0FF </p><p>$3.77 ($0.54 / Count)</p><a href="https://www.amazon.com/dp/B01M18DYAH?tag=eloabder-20&linkCode=osi&th=1&psc=1">View Product</a></div><div class="product"><a href="https://www.amazon.com/dp/B09N1PJFH4?tag=eloabder-20&linkCode=osi&th=1&psc=1"><img src="https://m.media-amazon.com/images/I/414tb0lZk2L._SL500_.jpg" alt="Product Image"></a><p>Band-Aid Brand Adhesive Bandages for Sensitive Skin, Hypoallergenic First Aid Bandages with Painless Removal, Stays on When Wet & Suitable for Eczema Prone Skin, Extra Large Size, 7 ct</p><p> -34% 0FF </p><p>$3.77 ($0.54 / Count)</p><a href="https://www.amazon.com/dp/B09N1PJFH4?tag=eloabder-20&linkCode=osi&th=1&psc=1">View Product</a></div><div class="product"><a href="https://www.amazon.com/dp/B09B32CSJ5?tag=eloabder-20&linkCode=osi&th=1&psc=1"><img src="https://m.media-amazon.com/images/I/510JDYafj9L._SL500_.jpg" alt="Product Image"></a><p>Band-Aid Brand Flexible Fabric Adhesive Bandages for Comfortable Flexible Protection, Twin Pack, 2 x 100 ct</p><p> -19% 0FF </p><p>$16.96 ($8.48 / Count)</p><a href="https://www.amazon.com/dp/B09B32CSJ5?tag=eloabder-20&linkCode=osi&th=1&psc=1">View Product</a></div><div class="product"><a href="https://www.amazon.com/dp/B0014CQ7C8?tag=eloabder-20&linkCode=osi&th=1&psc=1"><img src="https://m.media-amazon.com/images/I/511SbCVd5iL._SL500_.jpg" alt="Product Image"></a><p>Band-Aid Brand Flexible Fabric Adhesive Bandages, Comfortable Sterile Protection & Wound Care for Minor Cuts & Burns, Quilt-Aid Technology to Cushion Painful Wounds, Assorted Sizes, 30 ct</p><p> -26% 0FF </p><p>$3.77</p><a href="https://www.amazon.com/dp/B0014CQ7C8?tag=eloabder-20&linkCode=osi&th=1&psc=1">View Product</a></div>
<div class="product"><a href="https://www.amazon.com/dp/B08B8BDG42?tag=eloabder-20&linkCode=osi&th=1&psc=1"><img src="https://m.media-amazon.com/images/I/41irwh1BfnL._SL500_.jpg" alt="Product Image"></a><p>Boncare Thermometer for Adults with 10 Seconds Fast Reading, Digital Oral Thermometer for Fever (Light Blue)</p><p> -30% 0FF </p><p>$6.99</p><a href="https://www.amazon.com/dp/B08B8BDG42?tag=eloabder-20&linkCode=osi&th=1&psc=1">View Product</a></div><div class="product"><a href="https://www.amazon.com/dp/B0824XNJSW?tag=eloabder-20&linkCode=osi&th=1&psc=1"><img src="https://m.media-amazon.com/images/I/31JdU9LcpxL._SL500_.jpg" alt="Product Image"></a><p>No-Touch Thermometer for Adults and Kids, Accurate Digital Baby Thermometer, FSA HSA Eligible, Fever Alarm & Silent Mode, 2 in 1 Forehead & Object Thermometer</p><p> -33% 0FF </p><p>$19.99</p><a href="https://www.amazon.com/dp/B0824XNJSW?tag=eloabder-20&linkCode=osi&th=1&psc=1">View Product</a></div><div class="product"><a href="https://www.amazon.com/dp/B08B7V2RG3?tag=eloabder-20&linkCode=osi&th=1&psc=1"><img src="https://m.media-amazon.com/images/I/41vXfFSaN4L._SL500_.jpg" alt="Product Image"></a><p>Boncare 10 Second Thermometer for Adults - Fast Reading, Accurate Fever Thermometer, Basal Digital Thermometer</p><p> -25% 0FF </p><p>$7.49</p><a href="https://www.amazon.com/dp/B08B7V2RG3?tag=eloabder-20&linkCode=osi&th=1&psc=1">View Product</a></div><div class="product"><a href="https://www.amazon.com/dp/B0C82Z3479?tag=eloabder-20&linkCode=osi&th=1&psc=1"><img src="https://m.media-amazon.com/images/I/21m2oNvDqiL._SL500_.jpg" alt="Product Image"></a><p>Vicks ComfortFlex Digital Thermometer – Accurate, Color Coded Reading in 8 Seconds – Digital Thermometer for Oral, Rectal or Under Arm Use</p><p> -38% 0FF </p><p>$10.48</p><a href="https://www.amazon.com/dp/B0C82Z3479?tag=eloabder-20&linkCode=osi&th=1&psc=1">View Product</a></div><div class="product"><a href="https://www.amazon.com/dp/B0C3B2VZLJ?tag=eloabder-20&linkCode=osi&th=1&psc=1"><img src="https://m.media-amazon.com/images/I/31JdU9LcpxL._SL500_.jpg" alt="Product Image"></a><p>No-Touch Thermometer for Adults and Kids, Fast Accurate Digital Thermometer with Fever Alarm & Silent Mode, FSA HSA Eligible, Easy-to-use, Forehead Thermometer for Babies, Kids & Elderly</p><p> -47% 0FF </p><p>$15.95</p><a href="https://www.amazon.com/dp/B0C3B2VZLJ?tag=eloabder-20&linkCode=osi&th=1&psc=1">View Product</a></div><div class="product"><a href="https://www.amazon.com/dp/B075QQ8VZW?tag=eloabder-20&linkCode=osi&th=1&psc=1"><img src="https://m.media-amazon.com/images/I/31XPaGGJcyL._SL500_.jpg" alt="Product Image"></a><p>iHealth No-Touch Forehead Thermometer, Infrared Digital Thermometer for Adults and Kids, Touchless Baby Thermometer, 3 Ultra-Sensitive Sensors, Large LED Digits, Quiet Vibration Feedback, Non Contact</p><p> -44% 0FF </p><p>$19.99</p><a href="https://www.amazon.com/dp/B075QQ8VZW?tag=eloabder-20&linkCode=osi&th=1&psc=1">View Product</a></div><div class="product"><a href="https://www.amazon.com/dp/B00MUK6M82?tag=eloabder-20&linkCode=osi&th=1&psc=1"><img src="https://m.media-amazon.com/images/I/31fl3MSNmuL._SL500_.jpg" alt="Product Image"></a><p>Vicks Braun Digital Ear Thermometer, ThermoScan 5 IRT6500, Ear Thermometer for Babies, Kids, Toddlers and Adults, Display is Digital and Accurate, Thermometer for Precise Fever Tracking at Home</p><p> -15% 0FF </p><p>$42.44</p><a href="https://www.amazon.com/dp/B00MUK6M82?tag=eloabder-20&linkCode=osi&th=1&psc=1">View Product</a></div><div class="product"><a href="https://www.amazon.com/dp/B0B513SHYR?tag=eloabder-20&linkCode=osi&th=1&psc=1"><img src="https://m.media-amazon.com/images/I/41erMNtrL8L._SL500_.jpg" alt="Product Image"></a><p>Forehead Thermometer for Adults and Kids, Digital Infrared Thermometer for Home with Fever Alarm, FSA HSA Eligible,1s Reading and 3-Color Indicator, No-Touch, Accurate</p><p> -45% 0FF </p><p>$13.59</p><a href="https://www.amazon.com/dp/B0B513SHYR?tag=eloabder-20&linkCode=osi&th=1&psc=1">View Product</a></div>
<div class="product"><a href="https://www.amazon.com/dp/B01C5QS1T8?tag=eloabder-20&linkCode=osi&th=1&psc=1"><img src="https://m.media-amazon.com/images/I/41DgEaoOjaL._SL500_.jpg" alt="Product Image"></a><p>iHealth Track Smart Upper Arm Blood Pressure Monitor with Wide Range Cuff That fits Standard to Large Adult Arms, Bluetooth Compatible for iOS & Android Devices</p><p> -20% 0FF </p><p>$39.99</p><a href="https://www.amazon.com/dp/B01C5QS1T8?tag=eloabder-20&linkCode=osi&th=1&psc=1">View Product</a></div><div class="product"><a href="https://www.amazon.com/dp/B0BF9YHRFM?tag=eloabder-20&linkCode=osi&th=1&psc=1"><img src="https://m.media-amazon.com/images/I/41Hd1YfS0VL._SL500_.jpg" alt="Product Image"></a><p>Blood Pressure Monitor,AILE blood pressure machine Upper Arm Large Cuff(8.7"-16.5"Adjustable),automatic high blood pressure cuff for home use,(BP)blood pressure monitor,2*99 memory,Easy to use/travel</p><p> -17% 0FF </p><p>$24.99</p><a href="https://www.amazon.com/dp/B0BF9YHRFM?tag=eloabder-20&linkCode=osi&th=1&psc=1">View Product</a></div><div class="product"><a href="https://www.amazon.com/dp/B0BFQWYSWR?tag=eloabder-20&linkCode=osi&th=1&psc=1"><img src="https://m.media-amazon.com/images/I/51lb5nRMBnL._SL500_.jpg" alt="Product Image"></a><p>Blood Pressure Monitors for Home Use Upper Arm, Accurate cuff 8.7”-15.7” Monitor with Large Backlight Display 2 Users 240 Sets Memory & HR Detection, Digital BP Machine with Carrying Case</p><p> -40% 0FF </p><p>$29.99</p><a href="https://www.amazon.com/dp/B0BFQWYSWR?tag=eloabder-20&linkCode=osi&th=1&psc=1">View Product</a></div><div class="product"><a href="https://www.amazon.com/dp/B07RYBKNC2?tag=eloabder-20&linkCode=osi&th=1&psc=1"><img src="https://m.media-amazon.com/images/I/41EBBbpDipL._SL500_.jpg" alt="Product Image"></a><p>OMRON Silver Blood Pressure Monitor, Upper Arm Cuff, Digital Bluetooth Blood Pressure Machine, Stores Up to 80 Readings</p><p> -6% 0FF </p><p>$52.88</p><a href="https://www.amazon.com/dp/B07RYBKNC2?tag=eloabder-20&linkCode=osi&th=1&psc=1">View Product</a></div>
<div class="product"><a href="https://www.amazon.com/dp/B084CQ41M2?tag=eloabder-20&linkCode=osi&th=1&psc=1"><img src="https://m.media-amazon.com/images/I/311ThQv0JoL._SL500_.jpg" alt="Product Image"></a><p>Fitbit Charge 4 Fitness and Activity Tracker with Built-in GPS, Heart Rate, Sleep & Swim Tracking, Black/Black, One Size (S &L Bands Included)</p><p> -17% 0FF </p><p>$124.00</p><a href="https://www.amazon.com/dp/B084CQ41M2?tag=eloabder-20&linkCode=osi&th=1&psc=1">View Product</a></div><div class="product"><a href="https://www.amazon.com/dp/B07GM59D12?tag=eloabder-20&linkCode=osi&th=1&psc=1"><img src="https://m.media-amazon.com/images/I/417I7hV3oaL._SL500_.jpg" alt="Product Image"></a><p>Garmin vivosmart 4, Activity and Fitness Tracker w/ Pulse Ox and Heart Rate Monitor, Black, Large Band</p><p> -33% 0FF </p><p>$64.99</p><a href="https://www.amazon.com/dp/B07GM59D12?tag=eloabder-20&linkCode=osi&th=1&psc=1">View Product</a></div><div class="product"><a href="https://www.amazon.com/dp/B00MWHUOSM?tag=eloabder-20&linkCode=osi&th=1&psc=1"><img src="https://m.media-amazon.com/images/I/514A9FIZMeL._SL500_.jpg" alt="Product Image"></a><p>3DTriSport Walking 3D Pedometer with Clip and Strap, Free eBook | 30 Days Memory, Accurate Step Counter, Walking Distance Miles/Km, Calorie Counter (Holdable, Grey)</p><p> -38% 0FF </p><p>$24.99</p><a href="https://www.amazon.com/dp/B00MWHUOSM?tag=eloabder-20&linkCode=osi&th=1&psc=1">View Product</a></div><div class="product"><a href="https://www.amazon.com/dp/B08JX22N4G?tag=eloabder-20&linkCode=osi&th=1&psc=1"><img src="https://m.media-amazon.com/images/I/413rXPXOmzL._SL500_.jpg" alt="Product Image"></a><p>Garmin vivofit jr. 3, Fitness Tracker for Kids, Includes Interactive App Experience, Swim-Friendly, Up To 1-year Battery Life, Lilac Floral</p><p> -22% 0FF </p><p>$69.99</p><a href="https://www.amazon.com/dp/B08JX22N4G?tag=eloabder-20&linkCode=osi&th=1&psc=1">View Product</a></div>
<div class="product"><a href="https://www.amazon.com/dp/B01HI1W1V4?tag=eloabder-20&linkCode=osi&th=1&psc=1"><img src="https://m.media-amazon.com/images/I/41xSV5KCm+L._SL500_.jpg" alt="Product Image"></a><p>Etekcity Bathroom Scale for Body Weight, Digital Weighing Machine for People, Accurate & Large LCD Backlight Display, 6mm Tempered Glass, 400 lbs</p><p> -20% 0FF </p><p>$15.89</p><a href="https://www.amazon.com/dp/B01HI1W1V4?tag=eloabder-20&linkCode=osi&th=1&psc=1">View Product</a></div><div class="product"><a href="https://www.amazon.com/dp/B01N1UX8RW?tag=eloabder-20&linkCode=osi&th=1&psc=1"><img src="https://m.media-amazon.com/images/I/41jK19A68DL._SL500_.jpg" alt="Product Image"></a><p>RENPHO Smart Scale for Body Weight, FSA HSA Eligible, Digital Bathroom Scale BMI Weighing Bluetooth Body Fat Scale, Body Composition Monitor Health Analyzer with Smartphone App, 400 lbs - Elis 1</p><p> -31% 0FF </p><p>$23.99</p><a href="https://www.amazon.com/dp/B01N1UX8RW?tag=eloabder-20&linkCode=osi&th=1&psc=1">View Product</a></div><div class="product"><a href="https://www.amazon.com/dp/B095YJW56C?tag=eloabder-20&linkCode=osi&th=1&psc=1"><img src="https://m.media-amazon.com/images/I/41vhjbr6FRL._SL500_.jpg" alt="Product Image"></a><p>Etekcity Smart Scale for Body Weight FSA HSA Store Eligible, Bathroom Digital Weighing Scale with BMI, Body Fat, Muscle Mass, Accurate Bluetooth Home User Health Equipment Sync Apps</p><p> -17% 0FF </p><p>$19.99</p><a href="https://www.amazon.com/dp/B095YJW56C?tag=eloabder-20&linkCode=osi&th=1&psc=1">View Product</a></div><div class="product"><a href="https://www.amazon.com/dp/B07S9PTLNZ?tag=eloabder-20&linkCode=osi&th=1&psc=1"><img src="https://m.media-amazon.com/images/I/21wW7Xf7Q+L._SL500_.jpg" alt="Product Image"></a><p>RENPHO Scale for Body Weight, Digital Bathroom Scale with Backlit LED Display, Highly Accurate & Measures Weight up to 400 lb/180kg, Batteries Included, Black-Core 1S</p><p> -42% 0FF </p><p>$13.99</p><a href="https://www.amazon.com/dp/B07S9PTLNZ?tag=eloabder-20&linkCode=osi&th=1&psc=1">View Product</a></div><div class="product"><a href="https://www.amazon.com/dp/B0CHRSYP3D?tag=eloabder-20&linkCode=osi&th=1&psc=1"><img src="https://m.media-amazon.com/images/I/41f-WUPPMQL._SL500_.jpg" alt="Product Image"></a><p>Ovutek Bathroom Scale for Body Weight, Highly Accurate Digital Weighing Machine for People, Upgraded Batteries Included, Compact Size, LED Display, Physician Scale with Sturdy Tempered Glass, 400lb</p><p> -26% 0FF </p><p>$13.99</p><a href="https://www.amazon.com/dp/B0CHRSYP3D?tag=eloabder-20&linkCode=osi&th=1&psc=1">View Product</a></div><div class="product"><a href="https://www.amazon.com/dp/B0C5DCTH9M?tag=eloabder-20&linkCode=osi&th=1&psc=1"><img src="https://m.media-amazon.com/images/I/31eXDYPTnbL._SL500_.jpg" alt="Product Image"></a><p>RunSTAR 550lb Bathroom Digital Scale for Body Weight with Ultra-Wide Platform and Large LCD Display, Accurate High Precision Scale with Extra-High Capacity</p><p> -40% 0FF </p><p>$33.99</p><a href="https://www.amazon.com/dp/B0C5DCTH9M?tag=eloabder-20&linkCode=osi&th=1&psc=1">View Product</a></div><div class="product"><a href="https://www.amazon.com/dp/B08839L43J?tag=eloabder-20&linkCode=osi&th=1&psc=1"><img src="https://m.media-amazon.com/images/I/41ijx4JiG5L._SL500_.jpg" alt="Product Image"></a><p>Posture Scale for Body Weight, Digital Bathroom Smart Scale LED Display, 13 Body Composition Analyzer Sync Weight Scale BMl Health Monitor Sync Apps 400lbs - Black</p><p> -60% 0FF </p><p>$25.24</p><a href="https://www.amazon.com/dp/B08839L43J?tag=eloabder-20&linkCode=osi&th=1&psc=1">View Product</a></div><div class="product"><a href="https://www.amazon.com/dp/B0BX1GVDBS?tag=eloabder-20&linkCode=osi&th=1&psc=1"><img src="https://m.media-amazon.com/images/I/31sSNdlJQOL._SL500_.jpg" alt="Product Image"></a><p>iHome Digital Scale Step-On Bathroom Scale - iHome High Precision Body Weight Scale - 400 lbs, Battery Powered with LED Display - Batteries Included -Great for Home Gym (Black)</p><p> -22% 0FF </p><p>$18.99</p><a href="https://www.amazon.com/dp/B0BX1GVDBS?tag=eloabder-20&linkCode=osi&th=1&psc=1">View Product</a></div>
<div class="product"><a href="https://www.amazon.com/dp/B079HXLZGY?tag=eloabder-20&linkCode=osi&th=1&psc=1"><img src="https://m.media-amazon.com/images/I/51O0z0rymgL._SL500_.jpg" alt="Product Image"></a><p>Amazon Basic Care Nighttime Sleep Aid Tablets for Adults, Doxylamine Succinate 25 mg, 96 Count</p><p> -13% 0FF </p><p>$10.93 ($0.11 / Count)</p><a href="https://www.amazon.com/dp/B079HXLZGY?tag=eloabder-20&linkCode=osi&th=1&psc=1">View Product</a></div><div class="product"><a href="https://www.amazon.com/dp/B0848WCZFM?tag=eloabder-20&linkCode=osi&th=1&psc=1"><img src="https://m.media-amazon.com/images/I/41Rzyzjg2UL._SL500_.jpg" alt="Product Image"></a><p>HealthA2Z Sleep Aid, Diphenhydramine Softgels, 50mg, Supports Deeper, Restful Sleeping, Non Habit-Forming (250 Counts)</p><p> -29% 0FF </p><p>$9.85 ($0.04 / Count)</p><a href="https://www.amazon.com/dp/B0848WCZFM?tag=eloabder-20&linkCode=osi&th=1&psc=1">View Product</a></div><div class="product"><a href="https://www.amazon.com/dp/B00NJ1BQZA?tag=eloabder-20&linkCode=osi&th=1&psc=1"><img src="https://m.media-amazon.com/images/I/41q8bT3bu0L._SL500_.jpg" alt="Product Image"></a><p>Relaxium Sleep Aid for Adults, Melatonin 5mg with Magnesium Glycinate, Sleep-Promoting Valerest & Ashwagandha, Non-Habit Forming Sleep Supplement, 60 Capsules, 30-Day Supply</p><p> -14% 0FF </p><p>$29.99 ($0.50 / count)</p><a href="https://www.amazon.com/dp/B00NJ1BQZA?tag=eloabder-20&linkCode=osi&th=1&psc=1">View Product</a></div><div class="product"><a href="https://www.amazon.com/dp/B07BZW88NY?tag=eloabder-20&linkCode=osi&th=1&psc=1"><img src="https://m.media-amazon.com/images/I/51HD9BxwlWL._SL500_.jpg" alt="Product Image"></a><p>Kirkland Signature Sleep Aid, 192 Tablets</p><p> -8% 0FF </p><p>$13.72 ($6.86 / Count)</p><a href="https://www.amazon.com/dp/B07BZW88NY?tag=eloabder-20&linkCode=osi&th=1&psc=1">View Product</a></div><div class="product"><a href="https://www.amazon.com/dp/B07PXT5LYR?tag=eloabder-20&linkCode=osi&th=1&psc=1"><img src="https://m.media-amazon.com/images/I/41Pu3C1zvML._SL500_.jpg" alt="Product Image"></a><p>Nature's Bounty Sleep3 Melatonin 10mg, Maximum Strength 100% Drug Free Sleep Aid, Dietary Supplement, L-Theanine & Nighttime Herbal Blend Time Release Technology, 60 Tri-Layered Tablets</p><p> -38% 0FF </p><p>$13.68 ($0.23 / Count)</p><a href="https://www.amazon.com/dp/B07PXT5LYR?tag=eloabder-20&linkCode=osi&th=1&psc=1">View Product</a></div><div class="product"><a href="https://www.amazon.com/dp/B002L4M4M0?tag=eloabder-20&linkCode=osi&th=1&psc=1"><img src="https://m.media-amazon.com/images/I/41S9lyFQZzL._SL500_.jpg" alt="Product Image"></a><p>KIRKLAND SIGNATURE Sleep Aid Doxylamine Succinate 25 Mg X Tabs (53201812) No Flavor 96 Count, Packaging May Vary</p><p> -29% 0FF </p><p>$7.75 ($0.08 / Count)</p><a href="https://www.amazon.com/dp/B002L4M4M0?tag=eloabder-20&linkCode=osi&th=1&psc=1">View Product</a></div><div class="product"><a href="https://www.amazon.com/dp/B01683HFGY?tag=eloabder-20&linkCode=osi&th=1&psc=1"><img src="https://m.media-amazon.com/images/I/51hFnh0pfXL._SL500_.jpg" alt="Product Image"></a><p>Unisom SleepTabs, Nighttime Sleep-aid, Doxylamine Succinate, 80 Tablets</p><p> -30% 0FF </p><p>$13.98 ($0.17 / Count)</p><a href="https://www.amazon.com/dp/B01683HFGY?tag=eloabder-20&linkCode=osi&th=1&psc=1">View Product</a></div><div class="product"><a href="https://www.amazon.com/dp/B08Y74HSSH?tag=eloabder-20&linkCode=osi&th=1&psc=1"><img src="https://m.media-amazon.com/images/I/41WtHEKTuML._SL500_.jpg" alt="Product Image"></a><p>ZzzQuil ULTRA, Sleep Aid, Nighttime Sleep Aid, 25 mg Doxylamine Succinate, From Makers of Nyquil, Non- Habit Forming, Fall Asleep Fast, Stay Asleep Longer, 48 Count</p><p> -11% 0FF </p><p>$19.63 ($0.41 / Count)</p><a href="https://www.amazon.com/dp/B08Y74HSSH?tag=eloabder-20&linkCode=osi&th=1&psc=1">View Product</a></div><div class="product"><a href="https://www.amazon.com/dp/B07613ZLWT?tag=eloabder-20&linkCode=osi&th=1&psc=1"><img src="https://m.media-amazon.com/images/I/41TljMCBnsL._SL500_.jpg" alt="Product Image"></a><p>Unisom Nighttime Sleep-Aid Gels, Diphenhydramine HCI 50mg, 100 Count</p><p> -6% 0FF </p><p>$16.38 ($0.16 / Count)</p><a href="https://www.amazon.com/dp/B07613ZLWT?tag=eloabder-20&linkCode=osi&th=1&psc=1">View Product</a></div>

<div class="product"><a href="https://www.amazon.com/dp/B009ITR4EY?tag=eloabder-20&linkCode=osi&th=1&psc=1"><img src="https://m.media-amazon.com/images/I/5108J1lmIxL._SL500_.jpg" alt="Product Image"></a><p>Tylenol Cold + Flu Severe Medicine Caplets for Fever, Pain, Cough & Congestion, 24 ct.</p><p> -28% 0FF </p><p>$7.67 ($0.32 / Count)</p><a href="https://www.amazon.com/dp/B009ITR4EY?tag=eloabder-20&linkCode=osi&th=1&psc=1">View Product</a></div><div class="product"><a href="https://www.amazon.com/dp/B019DL5KCO?tag=eloabder-20&linkCode=osi&th=1&psc=1"><img src="https://m.media-amazon.com/images/I/51i-U6pGMjL._SL500_.jpg" alt="Product Image"></a><p>Coricidin HBP Decongestant-Free Cough and Cold Medicine - Specially Designed Relief for High Blood Pressure, Cough, Runny Nose, Sneezing and Cold Symptoms (16 Count)</p><p> -6% 0FF </p><p>$8.49 ($0.53 / Count)</p><a href="https://www.amazon.com/dp/B019DL5KCO?tag=eloabder-20&linkCode=osi&th=1&psc=1">View Product</a></div><div class="product"><a href="https://www.amazon.com/dp/B0B63WW9H4?tag=eloabder-20&linkCode=osi&th=1&psc=1"><img src="https://m.media-amazon.com/images/I/51zjSOAQyTL._SL500_.jpg" alt="Product Image"></a><p>Coricidin HBP, Decongestant-Free Cold Symptom Relief for People with High Blood Pressure, Maximum Strength, Flu & Chest Congestion Liquid Gels, 24 Count</p><p> -21% 0FF </p><p>$8.29 ($0.35 / Count)</p><a href="https://www.amazon.com/dp/B0B63WW9H4?tag=eloabder-20&linkCode=osi&th=1&psc=1">View Product</a></div><div class="product"><a href="https://www.amazon.com/dp/B000WAWN8K?tag=eloabder-20&linkCode=osi&th=1&psc=1"><img src="https://m.media-amazon.com/images/I/41MhHkkpCQL._SL500_.jpg" alt="Product Image"></a><p>Zicam Cold Remedy Zinc Rapidmelts, Citrus Flavor, 25 Count (Pack of 1)</p><p> -21% 0FF </p><p>$10.30 ($0.41 / Count)</p><a href="https://www.amazon.com/dp/B000WAWN8K?tag=eloabder-20&linkCode=osi&th=1&psc=1">View Product</a></div><div class="product"><a href="https://www.amazon.com/dp/B08836KTVQ?tag=eloabder-20&linkCode=osi&th=1&psc=1"><img src="https://m.media-amazon.com/images/I/51kNMcIeJPL._SL500_.jpg" alt="Product Image"></a><p>Mucinex Fast-Max Cold and Flu & Nightshift Severe Cold and Flu Medicine for Adults, Over-the-Counter Medication Combo Pack for Sore Throat Relief, Decongestant, Cough & Cold Medicines, 2 x 6 Fl Oz</p><p> -17% 0FF </p><p>$18.65 ($1.55 / Fl Oz)</p><a href="https://www.amazon.com/dp/B08836KTVQ?tag=eloabder-20&linkCode=osi&th=1&psc=1">View Product</a></div><div class="product"><a href="https://www.amazon.com/dp/B01DZ0CN6A?tag=eloabder-20&linkCode=osi&th=1&psc=1"><img src="https://m.media-amazon.com/images/I/41DVIB8+QVL._SL500_.jpg" alt="Product Image"></a><p>Hyland's Baby Mucus and Cold Relief, Daytime Baby Cold Medicine, Infant Cold and Cough Remedy, Decongestant, 4 Fluid Ounce</p><p> -46% 0FF </p><p>$7.00 ($1.75 / Fl Oz)</p><a href="https://www.amazon.com/dp/B01DZ0CN6A?tag=eloabder-20&linkCode=osi&th=1&psc=1">View Product</a></div><div class="product"><a href="https://www.amazon.com/dp/B00L3LAK7S?tag=eloabder-20&linkCode=osi&th=1&psc=1"><img src="https://m.media-amazon.com/images/I/41acNMiAH7L._SL500_.jpg" alt="Product Image"></a><p>Hyland's Kids Cold & Cough, Day and Night Combo Pack, Cold Medicine for Ages 2+, Syrup Cough Medicine for Kids, Nasal Decongestant, Allergy Relief, 4 Fl Oz (Pack of 2)</p><p> -37% 0FF </p><p>$12.59 ($3.15 / Fl Oz)</p><a href="https://www.amazon.com/dp/B00L3LAK7S?tag=eloabder-20&linkCode=osi&th=1&psc=1">View Product</a></div><div class="product"><a href="https://www.amazon.com/dp/B08938GBKJ?tag=eloabder-20&linkCode=osi&th=1&psc=1"><img src="https://m.media-amazon.com/images/I/41T41ChZ9KL._SL500_.jpg" alt="Product Image"></a><p>Cold-EEZE Natural Cherry Zinc Lozenges, Homeopathic Cold Remedy, Reduces Duration of the Common Cold, Sore Throat, Cough, Congestion and Post Nasal Drip, 25 Count</p><p> -25% 0FF </p><p>$9.33 ($0.37 / Count)</p><a href="https://www.amazon.com/dp/B08938GBKJ?tag=eloabder-20&linkCode=osi&th=1&psc=1">View Product</a></div>

<div class="product"><a href="https://www.amazon.com/dp/B0012BNVE8?tag=eloabder-20&linkCode=osi&th=1&psc=1"><img src="https://m.media-amazon.com/images/I/51AbEqW79jL._SL500_.jpg" alt="Product Image"></a><p>Men's Rogaine 5% Minoxidil Topical Aerosol Hair Regrowth Treatment Foam, 3 Month Supply (Each Can 2.11 Ounce - 60 Gram)</p><p> -25% 0FF </p><p>$58.83 ($9.29 / Ounce)</p><a href="https://www.amazon.com/dp/B0012BNVE8?tag=eloabder-20&linkCode=osi&th=1&psc=1">View Product</a></div><div class="product"><a href="https://www.amazon.com/dp/B0000Y8H3S?tag=eloabder-20&linkCode=osi&th=1&psc=1"><img src="https://m.media-amazon.com/images/I/41HVx2izbyL._SL500_.jpg" alt="Product Image"></a><p>Men's Rogaine Extra Strength 5% Minoxidil Topical Solution for Thin Hair, Hair Loss Treatment to Regrow Fuller, Thicker Hair, 3-Month Supply, 3 x 2 fl. oz</p><p> -39% 0FF </p><p>$47.82 ($7.97 / Fl Oz)</p><a href="https://www.amazon.com/dp/B0000Y8H3S?tag=eloabder-20&linkCode=osi&th=1&psc=1">View Product</a></div><div class="product"><a href="https://www.amazon.com/dp/B00M6I5SMY?tag=eloabder-20&linkCode=osi&th=1&psc=1"><img src="https://m.media-amazon.com/images/I/415RcmGI84L._SL500_.jpg" alt="Product Image"></a><p>Rogaine 5% Minoxidil Foam, Topical Once-A-Day Hair Loss Treatment for Women to Regrow Fuller, Thicker Hair, Unscented, 2-Month Supply, 2.11 oz</p><p> -28% 0FF </p><p>$31.37 ($14.87 / Ounce)</p><a href="https://www.amazon.com/dp/B00M6I5SMY?tag=eloabder-20&linkCode=osi&th=1&psc=1">View Product</a></div><div class="product"><a href="https://www.amazon.com/dp/B0BVTD8JYP?tag=eloabder-20&linkCode=osi&th=1&psc=1"><img src="https://m.media-amazon.com/images/I/51j7YLVoqqL._SL500_.jpg" alt="Product Image"></a><p>5% Minoxidil Hair Growth for Men and Women - 60mL Hair Growth Serum - Minoxidil Spray for Hair and Beard Regrowth - Hair Loss treatment - 1 Month Supply</p><p> -24% 0FF </p><p>$12.99 ($6.50 / Fl Oz)</p><a href="https://www.amazon.com/dp/B0BVTD8JYP?tag=eloabder-20&linkCode=osi&th=1&psc=1">View Product</a></div><div class="product"><a href="https://www.amazon.com/dp/B0BWZTV1V7?tag=eloabder-20&linkCode=osi&th=1&psc=1"><img src="https://m.media-amazon.com/images/I/412B7e7oK+L._SL500_.jpg" alt="Product Image"></a><p>Nature's Bounty Hair Growth Supplement, 1 Per Day, Clinically Shown to Support Thicker, Fuller Hair, with Biotin, Silicon & Arginine, 30 Capsules</p><p> -6% 0FF </p><p>$16.98 ($0.57 / Count)</p><a href="https://www.amazon.com/dp/B0BWZTV1V7?tag=eloabder-20&linkCode=osi&th=1&psc=1">View Product</a></div>
<div class="product"><a href="https://www.amazon.com/dp/B00NNZRJ2G?tag=eloabder-20&linkCode=osi&th=1&psc=1"><img src="https://m.media-amazon.com/images/I/41YWG-0RKpL._SL500_.jpg" alt="Product Image"></a><p>OCuSOFT Lid Scrub Original Eyelid Cleanser - Pre-Moistened Eyelid Wipes for Mild to Moderate Conditions - Eyelid Cleanser to Clean, Comfort & Soothe Irritated Eyelids - 30 Count</p><p> -10% 0FF </p><p>$11.97 ($0.40 / Count)</p><a href="https://www.amazon.com/dp/B00NNZRJ2G?tag=eloabder-20&linkCode=osi&th=1&psc=1">View Product</a></div><div class="product"><a href="https://www.amazon.com/dp/B00DJUK8HS?tag=eloabder-20&linkCode=osi&th=1&psc=1"><img src="https://m.media-amazon.com/images/I/51oBE3IVUkL._SL500_.jpg" alt="Product Image"></a><p>PreserVision AREDS 2 Eye Vitamin & Mineral Supplement, Contains Lutein, Vitamin C, Zeaxanthin, Zinc & Vitamin E, 120 Softgels (Packaging May Vary)</p><p> -12% 0FF </p><p>$35.99 ($0.30 / Count)</p><a href="https://www.amazon.com/dp/B00DJUK8HS?tag=eloabder-20&linkCode=osi&th=1&psc=1">View Product</a></div><div class="product"><a href="https://www.amazon.com/dp/B00DJUK8IM?tag=eloabder-20&linkCode=osi&th=1&psc=1"><img src="https://m.media-amazon.com/images/I/51LPoH2nRnL._SL500_.jpg" alt="Product Image"></a><p>Ocuvite Eye Vitamin & Mineral Supplement, Contains Zinc, Vitamins C, E, Omega 3, Lutein, & Zeaxanthin, 90 Softgels (Packaging May Vary)</p><p> -19% 0FF </p><p>$23.47 ($0.26 / Count)</p><a href="https://www.amazon.com/dp/B00DJUK8IM?tag=eloabder-20&linkCode=osi&th=1&psc=1">View Product</a></div><div class="product"><a href="https://www.amazon.com/dp/B00JJPMXDO?tag=eloabder-20&linkCode=osi&th=1&psc=1"><img src="https://m.media-amazon.com/images/I/41xUbY21ojL._SL500_.jpg" alt="Product Image"></a><p>CeraVe Eye Repair Cream | Under Eye Cream For Puffiness And Bags Under Eyes | Hyaluronic Acid + Niacinamide + Marine Botanical Complex | Hydrating Eye Cream | Oil Free & Opthalmologist Tested</p><p> -28% 0FF </p><p>$14.44 ($28.88 / Ounce)</p><a href="https://www.amazon.com/dp/B00JJPMXDO?tag=eloabder-20&linkCode=osi&th=1&psc=1">View Product</a></div><div class="product"><a href="https://www.amazon.com/dp/B00008BRR8?tag=eloabder-20&linkCode=osi&th=1&psc=1"><img src="https://m.media-amazon.com/images/I/41RscSZokiL._SL500_.jpg" alt="Product Image"></a><p>Refresh Tears, Lubricant Eye Drops, 2 Bottles .5 fl oz (15 ml)</p><p> -7% 0FF </p><p>$14.68</p><a href="https://www.amazon.com/dp/B00008BRR8?tag=eloabder-20&linkCode=osi&th=1&psc=1">View Product</a></div><div class="product"><a href="https://www.amazon.com/dp/B0B45LL4DD?tag=eloabder-20&linkCode=osi&th=1&psc=1"><img src="https://m.media-amazon.com/images/I/31ZNIWikbtL._SL500_.jpg" alt="Product Image"></a><p>Beauty of Joseon Revive Eye Serum with Retinal Niacinamide Correction for Puffy Eye Bags Fine Lines Dark Circles Wrinkles, Korean Skin Care 30ml, 1 fl.oz</p><p> -12% 0FF </p><p>$14.50 ($14.50 / Fl Oz)</p><a href="https://www.amazon.com/dp/B0B45LL4DD?tag=eloabder-20&linkCode=osi&th=1&psc=1">View Product</a></div><div class="product"><a href="https://www.amazon.com/dp/B07BVYZL88?tag=eloabder-20&linkCode=osi&th=1&psc=1"><img src="https://m.media-amazon.com/images/I/41Nyltw77SL._SL500_.jpg" alt="Product Image"></a><p>LUMIFY Redness Reliever Eye Drops 0.25 Ounce (7.5mL)</p><p> -9% 0FF </p><p>$19.99 ($79.01 / Fl Oz)</p><a href="https://www.amazon.com/dp/B07BVYZL88?tag=eloabder-20&linkCode=osi&th=1&psc=1">View Product</a></div>
<div class="product"><a href="https://www.amazon.com/dp/B072N7WNTK?tag=eloabder-20&linkCode=osi&th=1&psc=1"><img src="https://m.media-amazon.com/images/I/4109e6u0vfL._SL500_.jpg" alt="Product Image"></a><p>Renu Contact Lens Solution Multipurpose Disinfectant, Advanced Formula Lens Cleaner, Cleans & Moisturizes Soft & Silicon Hydrogel Lenses, 12 Fl Oz</p><p> -5% 0FF </p><p>$8.58 ($0.72 / Fl Oz)</p><a href="https://www.amazon.com/dp/B072N7WNTK?tag=eloabder-20&linkCode=osi&th=1&psc=1">View Product</a></div><div class="product"><a href="https://www.amazon.com/dp/B010GD3NUY?tag=eloabder-20&linkCode=osi&th=1&psc=1"><img src="https://m.media-amazon.com/images/I/51J4K0ac2IL._SL500_.jpg" alt="Product Image"></a><p>Clear Care Plus Cleaning Solution with Lens Case, Twin Pack, Multi, 12 Oz, Pack of 2</p><p> -18% 0FF </p><p>$17.98 ($0.75 / Fl Oz)</p><a href="https://www.amazon.com/dp/B010GD3NUY?tag=eloabder-20&linkCode=osi&th=1&psc=1">View Product</a></div>
<div class="product"><a href="https://www.amazon.com/dp/B09XW9LBLF?tag=eloabder-20&linkCode=osi&th=1&psc=1"><img src="https://m.media-amazon.com/images/I/51n47pJYTJL._SL500_.jpg" alt="Product Image"></a><p>Arm & Hammer Simply Saline Daily Care Nasal Mist 4.4oz, Saline Nasal Spray, Drug-Free, 3-Pack</p><p> -28% 0FF </p><p>$13.67 ($1.04 / Ounce)</p><a href="https://www.amazon.com/dp/B09XW9LBLF?tag=eloabder-20&linkCode=osi&th=1&psc=1">View Product</a></div><div class="product"><a href="https://www.amazon.com/dp/B073MY31H6?tag=eloabder-20&linkCode=osi&th=1&psc=1"><img src="https://m.media-amazon.com/images/I/51pzJS3WS1L._SL500_.jpg" alt="Product Image"></a><p>Vicks Sinex SEVERE Nasal Spray, Original Ultra Fine Mist, Decongestant Medicine, Relief from Stuffy Nose due to Cold or Allergy, & Nasal Congestion, Sinus Pressure Relief, 265 Sprays x 2</p><p> -14% 0FF </p><p>$14.97</p><a href="https://www.amazon.com/dp/B073MY31H6?tag=eloabder-20&linkCode=osi&th=1&psc=1">View Product</a></div><div class="product"><a href="https://www.amazon.com/dp/B08R2SRN88?tag=eloabder-20&linkCode=osi&th=1&psc=1"><img src="https://m.media-amazon.com/images/I/51psI6ed71L._SL500_.jpg" alt="Product Image"></a><p>KIRKLAND SIGNATURE Aller-Flo Fluticasone Propionate (Glucorticoid) 5 Bottles x 120 Metered Sprays 0.54 Fl OZ per Bottle (15.8 mL x 5) 2.70 OZ Total (79 mL Total) 600 Total Sprays Total, 1-Pack</p><p> -24% 0FF </p><p>$27.35 ($10.13 / Fl Oz)</p><a href="https://www.amazon.com/dp/B08R2SRN88?tag=eloabder-20&linkCode=osi&th=1&psc=1">View Product</a></div><div class="product"><a href="https://www.amazon.com/dp/B000M4W2E6?tag=eloabder-20&linkCode=osi&th=1&psc=1"><img src="https://m.media-amazon.com/images/I/41ThKOpdtsL._SL500_.jpg" alt="Product Image"></a><p>Xlear Nasal Spray with Xylitol, 1.5 fl oz (Pack of 1)</p><p> -6% 0FF </p><p>$11.79 ($7.86 / Fl Oz)</p><a href="https://www.amazon.com/dp/B000M4W2E6?tag=eloabder-20&linkCode=osi&th=1&psc=1">View Product</a></div><div class="product"><a href="https://www.amazon.com/dp/B07PDJ138X?tag=eloabder-20&linkCode=osi&th=1&psc=1"><img src="https://m.media-amazon.com/images/I/51ZjUYn3qjL._SL500_.jpg" alt="Product Image"></a><p>FamilyCare Nasal Relief Spray, Pump Mist, Anti-drip, Severe Congestion, (Oxymetazoline HCI) 12 Hours, 3 Pack</p><p> -39% 0FF </p><p>$7.34 ($4.89 / Fl Oz)</p><a href="https://www.amazon.com/dp/B07PDJ138X?tag=eloabder-20&linkCode=osi&th=1&psc=1">View Product</a></div>
<div class="product"><a href="https://www.amazon.com/dp/B013IJPTFK?tag=eloabder-20&linkCode=osi&th=1&psc=1"><img src="https://m.media-amazon.com/images/I/41xvjpmyhUL._SL500_.jpg" alt="Product Image"></a><p>Pure Enrichment MistAire Ultrasonic Cool Mist Humidifier - Quiet Air Humidifier for Bedroom, Nursery, Office, & Indoor Plants - Lasts Up To 25 Hours</p><p> -20% 0FF </p><p>$39.99</p><a href="https://www.amazon.com/dp/B013IJPTFK?tag=eloabder-20&linkCode=osi&th=1&psc=1">View Product</a></div><div class="product"><a href="https://www.amazon.com/dp/B00F8MJXMG?tag=eloabder-20&linkCode=osi&th=1&psc=1"><img src="https://m.media-amazon.com/images/I/31JYco8Dz4L._SL500_.jpg" alt="Product Image"></a><p>Vicks Filter-Free Ultrasonic Humidifier. #1 Brand Recommended by Pediatricians*. 1.2 Gal Ultrasonic cool mist humidifier for medium to large Bedrooms, Kids Rooms, and More. Use with Vicks VapoPads.</p><p> -13% 0FF </p><p>$56.45</p><a href="https://www.amazon.com/dp/B00F8MJXMG?tag=eloabder-20&linkCode=osi&th=1&psc=1">View Product</a></div><div class="product"><a href="https://www.amazon.com/dp/B01MR4Y0CZ?tag=eloabder-20&linkCode=osi&th=1&psc=1"><img src="https://m.media-amazon.com/images/I/31FL7raWviL._SL500_.jpg" alt="Product Image"></a><p>ASAKUKI 500ml Premium, Essential Oil Diffuser with Remote Control, 5 in 1 Ultrasonic Aromatherapy Fragrant Oil Humidifier Vaporizer, Timer and Auto-Off Safety Switch Brown</p><p> -41% 0FF </p><p>$21.23</p><a href="https://www.amazon.com/dp/B01MR4Y0CZ?tag=eloabder-20&linkCode=osi&th=1&psc=1">View Product</a></div><div class="product"><a href="https://www.amazon.com/dp/B001FWXKTA?tag=eloabder-20&linkCode=osi&th=1&psc=1"><img src="https://m.media-amazon.com/images/I/31Rb8V-nAVL._SL500_.jpg" alt="Product Image"></a><p>Vicks Warm Mist Humidifier Small to Large Room for Baby, Kids and Adults, 1 Gallon Tank</p><p> -5% 0FF </p><p>$40.99</p><a href="https://www.amazon.com/dp/B001FWXKTA?tag=eloabder-20&linkCode=osi&th=1&psc=1">View Product</a></div><div class="product"><a href="https://www.amazon.com/dp/B07C683MBH?tag=eloabder-20&linkCode=osi&th=1&psc=1"><img src="https://m.media-amazon.com/images/I/31PvUTEoMCL._SL500_.jpg" alt="Product Image"></a><p>HealthSmart Essential Oil Diffuser, Cool Mist Humidifier and Aromatherapy Diffuser, FSA HSA Eligible with 500ML Tank for Large Rooms, Adjustable Timer, Mist Mode and 7 LED Light Colors, White</p><p> -47% 0FF </p><p>$25.49</p><a href="https://www.amazon.com/dp/B07C683MBH?tag=eloabder-20&linkCode=osi&th=1&psc=1">View Product</a></div><div class="product"><a href="https://www.amazon.com/dp/B01NBHQDNI?tag=eloabder-20&linkCode=osi&th=1&psc=1"><img src="https://m.media-amazon.com/images/I/41NnU7iAezL._SL500_.jpg" alt="Product Image"></a><p>Crane EE-5202 Inhaler & Warm Mist Humidifier, 0.5 Gallon, Blue & White</p><p> -24% 0FF </p><p>$45.49</p><a href="https://www.amazon.com/dp/B01NBHQDNI?tag=eloabder-20&linkCode=osi&th=1&psc=1">View Product</a></div><div class="product"><a href="https://www.amazon.com/dp/B073WJ5M1B?tag=eloabder-20&linkCode=osi&th=1&psc=1"><img src="https://m.media-amazon.com/images/I/41mWTAIAAiL._SL500_.jpg" alt="Product Image"></a><p>Pure Enrichment MistAire Silver Ultrasonic Cool Mist Humidifier for Bedroom, Office, Nursery & Indoor Plants - Lasts Up to 25 Hours, Whisper-Quiet Operation, Optional Night Light, & Auto Shut-Off</p><p> -20% 0FF </p><p>$39.99</p><a href="https://www.amazon.com/dp/B073WJ5M1B?tag=eloabder-20&linkCode=osi&th=1&psc=1">View Product</a></div>
<div class="product"><a href="https://www.amazon.com/dp/B086W2L7LZ?tag=eloabder-20&linkCode=osi&th=1&psc=1"><img src="https://m.media-amazon.com/images/I/41wQEdZ+aNL._SL500_.jpg" alt="Product Image"></a><p>MERIDIAN Body Hair Trimmer for Men, Bikini Trimmer for Women, Ball Trimmer Men, Pubic Hair, No Nick, No Cut, No Razor Burn, Groin and Body Shaver - Waterproof & Rechargeable Body Groomer - Sage</p><p> -33% 0FF </p><p>$49.99 ($49.99 / Count)</p><a href="https://www.amazon.com/dp/B086W2L7LZ?tag=eloabder-20&linkCode=osi&th=1&psc=1">View Product</a></div><div class="product"><a href="https://www.amazon.com/dp/B09QDRJ8ZX?tag=eloabder-20&linkCode=osi&th=1&psc=1"><img src="https://m.media-amazon.com/images/I/41jcrP+03XL._SL500_.jpg" alt="Product Image"></a><p>Finishing Touch Flawless Bikini Shaver and Trimmer Hair Remover for Women, Dry Use Electric Razor, Personal Groomer for Intimate Ladies Shaving, No Bump, Smooth Shave</p><p> -16% 0FF </p><p>$16.82</p><a href="https://www.amazon.com/dp/B09QDRJ8ZX?tag=eloabder-20&linkCode=osi&th=1&psc=1">View Product</a></div><div class="product"><a href="https://www.amazon.com/dp/B07HXK5J58?tag=eloabder-20&linkCode=osi&th=1&psc=1"><img src="https://m.media-amazon.com/images/I/31S-GgYdFYL._SL500_.jpg" alt="Product Image"></a><p>Wahl Lithium Pen Detail Trimmer with Interchangeable Heads for Nose, Ear, Neckline, Eyebrow, & Other Detailing – Rinseable Blades for Hygienic Grooming & Easy Cleaning – Blue – Model 5643-400</p><p> -13% 0FF </p><p>$13.04</p><a href="https://www.amazon.com/dp/B07HXK5J58?tag=eloabder-20&linkCode=osi&th=1&psc=1">View Product</a></div>
<div class="product"><a href="https://www.amazon.com/dp/B00006IVEN?tag=eloabder-20&linkCode=osi&th=1&psc=1"><img src="https://m.media-amazon.com/images/I/51xyn7u5V1L._SL500_.jpg" alt="Product Image"></a><p>Wahl Clipper USA Color Pro Complete Haircutting Kit with Easy Color Coded Guide Combs - Corded Clipper for Hair clipping & Grooming Men, Women, & Children - Model 79300-1001M</p><p> -25% 0FF </p><p>$29.99</p><a href="https://www.amazon.com/dp/B00006IVEN?tag=eloabder-20&linkCode=osi&th=1&psc=1">View Product</a></div><div class="product"><a href="https://www.amazon.com/dp/B0CRSZ9F1Y?tag=eloabder-20&linkCode=osi&th=1&psc=1"><img src="https://m.media-amazon.com/images/I/412g4VU8wDL._SL500_.jpg" alt="Product Image"></a><p>Ufree Hair Clippers for Men, Professional Clippers and Trimmers Set, Cordless Clippers for Hair Cutting, Beard Trimmer, Barber Clippers, Rechargeable Electric Shaver, Gifts for Men</p><p> -17% 0FF </p><p>$29.99</p><a href="https://www.amazon.com/dp/B0CRSZ9F1Y?tag=eloabder-20&linkCode=osi&th=1&psc=1">View Product</a></div><div class="product"><a href="https://www.amazon.com/dp/B0D1C9D1RC?tag=eloabder-20&linkCode=osi&th=1&psc=1"><img src="https://m.media-amazon.com/images/I/51seCL0pKkL._SL500_.jpg" alt="Product Image"></a><p>Jack & Rose Cordless Hair Clippers, Mens Hair Clippers, Wireless Clippers for Men, Barber kit Professional Clippers for Men</p><p> -40% 0FF </p><p>$29.99</p><a href="https://www.amazon.com/dp/B0D1C9D1RC?tag=eloabder-20&linkCode=osi&th=1&psc=1">View Product</a></div><div class="product"><a href="https://www.amazon.com/dp/B0D45VM3V8?tag=eloabder-20&linkCode=osi&th=1&psc=1"><img src="https://m.media-amazon.com/images/I/51QKYshKrXL._SL500_.jpg" alt="Product Image"></a><p>VGRPRO Hair Clippers for Men, Professional Cordless Hair Clippers and Trimmer Set, 4 in 1 Mens Beard Trimmer and Nose Ear Trimmer with Package Box</p><p> -29% 0FF </p><p>$49.99</p><a href="https://www.amazon.com/dp/B0D45VM3V8?tag=eloabder-20&linkCode=osi&th=1&psc=1">View Product</a></div>
<div class="product"><a href="https://www.amazon.com/dp/B0CZ4D2BXK?tag=eloabder-20&linkCode=osi&th=1&psc=1"><img src="https://m.media-amazon.com/images/I/61K04euiQlL._SL500_.jpg" alt="Product Image"></a><p>Electric Razor for Men, SHPAVVER Electric Shaver for Men, Rechargeable Wet Dry Shaver with Pop Up Trimmer, Waterproof Cordless Portable Razor</p><p> -15% 0FF </p><p>$21.24 ($21.24 / Count)</p><a href="https://www.amazon.com/dp/B0CZ4D2BXK?tag=eloabder-20&linkCode=osi&th=1&psc=1">View Product</a></div><div class="product"><a href="https://www.amazon.com/dp/B0115I2DRI?tag=eloabder-20&linkCode=osi&th=1&psc=1"><img src="https://m.media-amazon.com/images/I/51teVsMVjiL._SL500_.jpg" alt="Product Image"></a><p>Braun Electric Series 3 Razor with Precision Trimmer, Rechargeable, Wet & Dry Foil Shaver for Men, Blue/Black, 4 Piece</p><p> -25% 0FF </p><p>$59.99</p><a href="https://www.amazon.com/dp/B0115I2DRI?tag=eloabder-20&linkCode=osi&th=1&psc=1">View Product</a></div><div class="product"><a href="https://www.amazon.com/dp/B01M31O317?tag=eloabder-20&linkCode=osi&th=1&psc=1"><img src="https://m.media-amazon.com/images/I/41OAg4SbATL._SL500_.jpg" alt="Product Image"></a><p>Braun Electric Razor for Men, Series 3 310s Electric Foil Shaver, Rechargeable, Wet & Dry</p><p> -27% 0FF </p><p>$39.94</p><a href="https://www.amazon.com/dp/B01M31O317?tag=eloabder-20&linkCode=osi&th=1&psc=1">View Product</a></div><div class="product"><a href="https://www.amazon.com/dp/B00BB5YHEI?tag=eloabder-20&linkCode=osi&th=1&psc=1"><img src="https://m.media-amazon.com/images/I/4119p-23FFL._SL500_.jpg" alt="Product Image"></a><p>Remington Foil Shaver, Electric Razor for Men, Cordless Rechargeable with Pop Up Trimmer, Pivot & FlexFoil Technology, Lightweight Handheld Design, Black</p><p> -25% 0FF </p><p>$44.97</p><a href="https://www.amazon.com/dp/B00BB5YHEI?tag=eloabder-20&linkCode=osi&th=1&psc=1">View Product</a></div><div class="product"><a href="https://www.amazon.com/dp/B0CRMR45S2?tag=eloabder-20&linkCode=osi&th=1&psc=1"><img src="https://m.media-amazon.com/images/I/41onMcdpgCL._SL500_.jpg" alt="Product Image"></a><p>Braun Electric Shaver for Men, Series 5 5150cs, Wet & Dry Shave, Turbo Shaving Mode, Foil Shaver, with Beard Trimmer, Body Groomer and Charging Stand, Blue</p><p> -10% 0FF </p><p>$89.94</p><a href="https://www.amazon.com/dp/B0CRMR45S2?tag=eloabder-20&linkCode=osi&th=1&psc=1">View Product</a></div>
<div class="product"><a href="https://www.amazon.com/dp/B00LE99PA2?tag=eloabder-20&linkCode=osi&th=1&psc=1"><img src="https://m.media-amazon.com/images/I/518ViTgYdGL._SL500_.jpg" alt="Product Image"></a><p>Amopé Pedi Perfect Electric Callus Remover Foot File w/ Diamond Crystals, Pedicure Tool for Feet, Removes Hard & Dead Skin, Feet Scrubber & Buffer, Splashproof, w/ Extra Coarse Roller Head, 1 Count</p><p> -32% 0FF </p><p>$20.49</p><a href="https://www.amazon.com/dp/B00LE99PA2?tag=eloabder-20&linkCode=osi&th=1&psc=1">View Product</a></div><div class="product"><a href="https://www.amazon.com/dp/B07HRYCWQZ?tag=eloabder-20&linkCode=osi&th=1&psc=1"><img src="https://m.media-amazon.com/images/I/41foQatg2ZL._SL500_.jpg" alt="Product Image"></a><p>Extra Strength Callus Remover for Feet - Callus Remover Gel Foot Scrubber for Dead Skin - Professional Pedicure Foot Spa Essential, 6oz</p><p> -40% 0FF </p><p>$8.95</p><a href="https://www.amazon.com/dp/B07HRYCWQZ?tag=eloabder-20&linkCode=osi&th=1&psc=1">View Product</a></div><div class="product"><a href="https://www.amazon.com/dp/B01NCMJPOQ?tag=eloabder-20&linkCode=osi&th=1&psc=1"><img src="https://m.media-amazon.com/images/I/31lxdO7tvoL._SL500_.jpg" alt="Product Image"></a><p>Lee Beauty Professional Callus Remover for Feet - Original, Powerful Formulation - Extra Strength Gel, Home Pedicure Foot Spa Results - Cracked & Dead Dry Skin Supplies - 8 Oz</p><p> -21% 0FF </p><p>$14.99 ($1.87 / Ounce)</p><a href="https://www.amazon.com/dp/B01NCMJPOQ?tag=eloabder-20&linkCode=osi&th=1&psc=1">View Product</a></div>
<div class="product"><a href="https://www.amazon.com/dp/B0B3GCCRVH?tag=eloabder-20&linkCode=osi&th=1&psc=1"><img src="https://m.media-amazon.com/images/I/41EdCdrw-AL._SL500_.jpg" alt="Product Image"></a><p>CeraVe Skin Renewing Eye Cream For Wrinkles | Under Eye Cream With Peptides + Caffeine + Niacinamide | Anti Aging Eye Cream For Wrinkles & Crows Feet | Paraben Free & Opthalmologist Tested</p><p> -16% 0FF </p><p>$18.49 ($36.98 / Ounce)</p><a href="https://www.amazon.com/dp/B0B3GCCRVH?tag=eloabder-20&linkCode=osi&th=1&psc=1">View Product</a></div><div class="product"><a href="https://www.amazon.com/dp/B0009RFB76?tag=eloabder-20&linkCode=osi&th=1&psc=1"><img src="https://m.media-amazon.com/images/I/31tA7bKP49L._SL500_.jpg" alt="Product Image"></a><p>RoC Retinol Correxion Under Eye Cream for Dark Circles & Puffiness, Daily Wrinkle Cream, Anti Aging Line Smoothing Skin Care Treatment for Women and Men, 0.5 oz (Packaging May Vary)</p><p> -37% 0FF </p><p>$18.76 ($37.52 / Fl Oz)</p><a href="https://www.amazon.com/dp/B0009RFB76?tag=eloabder-20&linkCode=osi&th=1&psc=1">View Product</a></div><div class="product"><a href="https://www.amazon.com/dp/B00005333I?tag=eloabder-20&linkCode=osi&th=1&psc=1"><img src="https://m.media-amazon.com/images/I/31webfO63dL._SL500_.jpg" alt="Product Image"></a><p>L'Oreal Paris Dermo-Expertise Eye Defense Eye Cream with Caffeine and Hyaluronic Acid 0.5 oz</p><p> -23% 0FF </p><p>$12.27 ($24.54 / Ounce)</p><a href="https://www.amazon.com/dp/B00005333I?tag=eloabder-20&linkCode=osi&th=1&psc=1">View Product</a></div><div class="product"><a href="https://www.amazon.com/dp/B000KOLXKM?tag=eloabder-20&linkCode=osi&th=1&psc=1"><img src="https://m.media-amazon.com/images/I/31AyRPc8dQL._SL500_.jpg" alt="Product Image"></a><p>L'Oreal Paris Skincare Revitalift Anti-Wrinkle and Firming Eye Cream with Pro Retinol, Treatment to Reduce Dark Circles, Fragrance Free, 0.5 oz.</p><p> -31% 0FF </p><p>$13.72 ($27.44 / Ounce)</p><a href="https://www.amazon.com/dp/B000KOLXKM?tag=eloabder-20&linkCode=osi&th=1&psc=1">View Product</a></div><div class="product"><a href="https://www.amazon.com/dp/B008CT12G2?tag=eloabder-20&linkCode=osi&th=1&psc=1"><img src="https://m.media-amazon.com/images/I/418TuUptrmL._SL500_.jpg" alt="Product Image"></a><p>L'Oreal Paris Revitalift Triple Power Anti-Aging Eye Cream Treatment, with Pro Retinol, Hyaluronic Acid & Vitamin C to Reduce Wrinkles, De-puff and Brighten Skin, 0.5 fl. oz.</p><p> -38% 0FF </p><p>$18.03 ($36.06 / Fl Oz)</p><a href="https://www.amazon.com/dp/B008CT12G2?tag=eloabder-20&linkCode=osi&th=1&psc=1">View Product</a></div>


<div class="product"><a href="https://www.amazon.com/dp/B06ZZ3PJQD?tag=eloabder-20&linkCode=osi&th=1&psc=1"><img src="https://m.media-amazon.com/images/I/41iB36grf+L._SL500_.jpg" alt="Product Image"></a><p>Premier Protein Powder, Vanilla Milkshake, 30g Protein, 1g Sugar, 100% Whey Protein, Keto Friendly, No Soy Ingredients, Gluten Free, 17 Servings, 23.3 Ounces</p><p> -5% 0FF </p><p>$22.69 ($0.97 / Ounce)</p><a href="https://www.amazon.com/dp/B06ZZ3PJQD?tag=eloabder-20&linkCode=osi&th=1&psc=1">View Product</a></div><div class="product"><a href="https://www.amazon.com/dp/B00K0FTJ1Q?tag=eloabder-20&linkCode=osi&th=1&psc=1"><img src="https://m.media-amazon.com/images/I/41lj-2jQP7L._SL500_.jpg" alt="Product Image"></a><p>Purely Inspired Plant-Based Protein Powder for Men & Women, Creamy French Vanilla (16 Servings) - Vegan & Organic - 20g of Pea Protein Powder for Smoothies & Shakes - Dairy-Free, & Gluten-Free</p><p> -10% 0FF </p><p>$17.97 ($0.90 / Ounce)</p><a href="https://www.amazon.com/dp/B00K0FTJ1Q?tag=eloabder-20&linkCode=osi&th=1&psc=1">View Product</a></div>

<div class="product"><a href="https://www.amazon.com/dp/B0CV9JW4DS?tag=eloabder-20&linkCode=osi&th=1&psc=1"><img src="https://m.media-amazon.com/images/I/51L8z3xzNsL._SL500_.jpg" alt="Product Image"></a><p>Zoyava Dynamic Vitality Bundle - Sea Moss 7000mg, Black Seed Oil 4000mg, Ashwagandha 2000mg, Ginger & Shilajit 9000mg, Rhodiola Rosea 1000mg, Panax Ginseng 1500mg, All in 1 Supplements (60 Count)</p><p> -26% 0FF </p><p>$41.49 ($0.35 / Count)</p><a href="https://www.amazon.com/dp/B0CV9JW4DS?tag=eloabder-20&linkCode=osi&th=1&psc=1">View Product</a></div><div class="product"><a href="https://www.amazon.com/dp/B0BHFCW4C5?tag=eloabder-20&linkCode=osi&th=1&psc=1"><img src="https://m.media-amazon.com/images/I/41fohn0IzqL._SL500_.jpg" alt="Product Image"></a><p>Clean Nutraceuticals Ceylon Cinnamon 3000mg Turmeric 3000mg Apple Cider Vinegar 3000mg Ginseng 2000mg Berberine 1200mg Plus Bitter Melon Gymnema Milk Thistle Fenugreek</p><p> -25% 0FF </p><p>$29.95 ($0.50 / Count)</p><a href="https://www.amazon.com/dp/B0BHFCW4C5?tag=eloabder-20&linkCode=osi&th=1&psc=1">View Product</a></div><div class="product"><a href="https://www.amazon.com/dp/B079JX3FMC?tag=eloabder-20&linkCode=osi&th=1&psc=1"><img src="https://m.media-amazon.com/images/I/41a2YMmAOdL._SL500_.jpg" alt="Product Image"></a><p>Bronson Milk Thistle Silymarin Marianum & Dandelion Root Liver Health Support, Antioxidant Support, Detox, 120 Capsules</p><p> -33% 0FF </p><p>$9.99 ($0.08 / Count)</p><a href="https://www.amazon.com/dp/B079JX3FMC?tag=eloabder-20&linkCode=osi&th=1&psc=1">View Product</a></div><div class="product"><a href="https://www.amazon.com/dp/B01NCUJPBF?tag=eloabder-20&linkCode=osi&th=1&psc=1"><img src="https://m.media-amazon.com/images/I/418t59tc2oL._SL500_.jpg" alt="Product Image"></a><p>Liver Cleanse Detox & Repair Formula - Herbal Liver Support Supplement with Milk Thistle Turmeric Dandelion Root & Artichoke Extract for Liver Health - Silymarin Milk Thistle Liver Detox Capsules</p><p> -9% 0FF </p><p>$22.77 ($0.33 / Count)</p><a href="https://www.amazon.com/dp/B01NCUJPBF?tag=eloabder-20&linkCode=osi&th=1&psc=1">View Product</a></div><div class="product"><a href="https://www.amazon.com/dp/B09ZBC7DNT?tag=eloabder-20&linkCode=osi&th=1&psc=1"><img src="https://m.media-amazon.com/images/I/51X7ID-lCkL._SL500_.jpg" alt="Product Image"></a><p>10 in 1 High Strength Mushroom Supplement 9,700MG - Lions Mane, Cordyceps, Reishi - Brain Supplements for Memory and Focus ** 5-Month Supply</p><p> -15% 0FF </p><p>$16.99 ($0.11 / Count)</p><a href="https://www.amazon.com/dp/B09ZBC7DNT?tag=eloabder-20&linkCode=osi&th=1&psc=1">View Product</a></div>




<div class="product"><a href="https://www.amazon.com/dp/B09RQBHRCT?tag=eloabder-20&linkCode=osi&th=1&psc=1"><img src="https://m.media-amazon.com/images/I/41Cf0KUSNaL._SL500_.jpg" alt="Product Image"></a><p>Vital Proteins Collagen Peptides Powder, Promotes Hair, Nail, Skin, Bone and Joint Health, Zero Sugar, Unflavored 9.33 OZ</p><p> -21% 0FF </p><p>$21.45 ($2.30 / Ounce)</p><a href="https://www.amazon.com/dp/B09RQBHRCT?tag=eloabder-20&linkCode=osi&th=1&psc=1">View Product</a></div><div class="product"><a href="https://www.amazon.com/dp/B006VAZYNG?tag=eloabder-20&linkCode=osi&th=1&psc=1"><img src="https://m.media-amazon.com/images/I/41Zc2u0aSPL._SL500_.jpg" alt="Product Image"></a><p>Youtheory Advanced Collagen - 6,000 mg Collagen - with Vitamin C - for Hair, Skin & Nails* - Collagen Supplements for Women and Men - 290 Tablets</p><p> -27% 0FF </p><p>$16.71 ($0.06 / Count)</p><a href="https://www.amazon.com/dp/B006VAZYNG?tag=eloabder-20&linkCode=osi&th=1&psc=1">View Product</a></div><div class="product"><a href="https://www.amazon.com/dp/B01LXADO9Z?tag=eloabder-20&linkCode=osi&th=1&psc=1"><img src="https://m.media-amazon.com/images/I/41hb9KFlioL._SL500_.jpg" alt="Product Image"></a><p>Ancient Nutrition Collagen Powder Protein with Probiotics, Unflavored Multi Collagen Protein with Vitamin C, 45 Servings, Hydrolyzed Collagen Peptides Supports Skin and Nails, Gut Health, 16oz</p><p> -32% 0FF </p><p>$36.00 ($2.25 / Ounce)</p><a href="https://www.amazon.com/dp/B01LXADO9Z?tag=eloabder-20&linkCode=osi&th=1&psc=1">View Product</a></div><div class="product"><a href="https://www.amazon.com/dp/B08FNKSPD2?tag=eloabder-20&linkCode=osi&th=1&psc=1"><img src="https://m.media-amazon.com/images/I/41IT1q7jWKL._SL500_.jpg" alt="Product Image"></a><p>Nature Made Collagen Gummies with Vitamin C, Zinc and Biotin, Hydrolyzed Collagen Peptides Supplement for Healthy Skin Support, 60 Gummies, 60 Day Supply</p><p> -31% 0FF </p><p>$10.99 ($0.18 / Count)</p><a href="https://www.amazon.com/dp/B08FNKSPD2?tag=eloabder-20&linkCode=osi&th=1&psc=1">View Product</a></div>
<div class="product"><a href="https://www.amazon.com/dp/B07JMHNP9F?tag=eloabder-20&linkCode=osi&th=1&psc=1"><img src="https://m.media-amazon.com/images/I/51LdUja0NTL._SL500_.jpg" alt="Product Image"></a><p>Prebiotics for Advanced Gut Health - Immune System Support & Dietary Fiber - Fuels Good Bacteria Growth to Promote Digestive Health - Gas & Digestion Support - Probiotics for Men & Women - 60 Capsules</p><p> -29% 0FF </p><p>$19.97 ($0.33 / Count)</p><a href="https://www.amazon.com/dp/B07JMHNP9F?tag=eloabder-20&linkCode=osi&th=1&psc=1">View Product</a></div><div class="product"><a href="https://www.amazon.com/dp/B0BRTJ7BJ1?tag=eloabder-20&linkCode=osi&th=1&psc=1"><img src="https://m.media-amazon.com/images/I/51JFiTJs6ZL._SL500_.jpg" alt="Product Image"></a><p>Physician's CHOICE Prebiotic-Probiotic - Multi-Strain Probiotics & Synergistic Prebiotics -Designed for Digestive Health, Supporting Gut Microbiome - Powerful PrePro for Gut Health - for Women & Men</p><p> -15% 0FF </p><p>$16.97 ($0.57 / Count)</p><a href="https://www.amazon.com/dp/B0BRTJ7BJ1?tag=eloabder-20&linkCode=osi&th=1&psc=1">View Product</a></div><div class="product"><a href="https://www.amazon.com/dp/B07VYMQF6M?tag=eloabder-20&linkCode=osi&th=1&psc=1"><img src="https://m.media-amazon.com/images/I/51Y0hMBp3NL._SL500_.jpg" alt="Product Image"></a><p>Prebiotics and Probiotic with Whole Food Enzymes for Adults Women & Men - Probiotics Lactobacillus Acidophilus - Digestive Health Capsules Shelf Stable Supplement - Non-GMO Gluten & Dairy Free -30ct</p><p> -20% 0FF </p><p>$19.97 ($0.67 / Count)</p><a href="https://www.amazon.com/dp/B07VYMQF6M?tag=eloabder-20&linkCode=osi&th=1&psc=1">View Product</a></div>
<div class="product"><a href="https://www.amazon.com/dp/B00RH5K26I?tag=eloabder-20&linkCode=osi&th=1&psc=1"><img src="https://m.media-amazon.com/images/I/41cP90ySbpL._SL500_.jpg" alt="Product Image"></a><p>Zenwise Health Digestive Enzymes - Probiotic Multi Enzymes with Probiotics and Prebiotics for Digestive Health and Bloating Relief for Women and Men, Daily Enzymes for Gut and Digestion - 180 Count</p><p> -11% 0FF </p><p>$39.97 ($0.22 / Count)</p><a href="https://www.amazon.com/dp/B00RH5K26I?tag=eloabder-20&linkCode=osi&th=1&psc=1">View Product</a></div><div class="product"><a href="https://www.amazon.com/dp/B0009EXOTQ?tag=eloabder-20&linkCode=osi&th=1&psc=1"><img src="https://m.media-amazon.com/images/I/31XrgidcsbL._SL500_.jpg" alt="Product Image"></a><p>Source Naturals Essential Enzymes 500mg Bio-Aligned Multiple Enzyme Supplement Herbal Defense for Digestion, Gas, Constipation & Bloating Relief - Supports Immune System - 240 Capsules</p><p> -9% 0FF </p><p>$19.95 ($0.08 / Count)</p><a href="https://www.amazon.com/dp/B0009EXOTQ?tag=eloabder-20&linkCode=osi&th=1&psc=1">View Product</a></div><div class="product"><a href="https://www.amazon.com/dp/B0012QMAHM?tag=eloabder-20&linkCode=osi&th=1&psc=1"><img src="https://m.media-amazon.com/images/I/41DLWhEdXTL._SL500_.jpg" alt="Product Image"></a><p>Enzymedica Digest Gold + ATPro, Maximum Strength Digestive Enzymes, Helps Digest Large Meals for Instant Bloating Relief, 45 Count</p><p> -18% 0FF </p><p>$24.74 ($0.55 / Count)</p><a href="https://www.amazon.com/dp/B0012QMAHM?tag=eloabder-20&linkCode=osi&th=1&psc=1">View Product</a></div>

<div class="product"><a href="https://www.amazon.com/dp/B0B1VRCJ2Z?tag=eloabder-20&linkCode=osi&th=1&psc=1"><img src="https://m.media-amazon.com/images/I/31rFUBNNRlL._SL500_.jpg" alt="Product Image"></a><p>Health by Habit Energy Supplement (60 Capsules) - Natual Caffeine Blend, Vitamins B & C, Supports Energy Levels, Promotes Mental Alertness and Focus, Vegan, Non-GMO, Sugar Free (1 Pack)</p><p> -12% 0FF </p><p>$7.88 ($0.13 / Count)</p><a href="https://www.amazon.com/dp/B0B1VRCJ2Z?tag=eloabder-20&linkCode=osi&th=1&psc=1">View Product</a></div><div class="product"><a href="https://www.amazon.com/dp/B008PQDCG0?tag=eloabder-20&linkCode=osi&th=1&psc=1"><img src="https://m.media-amazon.com/images/I/51EFLU6zpCL._SL500_.jpg" alt="Product Image"></a><p>Nature Made Super B Energy Complex, Dietary Supplement for Brain Cell Function Support, 60 Softgels, 60 Day Supply</p><p> -35% 0FF </p><p>$9.34 ($0.16 / Count)</p><a href="https://www.amazon.com/dp/B008PQDCG0?tag=eloabder-20&linkCode=osi&th=1&psc=1">View Product</a></div><div class="product"><a href="https://www.amazon.com/dp/B01LXX5Z8Q?tag=eloabder-20&linkCode=osi&th=1&psc=1"><img src="https://m.media-amazon.com/images/I/41SOEB+wJRL._SL500_.jpg" alt="Product Image"></a><p>OLLY Daily Energy Gummy, Caffeine Free, Vitamin B12, CoQ10, Goji Berry, Adult Chewable Supplement, Tropical Flavor - 60 Count</p><p> -8% 0FF </p><p>$12.88 ($0.21 / Count)</p><a href="https://www.amazon.com/dp/B01LXX5Z8Q?tag=eloabder-20&linkCode=osi&th=1&psc=1">View Product</a></div><div class="product"><a href="https://www.amazon.com/dp/B0BV4F17B4?tag=eloabder-20&linkCode=osi&th=1&psc=1"><img src="https://m.media-amazon.com/images/I/41UR52LyNJL._SL500_.jpg" alt="Product Image"></a><p>OLLY Extra Strength Daily Energy Gummy, Caffeine Free, 1000mcg Vitamin B12, CoQ10, Goji Berry, Adult Chewable Supplement, Berry Yuzu Flavor - 60 Count</p><p> -16% 0FF </p><p>$15.88 ($0.26 / Count)</p><a href="https://www.amazon.com/dp/B0BV4F17B4?tag=eloabder-20&linkCode=osi&th=1&psc=1">View Product</a></div><div class="product"><a href="https://www.amazon.com/dp/B013U9NR1G?tag=eloabder-20&linkCode=osi&th=1&psc=1"><img src="https://m.media-amazon.com/images/I/41JPVOnggqL._SL500_.jpg" alt="Product Image"></a><p>GNC Womens Ultra Mega Energy and Metabolism Multivitamin for Women, 90 Count, for Increased Energy, Metablism, and Calorie Burning</p><p> -7% 0FF </p><p>$20.52 ($0.23 / Count)</p><a href="https://www.amazon.com/dp/B013U9NR1G?tag=eloabder-20&linkCode=osi&th=1&psc=1">View Product</a></div><div class="product"><a href="https://www.amazon.com/dp/B00H34BOCE?tag=eloabder-20&linkCode=osi&th=1&psc=1"><img src="https://m.media-amazon.com/images/I/41Ho0oGzx-L._SL500_.jpg" alt="Product Image"></a><p>Nature Made Energy B12 1000 mcg, Dietary Supplement for Energy Metabolism Support, 80 Gummies, 40 Day Supply</p><p> -12% 0FF </p><p>$9.49 ($0.12 / Count)</p><a href="https://www.amazon.com/dp/B00H34BOCE?tag=eloabder-20&linkCode=osi&th=1&psc=1">View Product</a></div><div class="product"><a href="https://www.amazon.com/dp/B003XTV3OC?tag=eloabder-20&linkCode=osi&th=1&psc=1"><img src="https://m.media-amazon.com/images/I/41aGtkADESL._SL500_.jpg" alt="Product Image"></a><p>GNC Mega Men Energy and Metabolism Supplement, 90 Count</p><p> -13% 0FF </p><p>$19.99 ($0.22 / count)</p><a href="https://www.amazon.com/dp/B003XTV3OC?tag=eloabder-20&linkCode=osi&th=1&psc=1">View Product</a></div>
<div class="product"><a href="https://www.amazon.com/dp/B07SSVYMJV?tag=eloabder-20&linkCode=osi&th=1&psc=1"><img src="https://m.media-amazon.com/images/I/41nKoj5uWZL._SL500_.jpg" alt="Product Image"></a><p>Kirkland Signature Triple Action Joint Health, UC•ll Undenatured Type II Collagen, Boron, Hyaluronic Acid,with Boron,110 Coated Tablets(Pack of 2)</p><p> -18% 0FF </p><p>$48.99 ($0.22 / Count)</p><a href="https://www.amazon.com/dp/B07SSVYMJV?tag=eloabder-20&linkCode=osi&th=1&psc=1">View Product</a></div><div class="product"><a href="https://www.amazon.com/dp/B07VLJN7C6?tag=eloabder-20&linkCode=osi&th=1&psc=1"><img src="https://m.media-amazon.com/images/I/41+zx9kRxGL._SL500_.jpg" alt="Product Image"></a><p>Move Free Ultra Triple Action Joint Support Supplement - Type II Collagen Boron & Hyaluronic Acid - Supports Joint Comfort, Cartiliage & Bones in 1 Tiny Pill Per Day, 64 Tablets (64 servings)*</p><p> -32% 0FF </p><p>$20.47 ($0.32 / Count)</p><a href="https://www.amazon.com/dp/B07VLJN7C6?tag=eloabder-20&linkCode=osi&th=1&psc=1">View Product</a></div><div class="product"><a href="https://www.amazon.com/dp/B0CZB1RJ8L?tag=eloabder-20&linkCode=osi&th=1&psc=1"><img src="https://m.media-amazon.com/images/I/516O87kHbuL._SL500_.jpg" alt="Product Image"></a><p>Qunol 5-in-1 Joint Support Supplement, Fast Acting, One Pill Dose, Support Healthy Inflammation Response & Discomfort Caused by Overuse of Joints, Alternative to Glucosamine Chondroitin MSM, 60 Count</p><p> -16% 0FF </p><p>$27.80 ($0.46 / Count)</p><a href="https://www.amazon.com/dp/B0CZB1RJ8L?tag=eloabder-20&linkCode=osi&th=1&psc=1">View Product</a></div><div class="product"><a href="https://www.amazon.com/dp/B0082D9QUW?tag=eloabder-20&linkCode=osi&th=1&psc=1"><img src="https://m.media-amazon.com/images/I/413QAFL8wML._SL500_.jpg" alt="Product Image"></a><p>Osteo Bi-Flex One Per Day, Glucosamine Joint Health Supplement with Vitamin D, Coated Tablets, 60 Count</p><p> -44% 0FF </p><p>$19.57 ($0.33 / Count)</p><a href="https://www.amazon.com/dp/B0082D9QUW?tag=eloabder-20&linkCode=osi&th=1&psc=1">View Product</a></div><div class="product"><a href="https://www.amazon.com/dp/B001W2MBSE?tag=eloabder-20&linkCode=osi&th=1&psc=1"><img src="https://m.media-amazon.com/images/I/4144YmkKbfL._SL500_.jpg" alt="Product Image"></a><p>Move Free Advanced Glucosamine Chondroitin MSM Joint Support Supplement, Supports Mobility Comfort Strength Flexibility & Bone - 120 Tablets (40 servings)*</p><p> -35% 0FF </p><p>$19.49 ($0.16 / Count)</p><a href="https://www.amazon.com/dp/B001W2MBSE?tag=eloabder-20&linkCode=osi&th=1&psc=1">View Product</a></div>
<div class="product"><a href="https://www.amazon.com/dp/B08ML6GMY4?tag=eloabder-20&linkCode=osi&th=1&psc=1"><img src="https://m.media-amazon.com/images/I/415l9I+T6aL._SL500_.jpg" alt="Product Image"></a><p>Snap Supplements Heart Health Supplements and Blood Circulation Supplements, 90 Capsules</p><p> -18% 0FF </p><p>$32.95 ($0.37 / Count)</p><a href="https://www.amazon.com/dp/B08ML6GMY4?tag=eloabder-20&linkCode=osi&th=1&psc=1">View Product</a></div><div class="product"><a href="https://www.amazon.com/dp/B00014JOWU?tag=eloabder-20&linkCode=osi&th=1&psc=1"><img src="https://m.media-amazon.com/images/I/41L4KTA5YkL._SL500_.jpg" alt="Product Image"></a><p>Century Systems - Heart Miracle, Nutritional Supplement for Blood Pressure, Cholesterol, and Cardiovascular Support, 32 Ounce Liquid, 16-32 Servings</p><p> -16% 0FF </p><p>$27.74 ($0.87 / Fl Oz)</p><a href="https://www.amazon.com/dp/B00014JOWU?tag=eloabder-20&linkCode=osi&th=1&psc=1">View Product</a></div><div class="product"><a href="https://www.amazon.com/dp/B095WNBLMN?tag=eloabder-20&linkCode=osi&th=1&psc=1"><img src="https://m.media-amazon.com/images/I/41G4HHN2YJL._SL500_.jpg" alt="Product Image"></a><p>Force Factor Total Beets Soft Chews with Beetroot, Nitrates, L-Citrulline, Grapeseed Extract, and Antioxidants, Healthy Energy Supplement with Elite Ingredients, Heart Health Superfood, 60 Chews</p><p> -21% 0FF </p><p>$14.98 ($0.25 / Count)</p><a href="https://www.amazon.com/dp/B095WNBLMN?tag=eloabder-20&linkCode=osi&th=1&psc=1">View Product</a></div>
<div class="product"><a href="https://www.amazon.com/dp/B01MZ6YI2A?tag=eloabder-20&linkCode=osi&th=1&psc=1"><img src="https://m.media-amazon.com/images/I/51cTsNDt7bL._SL500_.jpg" alt="Product Image"></a><p>New Chapter Calcium Supplement - Bone Strength Organic Calcium with Magnesium, Vitamin D3+K2, 70+ Trace Minerals for Bone Health, Gluten Free, Easy to Swallow - 120 Slim Tablets</p><p> -12% 0FF </p><p>$32.56 ($0.27 / Count)</p><a href="https://www.amazon.com/dp/B01MZ6YI2A?tag=eloabder-20&linkCode=osi&th=1&psc=1">View Product</a></div>
<div class="product"><a href="https://www.amazon.com/dp/B072F8HRM1?tag=eloabder-20&linkCode=osi&th=1&psc=1"><img src="https://m.media-amazon.com/images/I/51KS6y-EH7L._SL500_.jpg" alt="Product Image"></a><p>AZO Bladder Control with Go-Less® & Weight Management Dietary Supplement | Helps Reduce Occasional Urgency* | Promotes Healthy Metabolism* | Supports a Good Night’s Sleep* | 48 Capsules</p><p> -8% 0FF </p><p>$20.21 ($0.42 / Count)</p><a href="https://www.amazon.com/dp/B072F8HRM1?tag=eloabder-20&linkCode=osi&th=1&psc=1">View Product</a></div><div class="product"><a href="https://www.amazon.com/dp/B0BWZQLQLP?tag=eloabder-20&linkCode=osi&th=1&psc=1"><img src="https://m.media-amazon.com/images/I/41iuD-eU7lL._SL500_.jpg" alt="Product Image"></a><p>Nature’s Bounty Metabolism Booster Supplement, Boosts Fat Metabolism, Promotes Abdominal Fat Loss, with Citrus Extracts and Black Ginger, 60 Capsules</p><p> -6% 0FF </p><p>$19.06 ($0.32 / Count)</p><a href="https://www.amazon.com/dp/B0BWZQLQLP?tag=eloabder-20&linkCode=osi&th=1&psc=1">View Product</a></div>

<div class="product"><a href="https://www.amazon.com/dp/B08DP57QF5?tag=eloabder-20&linkCode=osi&th=1&psc=1"><img src="https://m.media-amazon.com/images/I/41fG9e3QHeL._SL500_.jpg" alt="Product Image"></a><p>Inno Cleanse - Waist Trimming Complex | Digestive System Support & Aid | Reduced Bloating | Improves Energy Levels | Gluten Free, Vegan Friendly</p><p> -12% 0FF </p><p>$43.99 ($0.73 / Count)</p><a href="https://www.amazon.com/dp/B08DP57QF5?tag=eloabder-20&linkCode=osi&th=1&psc=1">View Product</a></div><div class="product"><a href="https://www.amazon.com/dp/B0015R3L5S?tag=eloabder-20&linkCode=osi&th=1&psc=1"><img src="https://m.media-amazon.com/images/I/51LB3xPDZ+L._SL500_.jpg" alt="Product Image"></a><p>Renew Life Detox Cleanse More, Reduces Bloating and Restores Regularity, Overnight Constipation Relief, Soy, Dairy and gluten-free, 100 Capsules</p><p> -29% 0FF </p><p>$21.23 ($0.21 / Count)</p><a href="https://www.amazon.com/dp/B0015R3L5S?tag=eloabder-20&linkCode=osi&th=1&psc=1">View Product</a></div>

<div class="product"><a href="https://www.amazon.com/dp/B0C6MZV9NT?tag=eloabder-20&linkCode=osi&th=1&psc=1"><img src="https://m.media-amazon.com/images/I/41e-mNhP2zL._SL500_.jpg" alt="Product Image"></a><p>Nature's Bounty Stress Relief, Ashwagandha KSM-66, Supports Occasional Stress Relief, Dietary Supplement, Tablets, 90 Ct</p><p> -34% 0FF </p><p>$13.70 ($0.15 / Count)</p><a href="https://www.amazon.com/dp/B0C6MZV9NT?tag=eloabder-20&linkCode=osi&th=1&psc=1">View Product</a></div><div class="product"><a href="https://www.amazon.com/dp/B08VYWSVVF?tag=eloabder-20&linkCode=osi&th=1&psc=1"><img src="https://m.media-amazon.com/images/I/41Ho+8wPa0L._SL500_.jpg" alt="Product Image"></a><p>Boiron StressCalm for Relief of Stress, Anxiousness, Nervousness, Irritability, and Fatigue - 60 Count</p><p> -29% 0FF </p><p>$8.49 ($0.14 / Count)</p><a href="https://www.amazon.com/dp/B08VYWSVVF?tag=eloabder-20&linkCode=osi&th=1&psc=1">View Product</a></div><div class="product"><a href="https://www.amazon.com/dp/B09SR84773?tag=eloabder-20&linkCode=osi&th=1&psc=1"><img src="https://m.media-amazon.com/images/I/41ZCNv-yCrL._SL500_.jpg" alt="Product Image"></a><p>Nature Made Wellblends Stress Relief Gummies, L theanine 200mg to Help Reduce Stress, with GABA 100mg, Same Day Stress Support, 40 Strawberry Flavor Gummies</p><p> -16% 0FF </p><p>$13.41 ($0.34 / Count)</p><a href="https://www.amazon.com/dp/B09SR84773?tag=eloabder-20&linkCode=osi&th=1&psc=1">View Product</a></div><div class="product"><a href="https://www.amazon.com/dp/B07JDWTDPB?tag=eloabder-20&linkCode=osi&th=1&psc=1"><img src="https://m.media-amazon.com/images/I/41Suhu46BgL._SL500_.jpg" alt="Product Image"></a><p>UpNature Calm Essential Oil Roll On Blend - Self Care Stocking Stuffers for Women - 100% Natural Relaxation Aromatherapy Oil</p><p> -40% 0FF </p><p>$8.98 ($27.21 / Fl Oz)</p><a href="https://www.amazon.com/dp/B07JDWTDPB?tag=eloabder-20&linkCode=osi&th=1&psc=1">View Product</a></div><div class="product"><a href="https://www.amazon.com/dp/B000OC1ETU?tag=eloabder-20&linkCode=osi&th=1&psc=1"><img src="https://m.media-amazon.com/images/I/51tdD9F9O4L._SL500_.jpg" alt="Product Image"></a><p>Bach RESCUE PASTILLES, Orange and Elderflower Flavor, Natural Stress Relief Lozenges, Homeopathic Flower Essence, Vegetarian, Gluten & Sugar-Free, Holiday Stocking Stuffer, 35 Count</p><p> -16% 0FF </p><p>$8.75 ($0.25 / Count)</p><a href="https://www.amazon.com/dp/B000OC1ETU?tag=eloabder-20&linkCode=osi&th=1&psc=1">View Product</a></div><div class="product"><a href="https://www.amazon.com/dp/B00D1441JS?tag=eloabder-20&linkCode=osi&th=1&psc=1"><img src="https://m.media-amazon.com/images/I/31nAummfSJL._SL500_.jpg" alt="Product Image"></a><p>Bath & Body Works Aromatherapy Stress Relief - Eucalyptus-Spearmint Unisex Body Lotion 6.5 oz</p><p> -10% 0FF </p><p>$14.35 ($2.21 / Fl Oz)</p><a href="https://www.amazon.com/dp/B00D1441JS?tag=eloabder-20&linkCode=osi&th=1&psc=1">View Product</a></div><div class="product"><a href="https://www.amazon.com/dp/B0B9DQQKLG?tag=eloabder-20&linkCode=osi&th=1&psc=1"><img src="https://m.media-amazon.com/images/I/515W1OUmOqL._SL500_.jpg" alt="Product Image"></a><p>Boiron StressCalm On The Go for Relief of Stress, Anxiousness, Nervousness, Irritability, and Fatigue, 80 Count (Pack of 2)</p><p> -32% 0FF </p><p>$9.34 ($0.06 / Count)</p><a href="https://www.amazon.com/dp/B0B9DQQKLG?tag=eloabder-20&linkCode=osi&th=1&psc=1">View Product</a></div>
<div class="product"><a href="https://www.amazon.com/dp/B07PBZRDJN?tag=eloabder-20&linkCode=osi&th=1&psc=1"><img src="https://m.media-amazon.com/images/I/51mpObXjYwL._SL500_.jpg" alt="Product Image"></a><p>NEURIVA Plus Brain Supplement for Memory and Focus Clinically Tested Nootropics for Concentration for Mental Clarity, Cognitive Enhancement Vitamins B6, B12, Phosphatidylserine 30 Capsules</p><p> -20% 0FF </p><p>$35.93 ($1.20 / Count)</p><a href="https://www.amazon.com/dp/B07PBZRDJN?tag=eloabder-20&linkCode=osi&th=1&psc=1">View Product</a></div><div class="product"><a href="https://www.amazon.com/dp/B078SJ9F5S?tag=eloabder-20&linkCode=osi&th=1&psc=1"><img src="https://m.media-amazon.com/images/I/41kM5+mO9kL._SL500_.jpg" alt="Product Image"></a><p>Genius Mushroom Supplement - Lions Mane, Cordyceps, Reishi - Brain Nootropic for Energy, Focus, Overall Wellness, & Immune Support, - 90 Veggie Pills</p><p> -9% 0FF </p><p>$21.95 ($0.24 / Count)</p><a href="https://www.amazon.com/dp/B078SJ9F5S?tag=eloabder-20&linkCode=osi&th=1&psc=1">View Product</a></div><div class="product"><a href="https://www.amazon.com/dp/B07H8N5VF6?tag=eloabder-20&linkCode=osi&th=1&psc=1"><img src="https://m.media-amazon.com/images/I/41BPGrNSadL._SL500_.jpg" alt="Product Image"></a><p>OLLY Laser Focus Gummy, Ginseng, Alpha GPC, B Vitamins, Berry Tangerine Flavor - 36 Count</p><p> -8% 0FF </p><p>$12.88 ($0.36 / Count)</p><a href="https://www.amazon.com/dp/B07H8N5VF6?tag=eloabder-20&linkCode=osi&th=1&psc=1">View Product</a></div><div class="product"><a href="https://www.amazon.com/dp/B0BXTN1V7F?tag=eloabder-20&linkCode=osi&th=1&psc=1"><img src="https://m.media-amazon.com/images/I/513JW5FoUhL._SL500_.jpg" alt="Product Image"></a><p>NEURIVA Ultra Decaffeinated Clinically Tested Nootropic Brain Supplement for Mental Alertness, Memory, Focus & Concentration, Cognivive, Neurofactor, Phosphatidylserine, Vitamins B6 B12, 60 Capsules</p><p> -17% 0FF </p><p>$49.99 ($0.83 / Count)</p><a href="https://www.amazon.com/dp/B0BXTN1V7F?tag=eloabder-20&linkCode=osi&th=1&psc=1">View Product</a></div>
<div class="product"><a href="https://www.amazon.com/dp/B09X2CG92L?tag=eloabder-20&linkCode=osi&th=1&psc=1"><img src="https://m.media-amazon.com/images/I/41ebxpgEyDL._SL500_.jpg" alt="Product Image"></a><p>21,800mg Testosterone Booster for Men 8X Strength w. Ashwagandha, Tongkat Ali, Pycnogenol, Tribulus - Total T Male Enhancing Test Libido Booster + Muscle Builder Growth Testosterone Supplement for Men</p><p> -14% 0FF </p><p>$29.95 ($0.33 / Count)</p><a href="https://www.amazon.com/dp/B09X2CG92L?tag=eloabder-20&linkCode=osi&th=1&psc=1">View Product</a></div><div class="product"><a href="https://www.amazon.com/dp/B01FKP3Q7S?tag=eloabder-20&linkCode=osi&th=1&psc=1"><img src="https://m.media-amazon.com/images/I/413pONqgwjL._SL500_.jpg" alt="Product Image"></a><p>OLLY Men's Multivitamin Gummy, Vitamins A, C, D, E, B, Zinc, Blackberry Flavor, 45 Day Supply - 90 Count</p><p> -8% 0FF </p><p>$12.88 ($0.14 / Count)</p><a href="https://www.amazon.com/dp/B01FKP3Q7S?tag=eloabder-20&linkCode=osi&th=1&psc=1">View Product</a></div><div class="product"><a href="https://www.amazon.com/dp/B01KE592JU?tag=eloabder-20&linkCode=osi&th=1&psc=1"><img src="https://m.media-amazon.com/images/I/41H9Ng4ybQL._SL500_.jpg" alt="Product Image"></a><p>Multivitamin for Men - Daily Mens Multivitamins & Multiminerals Supplement for Energy, Focus and Performance. Mens Vitamins A, C, D, E & B12, Zinc, Calcium, Magnesium & More. Multi Vitamin Capsules</p><p> -12% 0FF </p><p>$22.97 ($0.38 / Count)</p><a href="https://www.amazon.com/dp/B01KE592JU?tag=eloabder-20&linkCode=osi&th=1&psc=1">View Product</a></div>
<div class="product"><a href="https://www.amazon.com/dp/B014G4AY1A?tag=eloabder-20&linkCode=osi&th=1&psc=1"><img src="https://m.media-amazon.com/images/I/41Sw6ljhdlL._SL500_.jpg" alt="Product Image"></a><p>OLLY Women's Multivitamin Gummy, Vitamins A, D, C, E, Biotin, Folic Acid, Adult Chewable Vitamin, Berry Flavor, 45 Day Supply - 90 Count (Packaging May Vary)</p><p> -16% 0FF </p><p>$11.78 ($0.13 / Count)</p><a href="https://www.amazon.com/dp/B014G4AY1A?tag=eloabder-20&linkCode=osi&th=1&psc=1">View Product</a></div><div class="product"><a href="https://www.amazon.com/dp/B0BL1MXV78?tag=eloabder-20&linkCode=osi&th=1&psc=1"><img src="https://m.media-amazon.com/images/I/31djY+cfT5L._SL500_.jpg" alt="Product Image"></a><p>Health by Habit Libido Blend (60 Capsules) - Natural Aphrodisiac Blend with Maca, Ashwagandha, Vegan, Non-GMO, Sugar-Free (1 Pack)</p><p> -12% 0FF </p><p>$7.88 ($0.13 / Count)</p><a href="https://www.amazon.com/dp/B0BL1MXV78?tag=eloabder-20&linkCode=osi&th=1&psc=1">View Product</a></div><div class="product"><a href="https://www.amazon.com/dp/B00HSMS5OQ?tag=eloabder-20&linkCode=osi&th=1&psc=1"><img src="https://m.media-amazon.com/images/I/41YPUfP+S+L._SL500_.jpg" alt="Product Image"></a><p>vH essentials Probiotics with Prebiotics and Cranberry Feminine Health Supplement - 60 Capsules</p><p> -7% 0FF </p><p>$8.37 ($0.14 / Count)</p><a href="https://www.amazon.com/dp/B00HSMS5OQ?tag=eloabder-20&linkCode=osi&th=1&psc=1">View Product</a></div><div class="product"><a href="https://www.amazon.com/dp/B092CS29NR?tag=eloabder-20&linkCode=osi&th=1&psc=1"><img src="https://m.media-amazon.com/images/I/41DhZ7w-PGL._SL500_.jpg" alt="Product Image"></a><p>OLLY Happy Hoo-Ha Capsules, Probiotic for Women, Vaginal Health and pH Balance, 10 Billion CFU, Gluten Free - 25 Count</p><p> -16% 0FF </p><p>$16.88 ($0.68 / Count)</p><a href="https://www.amazon.com/dp/B092CS29NR?tag=eloabder-20&linkCode=osi&th=1&psc=1">View Product</a></div><div class="product"><a href="https://www.amazon.com/dp/B004RR1FF6?tag=eloabder-20&linkCode=osi&th=1&psc=1"><img src="https://m.media-amazon.com/images/I/41ql+ZTTDSL._SL500_.jpg" alt="Product Image"></a><p>AZO Cranberry Supplement, Made with Concentrated Whole Fruit Cranberry Powder to Help Cleanse and Protect the Urinary Tract*, Sugar Free Cranberry Pills, Non-GMO, 100 Softgels</p><p> -12% 0FF </p><p>$12.07 ($0.12 / Count)</p><a href="https://www.amazon.com/dp/B004RR1FF6?tag=eloabder-20&linkCode=osi&th=1&psc=1">View Product</a></div><div class="product"><a href="https://www.amazon.com/dp/B095C7H62X?tag=eloabder-20&linkCode=osi&th=1&psc=1"><img src="https://m.media-amazon.com/images/I/31+ycRW6KhL._SL500_.jpg" alt="Product Image"></a><p>Sleep Mask for Side Sleeper, Upgraded 3D Contoured Cup Eye mask Blindfold for Man Women, Block Out Light, Eye mask with Adjustable Strap, Breathable & Soft for Sleeping, Yoga, Traveling (Black)</p><p> -17% 0FF </p><p>$9.97 ($9.97 / Count)</p><a href="https://www.amazon.com/dp/B095C7H62X?tag=eloabder-20&linkCode=osi&th=1&psc=1">View Product</a></div><div class="product"><a href="https://www.amazon.com/dp/B0CJX1HK52?tag=eloabder-20&linkCode=osi&th=1&psc=1"><img src="https://m.media-amazon.com/images/I/41WD9vo6cnL._SL500_.jpg" alt="Product Image"></a><p>Bloom Nutrition Superfood Greens Powder, Digestive Enzymes with Probiotics and Prebiotics, Gut Health, Bloating Relief for Women, Chlorella, Juice Mix w/Beet Root Powder, 30 SVG, Orange Passionfruit</p><p> -13% 0FF </p><p>$34.99 ($4.73 / Ounce)</p><a href="https://www.amazon.com/dp/B0CJX1HK52?tag=eloabder-20&linkCode=osi&th=1&psc=1">View Product</a></div>
<div class="product"><a href="https://www.amazon.com/dp/B0CWS5QP8F?tag=eloabder-20&linkCode=osi&th=1&psc=1"><img src="https://m.media-amazon.com/images/I/51qHqbsqtaL._SL500_.jpg" alt="Product Image"></a><p>MaryRuth's Liquid Multivitamin + Lustriva® Hair Growth | Biotin 10000mcg | Vitamin D | B Vitamins | Clinically Tested for Thicker Hair, Wrinkles, Fine Lines, Skin Care | Ages 18+ | 15 Fl Oz</p><p> -11% 0FF </p><p>$39.95 ($2.62 / Fl Oz)</p><a href="https://www.amazon.com/dp/B0CWS5QP8F?tag=eloabder-20&linkCode=osi&th=1&psc=1">View Product</a></div><div class="product"><a href="https://www.amazon.com/dp/B0CHWYVRVS?tag=eloabder-20&linkCode=osi&th=1&psc=1"><img src="https://m.media-amazon.com/images/I/41fn5OHX3xL._SL500_.jpg" alt="Product Image"></a><p>Nature's Bounty Hair Growth Supplement, 1 Per Day, Clinically Shown to Support Thicker, Fuller Hair, with Biotin, Silicon & Arginine, 90 Capsules</p><p> -20% 0FF </p><p>$48.29 ($0.54 / Count)</p><a href="https://www.amazon.com/dp/B0CHWYVRVS?tag=eloabder-20&linkCode=osi&th=1&psc=1">View Product</a></div><div class="product"><a href="https://www.amazon.com/dp/B0072F8D7S?tag=eloabder-20&linkCode=osi&th=1&psc=1"><img src="https://m.media-amazon.com/images/I/41j4CBYG0SL._SL500_.jpg" alt="Product Image"></a><p>Nature's Bounty Advanced Hair, Skin & Nails, Argan-Infused Vitamin Supplement with Biotin and Hyaluronic Acid, 150 Rapid Release Softgels</p><p> -47% 0FF </p><p>$10.99 ($0.07 / Count)</p><a href="https://www.amazon.com/dp/B0072F8D7S?tag=eloabder-20&linkCode=osi&th=1&psc=1">View Product</a></div><div class="product"><a href="https://www.amazon.com/dp/B0734849YK?tag=eloabder-20&linkCode=osi&th=1&psc=1"><img src="https://m.media-amazon.com/images/I/412jG+0dK1L._SL500_.jpg" alt="Product Image"></a><p>Handcraft Blends Organic Castor Oil - 16 Fl Oz - 100% Pure and Natural - Premium Grade Oil for Hair Growth, Eyelashes and Eyebrows - Carrier Oil - Hair and Body Oil - Expeller-Pressed and Hexane-Free</p><p> -55% 0FF </p><p>$9.98 ($0.62 / Fl Oz)</p><a href="https://www.amazon.com/dp/B0734849YK?tag=eloabder-20&linkCode=osi&th=1&psc=1">View Product</a></div>
<div class="product"><a href="https://www.amazon.com/dp/B01F7W03PM?tag=eloabder-20&linkCode=osi&th=1&psc=1"><img src="https://m.media-amazon.com/images/I/41bu2ppNdZL._SL500_.jpg" alt="Product Image"></a><p>OLLY Glowing Skin Gummy, 25 Day Supply (50 Count), Plump Berry, Hyaluronic Acid, Collagen, Sea Buckthorn, Chewable Supplement (Packaging May Vary)</p><p> -14% 0FF </p><p>$12.88 ($0.26 / Count)</p><a href="https://www.amazon.com/dp/B01F7W03PM?tag=eloabder-20&linkCode=osi&th=1&psc=1">View Product</a></div><div class="product"><a href="https://www.amazon.com/dp/B06ZZ5MGYH?tag=eloabder-20&linkCode=osi&th=1&psc=1"><img src="https://m.media-amazon.com/images/I/41ghRQjvjkL._SL500_.jpg" alt="Product Image"></a><p>OLLY Flawless Complexion Gummy, Clear and Healthy Skin Support, Vitamins E, A, Zinc, Chewable Supplement, Berry - 50 Count (Pack of 1)</p><p> -19% 0FF </p><p>$12.88 ($0.26 / Count)</p><a href="https://www.amazon.com/dp/B06ZZ5MGYH?tag=eloabder-20&linkCode=osi&th=1&psc=1">View Product</a></div><div class="product"><a href="https://www.amazon.com/dp/B07SRVJBSJ?tag=eloabder-20&linkCode=osi&th=1&psc=1"><img src="https://m.media-amazon.com/images/I/415Fg7XSFDL._SL500_.jpg" alt="Product Image"></a><p>Horbäach Hair Skin and Nails Vitamins | 300 Softgels | with Biotin and Collagen | Infused with Argan Oil and Coconut Oil | Non-GMO, Gluten Free Supplement</p><p> -15% 0FF </p><p>$16.99 ($0.06 / Count)</p><a href="https://www.amazon.com/dp/B07SRVJBSJ?tag=eloabder-20&linkCode=osi&th=1&psc=1">View Product</a></div><div class="product"><a href="https://www.amazon.com/dp/B00EEOGIWC?tag=eloabder-20&linkCode=osi&th=1&psc=1"><img src="https://m.media-amazon.com/images/I/41i4AQg9z2L._SL500_.jpg" alt="Product Image"></a><p>Phytoceramides 350mg per softgel - Plant Derived Ceramides for Healthy Skin and Hydration - Non GMO with No Fillers or Synthetic Vitamins - 30 Liquid softgels</p><p> -9% 0FF </p><p>$19.95 ($0.66 / Count)</p><a href="https://www.amazon.com/dp/B00EEOGIWC?tag=eloabder-20&linkCode=osi&th=1&psc=1">View Product</a></div><div class="product"><a href="https://www.amazon.com/dp/B00XUS947O?tag=eloabder-20&linkCode=osi&th=1&psc=1"><img src="https://m.media-amazon.com/images/I/41S8A0LFuXL._SL500_.jpg" alt="Product Image"></a><p>HUM Daily Cleanse Acne Supplements - Support for Clear Skin & Improved Digestion with Chlorella, Spirulina, Organic Algae, Detoxifying Herbs, Vitamins & Minerals - Skin Support for Women and Men</p><p> -19% 0FF </p><p>$21.00 ($0.35 / Count)</p><a href="https://www.amazon.com/dp/B00XUS947O?tag=eloabder-20&linkCode=osi&th=1&psc=1">View Product</a></div>
<div class="product"><a href="https://www.amazon.com/dp/B00F644LTQ?tag=eloabder-20&linkCode=osi&th=1&psc=1"><img src="https://m.media-amazon.com/images/I/31+v2SZDagL._SL500_.jpg" alt="Product Image"></a><p>Cuccio Naturale Revitalizing- Hydrating Oil For Repaired Cuticles Overnight - Remedy For Damaged Skin And Thin Nails - Paraben /Cruelty-Free Formula - Milk And Honey - 2.5 Oz</p><p> -33% 0FF </p><p>$9.45 ($3.78 / Fl Oz)</p><a href="https://www.amazon.com/dp/B00F644LTQ?tag=eloabder-20&linkCode=osi&th=1&psc=1">View Product</a></div><div class="product"><a href="https://www.amazon.com/dp/B07BHV28DR?tag=eloabder-20&linkCode=osi&th=1&psc=1"><img src="https://m.media-amazon.com/images/I/41vxQoXgD7L._SL500_.jpg" alt="Product Image"></a><p>Nature's Bounty Optimal Solutions Hair, Skin & Nails with Biotin and Collagen, Citrus-Flavored Gummies Vitamin Supplement, 2500 mcg, 80 Ct</p><p> -30% 0FF </p><p>$7.00 ($0.09 / Count)</p><a href="https://www.amazon.com/dp/B07BHV28DR?tag=eloabder-20&linkCode=osi&th=1&psc=1">View Product</a></div><div class="product"><a href="https://www.amazon.com/dp/B00006MMU6?tag=eloabder-20&linkCode=osi&th=1&psc=1"><img src="https://m.media-amazon.com/images/I/41ItG2Bl1RL._SL500_.jpg" alt="Product Image"></a><p>NONYX Fungal Nail Clarifying Gel | Rids Nails of Fungus by Removing Keratin Debris Where Nail Fungus Grows | 90% of Toenails Improved Using this Toenail Fungus Treatment | 4 oz</p><p> -20% 0FF </p><p>$19.98 ($5.00 / Fl Oz)</p><a href="https://www.amazon.com/dp/B00006MMU6?tag=eloabder-20&linkCode=osi&th=1&psc=1">View Product</a></div><div class="product"><a href="https://www.amazon.com/dp/B0D354DJQH?tag=eloabder-20&linkCode=osi&th=1&psc=1"><img src="https://m.media-amazon.com/images/I/31Q9PLna2VL._SL500_.jpg" alt="Product Image"></a><p>Habit Hair, Skin & Nails Supplement (60 Capsules) - New Look, Supports Skin Hydration, Hair & Nail Strength, Biotin 2000mcg, Vitamin A & C, Hyaluronic Acid, Rosehip, Vegan, Non-GMO (1 Pack)</p><p> -12% 0FF </p><p>$7.88 ($0.13 / Count)</p><a href="https://www.amazon.com/dp/B0D354DJQH?tag=eloabder-20&linkCode=osi&th=1&psc=1">View Product</a></div><div class="product"><a href="https://www.amazon.com/dp/B000EH0NEC?tag=eloabder-20&linkCode=osi&th=1&psc=1"><img src="https://m.media-amazon.com/images/I/41XaFeLycBL._SL500_.jpg" alt="Product Image"></a><p>Nutra Nail 5 to 7 Day Growth Treatment - Fast Keratin Nail Hardener & Nail Strengthener for Thin Nails, Brittle & Damaged (0.47 Fl Oz)</p><p> -10% 0FF </p><p>$13.50 ($28.72 / Fl Oz)</p><a href="https://www.amazon.com/dp/B000EH0NEC?tag=eloabder-20&linkCode=osi&th=1&psc=1">View Product</a></div><div class="product"><a href="https://www.amazon.com/dp/B007ADOL28?tag=eloabder-20&linkCode=osi&th=1&psc=1"><img src="https://m.media-amazon.com/images/I/419lgrRVW7L._SL500_.jpg" alt="Product Image"></a><p>Kerasal Nail Renewal, Restores Appearance of Discolored or Damaged Nails, 0.33 fl oz (Packaging May Vary)</p><p> -32% 0FF </p><p>$17.00 ($51.52 / Fl Oz)</p><a href="https://www.amazon.com/dp/B007ADOL28?tag=eloabder-20&linkCode=osi&th=1&psc=1">View Product</a></div>
<div class="product"><a href="https://www.amazon.com/dp/B01HFREINK?tag=eloabder-20&linkCode=osi&th=1&psc=1"><img src="https://m.media-amazon.com/images/I/41oabUYNEhL._SL500_.jpg" alt="Product Image"></a><p>Life Extension MacuGuard Ocular Support with Saffron – Eye Health Supplement for Healthy Vision – with lutein, meso-zeaxanthin, zeaxanthin, saffron – Gluten-free, Non-GMO – 60 softgels</p><p> -28% 0FF </p><p>$18.00 ($0.30 / Count)</p><a href="https://www.amazon.com/dp/B01HFREINK?tag=eloabder-20&linkCode=osi&th=1&psc=1">View Product</a></div><div class="product"><a href="https://www.amazon.com/dp/B08XXLT75V?tag=eloabder-20&linkCode=osi&th=1&psc=1"><img src="https://m.media-amazon.com/images/I/411dzwxcNLL._SL500_.jpg" alt="Product Image"></a><p>Nature Made Vision Based on the AREDS 2 Formula, Eye Vitamins with Lutein & Zeaxanthin, Vitamin C, Vitamin E, Zinc and Copper for Healthy Vision and Eye Function Support, 60 Softgels, 30 Day Supply</p><p> -37% 0FF </p><p>$14.32 ($0.24 / Count)</p><a href="https://www.amazon.com/dp/B08XXLT75V?tag=eloabder-20&linkCode=osi&th=1&psc=1">View Product</a></div><div class="product"><a href="https://www.amazon.com/dp/B0C4J8G4SB?tag=eloabder-20&linkCode=osi&th=1&psc=1"><img src="https://m.media-amazon.com/images/I/51VNHCxN5pL._SL500_.jpg" alt="Product Image"></a><p>Eye Health Vitamins with Bilberry 6000mg Lutein & Zeaxanthin 40mg Lycopene 40mg Resveratrol 3000mg Grape Seed Extract 6000mg Omega 3 4000mg Astaxanthin - Eye Vitamin - 60 Capsules</p><p> -25% 0FF </p><p>$29.95 ($0.50 / Count)</p><a href="https://www.amazon.com/dp/B0C4J8G4SB?tag=eloabder-20&linkCode=osi&th=1&psc=1">View Product</a></div><div class="product"><a href="https://www.amazon.com/dp/B0D1YTTB7L?tag=eloabder-20&linkCode=osi&th=1&psc=1"><img src="https://m.media-amazon.com/images/I/51Aqqv8Pw-L._SL500_.jpg" alt="Product Image"></a><p>NEW AGE Eye Health Vitamins with Bilberry 6000mg Lutein & Zeaxanthin 40mg Lycopene 40mg Resveratrol 3000mg Grape Seed Extract 6000mg Astaxanthin - Eye Vitamin -120 Count</p><p> -14% 0FF </p><p>$29.95 ($0.25 / Count)</p><a href="https://www.amazon.com/dp/B0D1YTTB7L?tag=eloabder-20&linkCode=osi&th=1&psc=1">View Product</a></div>


<div class="product"><a href="https://www.amazon.com/dp/B001VG1WOA?tag=eloabder-20&linkCode=osi&th=1&psc=1"><img src="https://m.media-amazon.com/images/I/41o8LwQxzfL._SL500_.jpg" alt="Product Image"></a><p>Neosporin + Maximum-Strength Pain Relief Dual Action Cream, First Aid Topical Antibiotic & Analgesic Cream for Wound Care of Minor Cuts, Scrapes & Burns, Polymyxin B & Pramoxine HCl, 1 oz</p><p> -20% 0FF </p><p>$9.88</p><a href="https://www.amazon.com/dp/B001VG1WOA?tag=eloabder-20&linkCode=osi&th=1&psc=1">View Product</a></div><div class="product"><a href="https://www.amazon.com/dp/B0084GX1JO?tag=eloabder-20&linkCode=osi&th=1&psc=1"><img src="https://m.media-amazon.com/images/I/31BzSButj2S._SL500_.jpg" alt="Product Image"></a><p>First Aid Only FAE-7011 SmartCompliance Refill Burn Cream Packets, 10 Count</p><p> -31% 0FF </p><p>$3.99 ($0.40 / Count)</p><a href="https://www.amazon.com/dp/B0084GX1JO?tag=eloabder-20&linkCode=osi&th=1&psc=1">View Product</a></div>
<div class="product"><a href="https://www.amazon.com/dp/B00EC6DE7Y?tag=eloabder-20&linkCode=osi&th=1&psc=1"><img src="https://m.media-amazon.com/images/I/41BlVTkyTCL._SL500_.jpg" alt="Product Image"></a><p>NeilMed Cleanse Sterile Saline Wound Wash, 6.3 Ounce</p><p> -25% 0FF </p><p>$5.98 ($1.00 / Fl Oz)</p><a href="https://www.amazon.com/dp/B00EC6DE7Y?tag=eloabder-20&linkCode=osi&th=1&psc=1">View Product</a></div><div class="product"><a href="https://www.amazon.com/dp/B00164IIUI?tag=eloabder-20&linkCode=osi&th=1&psc=1"><img src="https://m.media-amazon.com/images/I/51vsE2VasGL._SL500_.jpg" alt="Product Image"></a><p>Neosporin Original Antibiotic Ointment, 24-Hour Infection Prevention for Minor Wound, .5 oz</p><p> -28% 0FF </p><p>$4.88 ($9.76 / Ounce)</p><a href="https://www.amazon.com/dp/B00164IIUI?tag=eloabder-20&linkCode=osi&th=1&psc=1">View Product</a></div><div class="product"><a href="https://www.amazon.com/dp/B007EBRA6A?tag=eloabder-20&linkCode=osi&th=1&psc=1"><img src="https://m.media-amazon.com/images/I/31XNtfz6-lL._SL500_.jpg" alt="Product Image"></a><p>Improved Medihoney Gel Wound and & Burn Dressing from Derma Sciences, 0.5 oz,</p><p> -13% 0FF </p><p>$6.57 ($13.14 / Fl Oz)</p><a href="https://www.amazon.com/dp/B007EBRA6A?tag=eloabder-20&linkCode=osi&th=1&psc=1">View Product</a></div><div class="product"><a href="https://www.amazon.com/dp/B07FYDFGVD?tag=eloabder-20&linkCode=osi&th=1&psc=1"><img src="https://m.media-amazon.com/images/I/515p26GgPxL._SL500_.jpg" alt="Product Image"></a><p>All Health Wound Care Kit, 40 Items | For Small to Medium Sized Wounds</p><p> -23% 0FF </p><p>$7.70</p><a href="https://www.amazon.com/dp/B07FYDFGVD?tag=eloabder-20&linkCode=osi&th=1&psc=1">View Product</a></div>
<div class="product"><a href="https://www.amazon.com/dp/B06Y2FFQB9?tag=eloabder-20&linkCode=osi&th=1&psc=1"><img src="https://m.media-amazon.com/images/I/41j6aDaoGaL._SL500_.jpg" alt="Product Image"></a><p>Zacurate 500BL Fingertip Pulse Oximeter Blood Oxygen Saturation Monitor with Batteries Included (Navy Blue)</p><p> -10% 0FF </p><p>$13.49</p><a href="https://www.amazon.com/dp/B06Y2FFQB9?tag=eloabder-20&linkCode=osi&th=1&psc=1">View Product</a></div><div class="product"><a href="https://www.amazon.com/dp/B00NCRE4GO?tag=eloabder-20&linkCode=osi&th=1&psc=1"><img src="https://m.media-amazon.com/images/I/51bEkjg52fL._SL500_.jpg" alt="Product Image"></a><p>TENS 7000 Digital TENS Unit with Accessories - TENS Unit Muscle Stimulator for Back Pain Relief, Shoulder Pain Relief, Neck Pain, Sciatica Pain Relief, Nerve Pain Relief, Hip Pain Relief</p><p> -5% 0FF </p><p>$36.88</p><a href="https://www.amazon.com/dp/B00NCRE4GO?tag=eloabder-20&linkCode=osi&th=1&psc=1">View Product</a></div><div class="product"><a href="https://www.amazon.com/dp/B0BRXZNP5T?tag=eloabder-20&linkCode=osi&th=1&psc=1"><img src="https://m.media-amazon.com/images/I/41VF+LQDiSL._SL500_.jpg" alt="Product Image"></a><p>Choking Rescue Device for Kids and Adults, Anti Choking Device, Arixmed Portable Choking Rescue Device, First Aid Choking Device (Home Kit)</p><p> -29% 0FF </p><p>$49.94 ($49.94 / Count)</p><a href="https://www.amazon.com/dp/B0BRXZNP5T?tag=eloabder-20&linkCode=osi&th=1&psc=1">View Product</a></div><div class="product"><a href="https://www.amazon.com/dp/B07QXKMSHY?tag=eloabder-20&linkCode=osi&th=1&psc=1"><img src="https://m.media-amazon.com/images/I/31s3lNNT3zL._SL500_.jpg" alt="Product Image"></a><p>OMRON Complete 2-in-1 Upper Arm Blood Pressure Monitor and 1-Lead EKG Monitor, Clinically Validated, Medical Grade, Blood Pressure Machine, with Free Omron Connect app for iOS and Android (BP7900)</p><p> -22% 0FF </p><p>$139.97 ($8.75 / Ounce)</p><a href="https://www.amazon.com/dp/B07QXKMSHY?tag=eloabder-20&linkCode=osi&th=1&psc=1">View Product</a></div><div class="product"><a href="https://www.amazon.com/dp/B001KYVO78?tag=eloabder-20&linkCode=osi&th=1&psc=1"><img src="https://m.media-amazon.com/images/I/41nZ4BuHzrL._SL500_.jpg" alt="Product Image"></a><p>EZY DOSE Pill Cutter and Splitter with Dispenser, Daily Usage, Safely Cut Pills, Vitamins, Tablets, Accurate and Easy Cutting, Stainless Steel Blade, Travel Sized, Colors May Vary, BPA Free</p><p> -50% 0FF </p><p>$2.49</p><a href="https://www.amazon.com/dp/B001KYVO78?tag=eloabder-20&linkCode=osi&th=1&psc=1">View Product</a></div>


<div class="product"><a href="https://www.amazon.com/dp/B08R1GPJ4M?tag=eloabder-20&linkCode=osi&th=1&psc=1"><img src="https://m.media-amazon.com/images/I/41-Q4v8gwFL._SL500_.jpg" alt="Product Image"></a><p>Fingertip Pulse Oximeter Blood Oxygen Monitor Pulse Ox, Heart Rate and Fast Spo2 Reading Oxygen Meter with OLED Screen Included Batteries and Lanyard</p><p> -29% 0FF </p><p>$9.99 ($9.99 / Count)</p><a href="https://www.amazon.com/dp/B08R1GPJ4M?tag=eloabder-20&linkCode=osi&th=1&psc=1">View Product</a></div><div class="product"><a href="https://www.amazon.com/dp/B0BYD34DYV?tag=eloabder-20&linkCode=osi&th=1&psc=1"><img src="https://m.media-amazon.com/images/I/41uvibJiXtL._SL500_.jpg" alt="Product Image"></a><p>Alecaremed Pulse Oximeter, 4 Color OLED Display Oxygen Monitor Fingertip with 20 × Memory, Blood Oxygen Saturation Monitor (SpO2), Alarm & Brightness Adjustable, Batteries & Lanyard (White)</p><p> -13% 0FF </p><p>$20.99</p><a href="https://www.amazon.com/dp/B0BYD34DYV?tag=eloabder-20&linkCode=osi&th=1&psc=1">View Product</a></div><div class="product"><a href="https://www.amazon.com/dp/B09STH23DC?tag=eloabder-20&linkCode=osi&th=1&psc=1"><img src="https://m.media-amazon.com/images/I/417yd2q9HuL._SL500_.jpg" alt="Product Image"></a><p>Pulse Oximeter Fingertip - Oxygen Meter Finger Pulse Oximeter - Blood Oxygen Saturation Monitor with Heart Rate and Fast Spo2 Reading, Pulse Ox with TFT Screen, Lanyard (Not include Batteries)</p><p> -52% 0FF </p><p>$11.99</p><a href="https://www.amazon.com/dp/B09STH23DC?tag=eloabder-20&linkCode=osi&th=1&psc=1">View Product</a></div>
<div class="product"><a href="https://www.amazon.com/dp/B0CHW3DM42?tag=eloabder-20&linkCode=osi&th=1&psc=1"><img src="https://m.media-amazon.com/images/I/31bckkyvfZL._SL500_.jpg" alt="Product Image"></a><p>Kullre Hearing Aids, Hearing Aids for Seniors with Noise Cancelling and Volume Control, Rechargeable Hearing Aids for Hearing Loss with Charging Case</p><p> -17% 0FF </p><p>$49.99 ($25.00 / Count)</p><a href="https://www.amazon.com/dp/B0CHW3DM42?tag=eloabder-20&linkCode=osi&th=1&psc=1">View Product</a></div><div class="product"><a href="https://www.amazon.com/dp/B0D6FT7SVL?tag=eloabder-20&linkCode=osi&th=1&psc=1"><img src="https://m.media-amazon.com/images/I/31QKs+liKVL._SL500_.jpg" alt="Product Image"></a><p>Hearing Aids, Wireless Rechargeable Hearing Amplifier, OTC Hearing Aids with Magnetic Charging Case, 2 Channel Digital in Ear Noise Cancelling Hearing Devices for Seniors</p><p> -15% 0FF </p><p>$76.49</p><a href="https://www.amazon.com/dp/B0D6FT7SVL?tag=eloabder-20&linkCode=osi&th=1&psc=1">View Product</a></div>
<div class="product"><a href="https://www.amazon.com/dp/B00NFJX0PU?tag=eloabder-20&linkCode=osi&th=1&psc=1"><img src="https://m.media-amazon.com/images/I/41WMP8C2G8L._SL500_.jpg" alt="Product Image"></a><p>Drive Medical 10257BL-1 4 Wheel Rollator Walker With Seat, Steel Rolling Walker, Height Adjustable, 7.5" Wheels, Removable Back Support, 300 Pound Weight Capacity, Blue</p><p> -5% 0FF </p><p>$59.99</p><a href="https://www.amazon.com/dp/B00NFJX0PU?tag=eloabder-20&linkCode=osi&th=1&psc=1">View Product</a></div><div class="product"><a href="https://www.amazon.com/dp/B079PG3BR3?tag=eloabder-20&linkCode=osi&th=1&psc=1"><img src="https://m.media-amazon.com/images/I/41To3Az+tZL._SL500_.jpg" alt="Product Image"></a><p>Medline Rollator Walker with Seat, Steel Rolling Walker with 6-inch Wheels Supports up to 350 lbs, Medical Walker, Burgundy</p><p> -7% 0FF </p><p>$60.24</p><a href="https://www.amazon.com/dp/B079PG3BR3?tag=eloabder-20&linkCode=osi&th=1&psc=1">View Product</a></div><div class="product"><a href="https://www.amazon.com/dp/B076CP2DS3?tag=eloabder-20&linkCode=osi&th=1&psc=1"><img src="https://m.media-amazon.com/images/I/41DghyMBtdL._SL500_.jpg" alt="Product Image"></a><p>RMS 35 Inch Long Leg Lifter - Durable & Rigid Hand Strap & Foot Loop - Ideal Mobility Tool for Wheelchair, Hip & Knee Replacement Surgery</p><p> -23% 0FF </p><p>$9.99</p><a href="https://www.amazon.com/dp/B076CP2DS3?tag=eloabder-20&linkCode=osi&th=1&psc=1">View Product</a></div><div class="product"><a href="https://www.amazon.com/dp/B000GUFFN6?tag=eloabder-20&linkCode=osi&th=1&psc=1"><img src="https://m.media-amazon.com/images/I/41rMZsYBOzL._SL500_.jpg" alt="Product Image"></a><p>Stander BedCaddie, Pull Up Assist Bed Ladder with Non-Slip Handles for Adults, Seniors, and Elderly, Adjustable Length Bed Lift, Sit Up Helper Bed Assistance, Mobility Aid for Handicapped and Injured</p><p> -48% 0FF </p><p>$12.99</p><a href="https://www.amazon.com/dp/B000GUFFN6?tag=eloabder-20&linkCode=osi&th=1&psc=1">View Product</a></div><div class="product"><a href="https://www.amazon.com/dp/B00TXSHA1W?tag=eloabder-20&linkCode=osi&th=1&psc=1"><img src="https://m.media-amazon.com/images/I/31fbca3qq6L._SL500_.jpg" alt="Product Image"></a><p>RMS Long Reach Comfort Wipe - Self Assist Toilet Aid, Ideal Daily Living Bathroom Aid for Limited Mobility</p><p> -29% 0FF </p><p>$9.99</p><a href="https://www.amazon.com/dp/B00TXSHA1W?tag=eloabder-20&linkCode=osi&th=1&psc=1">View Product</a></div><div class="product"><a href="https://www.amazon.com/dp/B078RMCFWQ?tag=eloabder-20&linkCode=osi&th=1&psc=1"><img src="https://m.media-amazon.com/images/I/317WhUQcA7L._SL500_.jpg" alt="Product Image"></a><p>Reacher Grabber Tool, 31" Grabbers for Elderly, Lightweight Extra Long Handy Trash Claw Grabber, Mobility Aid Reaching Assist Tool for Trash Pick Up, Nabber, Litter Picker, Arm Extension</p><p> -50% 0FF </p><p>$9.99</p><a href="https://www.amazon.com/dp/B078RMCFWQ?tag=eloabder-20&linkCode=osi&th=1&psc=1">View Product</a></div><div class="product"><a href="https://www.amazon.com/dp/B07SKK3PFN?tag=eloabder-20&linkCode=osi&th=1&psc=1"><img src="https://m.media-amazon.com/images/I/41zIhs+QhdL._SL500_.jpg" alt="Product Image"></a><p>Vive 4 Wheel Mobility Scooter - Electric Powered Wheelchair Device - Compact Heavy Duty Mobile for Travel, Adults, Elderly - Long Range Power Extended Battery with Charger and Basket Included</p><p> -7% 0FF </p><p>$699.99 ($699.99 / Count)</p><a href="https://www.amazon.com/dp/B07SKK3PFN?tag=eloabder-20&linkCode=osi&th=1&psc=1">View Product</a></div>
<div class="product"><a href="https://www.amazon.com/dp/B081VRG3NK?tag=eloabder-20&linkCode=osi&th=1&psc=1"><img src="https://m.media-amazon.com/images/I/51ta38t5qwL._SL500_.jpg" alt="Product Image"></a><p>Chucks Pads Disposable [50-Pack] Underpads 23x36 Incontinence Chux Pads Absorbent Fluff Protective Bed Pads, Pee Pads for Babies, Kids, Adults & Elderly | Puppy Pads Large for Training Leak Proof</p><p> -21% 0FF </p><p>$18.99 ($0.38 / Count)</p><a href="https://www.amazon.com/dp/B081VRG3NK?tag=eloabder-20&linkCode=osi&th=1&psc=1">View Product</a></div><div class="product"><a href="https://www.amazon.com/dp/B09556SRJH?tag=eloabder-20&linkCode=osi&th=1&psc=1"><img src="https://m.media-amazon.com/images/I/51tKUADpLRL._SL500_.jpg" alt="Product Image"></a><p>Depend Fresh Protection Adult Incontinence & Postpartum Bladder Leak Underwear for Women, Disposable, Maximum, Large, Blush, 72 Count (2 Packs of 36), Packaging May Vary</p><p> -6% 0FF </p><p>$52.88 ($0.73 / Count)</p><a href="https://www.amazon.com/dp/B09556SRJH?tag=eloabder-20&linkCode=osi&th=1&psc=1">View Product</a></div><div class="product"><a href="https://www.amazon.com/dp/B08PC8JT3J?tag=eloabder-20&linkCode=osi&th=1&psc=1"><img src="https://m.media-amazon.com/images/I/51idsshbHDL._SL500_.jpg" alt="Product Image"></a><p>Inspire Adult Wet Wipes Adult Wash Cloths, Adult Wipes for Incontinence & Cleansing, 8"x12" 600 Count 12 packs of 50</p><p> -36% 0FF </p><p>$35.99 ($0.06 / Count)</p><a href="https://www.amazon.com/dp/B08PC8JT3J?tag=eloabder-20&linkCode=osi&th=1&psc=1">View Product</a></div><div class="product"><a href="https://www.amazon.com/dp/B07VT713MY?tag=eloabder-20&linkCode=osi&th=1&psc=1"><img src="https://m.media-amazon.com/images/I/41cG03xuMgL._SL500_.jpg" alt="Product Image"></a><p>Inspire Waterproof Mattress Protector, Dark Colored to Hide Stains, Extra Large 34 x 54 – Quilted, Bed Pad for Incontinence Washable, for Adults and Kids Reusable Underpad | Waterproof Mattress Pad</p><p> -26% 0FF </p><p>$19.99</p><a href="https://www.amazon.com/dp/B07VT713MY?tag=eloabder-20&linkCode=osi&th=1&psc=1">View Product</a></div><div class="product"><a href="https://www.amazon.com/dp/B092NVZ5K2?tag=eloabder-20&linkCode=osi&th=1&psc=1"><img src="https://m.media-amazon.com/images/I/51dcbsofIHS._SL500_.jpg" alt="Product Image"></a><p>Inspire Extra Large Super Absorbent Disposable Bed Pads for Incontinence (36" X 36" Pack of 50) Ultra Thick and Absorbent Incontinence Bed Pads Disposable Adult | Puppy Pads | Pee Pads for Adults</p><p> -6% 0FF </p><p>$49.96 ($1.00 / Count)</p><a href="https://www.amazon.com/dp/B092NVZ5K2?tag=eloabder-20&linkCode=osi&th=1&psc=1">View Product</a></div>

            </div>
              
            <!-- Bouton flottant -->
            <button class="floating-button" onclick="window.location.href='https://www.iasmarket.us'">HOME</button>
            <div class="pagination">
            <a href="https://iasmarket.github.io/HealthPersonalCare/">Back</a>
                  </div>
              
                      <!-- Ajoutez plus de liens si nécessaire -->
                  </div>
                  <script>
                      function updateTime() {
                          const optionsDate = {
                              timeZone: 'America/Los_Angeles',
                              year: 'numeric',
                              month: 'long',
                              day: 'numeric',
                              weekday: 'long'
                          };
                          const optionsTime = {
                              timeZone: 'America/Los_Angeles',
                              hour: '2-digit',
                              minute: '2-digit',
                              second: '2-digit'
                          };
              
                          const now = new Date();
                          const formatterDate = new Intl.DateTimeFormat('en-US', optionsDate);
                          const formatterTime = new Intl.DateTimeFormat('en-US', optionsTime);
              
                          const formattedDate = formatterDate.format(now);
                          const formattedTime = formatterTime.format(now);
              
                          document.getElementById('comment').textContent = "As an AMAZON Associate, I earn from qualifying purchases.";
                          document.getElementById('date').textContent = formattedDate;
                          document.getElementById('time').textContent = formattedTime;
                      }
              
                      updateTime();
                      setInterval(updateTime, 1000);
                  </script>
              </body>
              
              </html>
                      