    <!DOCTYPE html>
    <html lang="en">
    
    <head>
        <meta charset="UTF-8">
        <meta http-equiv="X-UA-Compatible" content="IE=edge">
        <meta name="viewport" content="width=device-width, initial-scale=1.0">
        <title>IaSmarKet Products</title>
        <style>
            body {
                background-color: black;
                color: white;
            }
    
            .datetime {
                text-align: center;
                color: gray;
            }
    
            .date, .time {
                font-size: 48px;
            }
    
            .container {
                display: flex;
                flex-wrap: wrap;
                justify-content: center;
                align-items: center;
                min-height: calc(100vh - 7cm);
            }
    
            .product {
                width: calc(100% / 4);
                margin-bottom: 20px;
                text-align: center;
                border: 1px solid red;
                border-radius: 10px;
                overflow: hidden;
                padding: 10px;
                display: flex;
                flex-direction: column;
                background-color: black;
                color: white;
            }
    
            .product .content {
                height: 200px;
                overflow: hidden;
            }
    
            .product img {
                width: 100%;
                height: 200px; /* Ajuste la hauteur selon tes besoins */
                object-fit: cover; /* Ajuste l'image pour qu'elle remplisse le conteneur */
            }
    
            .product .description {
                margin-top: 10px;
            }
    
            .product .more-link {
                margin-top: 5px;
                cursor: pointer;
                color: blue;
            }
    
            .pagination {
                text-align: center;
                margin: 20px 0;
            }
    
            .pagination a {
                color: white;
                padding: 8px 16px;
                text-decoration: none;
                background-color: gray;
                margin: 0 4px;
                border-radius: 4px;
            }
    
            .pagination a:hover {
                background-color: #575757;
            }
    
            @media (min-width: 768px) and (max-width: 991px) {
                .product {
                    width: calc(100% / 3);
                }
            }
    
            @media (max-width: 767px) {
                .product {
                    width: 100%;
                }
            }
    
            /* Style pour le bouton flottant */
            .floating-button {
                position: fixed;
                bottom: 20px;
                right: 20px;
                background-color: red;
                color: white;
                border: none;
                border-radius: 50%;
                width: 60px;
                height: 60px;
                text-align: center;
                font-size: 18px;
                cursor: pointer;
                z-index: 1000;
                box-shadow: 0 4px 8px rgba(0, 0, 0, 0.2);
            }
        </style>
    </head>
    
    <body>
        <div class="datetime">
            <div class="date" id="comment"></div>
            <div class="date" id="date"></div>
            <div class="time" id="time"></div>
        </div>
    
        <div class="container">
          
            

<div class="product"><a href="https://www.amazon.com/dp/B0D8653XMT?tag=eloabder-20&linkCode=osi&th=1&psc=1"><img src="https://m.media-amazon.com/images/I/51LfElbmYYL._SL500_.jpg" alt="Product Image"></a><p>Gazeer 3 Pack Microfiber Cleaning Pads Compatible with All Bona Mops, Safe for Hardwood and Hard-Surface Floors,Washable, Reusable</p><p>$9.99 ($3.33 / Count)</p><a href="https://www.amazon.com/dp/B0D8653XMT?tag=eloabder-20&linkCode=osi&th=1&psc=1">View Product</a></div>
<div class="product"><a href="https://www.amazon.com/dp/B07JGBW826?tag=eloabder-20&linkCode=osi&th=1&psc=1"><img src="https://m.media-amazon.com/images/I/41nq5khANlL._SL500_.jpg" alt="Product Image"></a><p>Amazon Basics Adult Multivitamin for Men & Women, 300 Gummies with Vitamins A, C, D, E, B-6 and B-12, 150 Count (Pack of 2) (150 Day Supply) (Previously Solimo)</p><p>$14.30 ($0.05 / Count)</p><a href="https://www.amazon.com/dp/B07JGBW826?tag=eloabder-20&linkCode=osi&th=1&psc=1">View Product</a></div><div class="product"><a href="https://www.amazon.com/dp/B007L0DPE0?tag=eloabder-20&linkCode=osi&th=1&psc=1"><img src="https://m.media-amazon.com/images/I/41u67LVdJFL._SL500_.jpg" alt="Product Image"></a><p>Vitafusion Womens Multivitamin Gummies, Berry Flavored Daily Vitamins for Women With Vitamins A, C, D, E, B-6 and B-12, America’s Number 1 Gummy Vitamin Brand, 75 Days Supply, 150 Count</p><p>$10.98 ($0.07 / Count)</p><a href="https://www.amazon.com/dp/B007L0DPE0?tag=eloabder-20&linkCode=osi&th=1&psc=1">View Product</a></div><div class="product"><a href="https://www.amazon.com/dp/B00DS5BGDY?tag=eloabder-20&linkCode=osi&th=1&psc=1"><img src="https://m.media-amazon.com/images/I/41zXI0XuNYL._SL500_.jpg" alt="Product Image"></a><p>Nature Made Vitamin B12 1000 mcg, Dietary Supplement for Energy Metabolism Support, 150 Softgels, 150 Day Supply</p><p>$9.98 ($0.07 / Count)</p><a href="https://www.amazon.com/dp/B00DS5BGDY?tag=eloabder-20&linkCode=osi&th=1&psc=1">View Product</a></div><div class="product"><a href="https://www.amazon.com/dp/B09KCCVL9V?tag=eloabder-20&linkCode=osi&th=1&psc=1"><img src="https://m.media-amazon.com/images/I/419o0W0LJgL._SL500_.jpg" alt="Product Image"></a><p>Centrum Silver Women's Multivitamin for Women 50 Plus, Multivitamin/Multimineral Supplement with Vitamin D3, B Vitamins, Non-GMO Ingredients, Supports Memory and Cognition in Older Adults - 200 Ct</p><p>$15.99 ($0.08 / Count)</p><a href="https://www.amazon.com/dp/B09KCCVL9V?tag=eloabder-20&linkCode=osi&th=1&psc=1">View Product</a></div><div class="product"><a href="https://www.amazon.com/dp/B002QO00YO?tag=eloabder-20&linkCode=osi&th=1&psc=1"><img src="https://m.media-amazon.com/images/I/41SQ-7dbsHL._SL500_.jpg" alt="Product Image"></a><p>Nature Made Vitamin D3 2000 IU (50 mcg), Dietary Supplement for Bone, Teeth, Muscle and Immune Health Support, 90 Softgels, 90 Day Supply</p><p>$6.28 ($0.07 / Count)</p><a href="https://www.amazon.com/dp/B002QO00YO?tag=eloabder-20&linkCode=osi&th=1&psc=1">View Product</a></div><div class="product"><a href="https://www.amazon.com/dp/B0000DJASY?tag=eloabder-20&linkCode=osi&th=1&psc=1"><img src="https://m.media-amazon.com/images/I/41PwuIsYASL._SL500_.jpg" alt="Product Image"></a><p>Nature Made Extra Strength Vitamin C 1000 mg, Dietary Supplement for Immune Support, 100 Tablets, 100 Day Supply</p><p>$9.50 ($0.10 / Count)</p><a href="https://www.amazon.com/dp/B0000DJASY?tag=eloabder-20&linkCode=osi&th=1&psc=1">View Product</a></div><div class="product"><a href="https://www.amazon.com/dp/B0072F8D7S?tag=eloabder-20&linkCode=osi&th=1&psc=1"><img src="https://m.media-amazon.com/images/I/41j4CBYG0SL._SL500_.jpg" alt="Product Image"></a><p>Nature's Bounty Advanced Hair, Skin & Nails, Argan-Infused Vitamin Supplement with Biotin and Hyaluronic Acid, 150 Rapid Release Softgels</p><p>$10.99 ($0.07 / Count)</p><a href="https://www.amazon.com/dp/B0072F8D7S?tag=eloabder-20&linkCode=osi&th=1&psc=1">View Product</a></div><div class="product"><a href="https://www.amazon.com/dp/B07H8LBDTG?tag=eloabder-20&linkCode=osi&th=1&psc=1"><img src="https://m.media-amazon.com/images/I/41oIEGJy42L._SL500_.jpg" alt="Product Image"></a><p>OLLY Women's Multivitamin Gummy, Vitamins A, D, C, E, Biotin, Folic Acid, Adult Chewable Vitamin, Berry Flavor, 65 Day Supply - 130 Count (Packaging May Vary)</p><p>$16.98 ($0.13 / Count)</p><a href="https://www.amazon.com/dp/B07H8LBDTG?tag=eloabder-20&linkCode=osi&th=1&psc=1">View Product</a></div><div class="product"><a href="https://www.amazon.com/dp/B00YMSLT88?tag=eloabder-20&linkCode=osi&th=1&psc=1"><img src="https://m.media-amazon.com/images/I/41S95x-3xaL._SL500_.jpg" alt="Product Image"></a><p>Nature Made Multivitamin Tablets with Iron, Multivitamin for Women and Men for Daily Nutritional Support, 130 Tablets, 130 Day Supply</p><p>$11.99 ($0.09 / Count)</p><a href="https://www.amazon.com/dp/B00YMSLT88?tag=eloabder-20&linkCode=osi&th=1&psc=1">View Product</a></div><div class="product"><a href="https://www.amazon.com/dp/B0014D2GEK?tag=eloabder-20&linkCode=osi&th=1&psc=1"><img src="https://m.media-amazon.com/images/I/41Al6x+mTKL._SL500_.jpg" alt="Product Image"></a><p>Nature's Bounty Super B Complex with Vitamin C & Folic Acid, Immune & Energy Support, 150 tablets</p><p>$12.73 ($0.08 / Count)</p><a href="https://www.amazon.com/dp/B0014D2GEK?tag=eloabder-20&linkCode=osi&th=1&psc=1">View Product</a></div>
<div class="product"><a href="https://www.amazon.com/dp/B0BG94RWYN?tag=eloabder-20&linkCode=osi&th=1&psc=1"><img src="https://m.media-amazon.com/images/I/41k1yrK-eGL._SL500_.jpg" alt="Product Image"></a><p>Sea Moss 3000mg Black Seed Oil 2000mg Ashwagandha 1000mg Turmeric 1000mg Bladderwrack 1000mg Burdock 1000mg & Vitamin C & D3 with Elderberry Manuka Dandelion Yellow Dock Iodine Chlorophyll ACV</p><p>$23.96 ($0.40 / Count)</p><a href="https://www.amazon.com/dp/B0BG94RWYN?tag=eloabder-20&linkCode=osi&th=1&psc=1">View Product</a></div><div class="product"><a href="https://www.amazon.com/dp/B01DBTFO98?tag=eloabder-20&linkCode=osi&th=1&psc=1"><img src="https://m.media-amazon.com/images/I/51Evo4SKmEL._SL500_.jpg" alt="Product Image"></a><p>Turmeric Curcumin with Black Pepper Extract 1500mg - High Absorption Ultra Potent Turmeric Supplement with 95% Curcuminoids and BioPerine - Non GMO Turmeric Capsules for Joint Support - 90 Capsules</p><p>$18.79 ($0.21 / Count)</p><a href="https://www.amazon.com/dp/B01DBTFO98?tag=eloabder-20&linkCode=osi&th=1&psc=1">View Product</a></div><div class="product"><a href="https://www.amazon.com/dp/B0BG6TGKZS?tag=eloabder-20&linkCode=osi&th=1&psc=1"><img src="https://m.media-amazon.com/images/I/41aCogcx9OL._SL500_.jpg" alt="Product Image"></a><p>Clean Nutraceuticals Lions Mane 3000mg 20in1 Mushroom Supplement with Turkey Tail 2000mg Reishi 1000mg Cordyceps Chaga 1000mg Maitake Meshima Poria Cocos Shiitake Oyster Porcini Enoki 60 Count</p><p>$29.95 ($0.50 / Count)</p><a href="https://www.amazon.com/dp/B0BG6TGKZS?tag=eloabder-20&linkCode=osi&th=1&psc=1">View Product</a></div><div class="product"><a href="https://www.amazon.com/dp/B0CV9JW4DS?tag=eloabder-20&linkCode=osi&th=1&psc=1"><img src="https://m.media-amazon.com/images/I/51L8z3xzNsL._SL500_.jpg" alt="Product Image"></a><p>Zoyava Dynamic Vitality Bundle, Sea Moss and Shilajit Bundle, Sea Moss 7000mg, Black Seed Oil 4000mg, Ashwagandha 2000mg, Ginger & Shilajit 9000mg, Rhodiola Rosea 1000mg, Panax Ginseng (60 Count)</p><p>$25.99 ($0.43 / Count)</p><a href="https://www.amazon.com/dp/B0CV9JW4DS?tag=eloabder-20&linkCode=osi&th=1&psc=1">View Product</a></div><div class="product"><a href="https://www.amazon.com/dp/B00H5PJ0HW?tag=eloabder-20&linkCode=osi&th=1&psc=1"><img src="https://m.media-amazon.com/images/I/414mKN9ZjbL._SL500_.jpg" alt="Product Image"></a><p>Nature's Bounty Magnesium, Bone and Muscle Health, Whole Body Support, Tablets, 500 Mg, 200 Ct</p><p>$11.28 ($0.06 / Count)</p><a href="https://www.amazon.com/dp/B00H5PJ0HW?tag=eloabder-20&linkCode=osi&th=1&psc=1">View Product</a></div><div class="product"><a href="https://www.amazon.com/dp/B08YLTCDTN?tag=eloabder-20&linkCode=osi&th=1&psc=1"><img src="https://m.media-amazon.com/images/I/41aybXdjmLL._SL500_.jpg" alt="Product Image"></a><p>Nature's Bounty Zinc 50mg, Immune Support & Antioxidant Supplement, Promotes Skin Health 250 Caplets</p><p>$9.48 ($0.04 / Count)</p><a href="https://www.amazon.com/dp/B08YLTCDTN?tag=eloabder-20&linkCode=osi&th=1&psc=1">View Product</a></div><div class="product"><a href="https://www.amazon.com/dp/B0000DJAQU?tag=eloabder-20&linkCode=osi&th=1&psc=1"><img src="https://m.media-amazon.com/images/I/41c7alI7ydL._SL500_.jpg" alt="Product Image"></a><p>Nature Made Fish Oil 1200 mg Softgels, Fish Oil Supplements, Omega 3 Fish Oil for Healthy Heart Support, Omega 3 Supplement with 100 Softgels, 50 Day Supply</p><p>$12.59 ($0.13 / Count)</p><a href="https://www.amazon.com/dp/B0000DJAQU?tag=eloabder-20&linkCode=osi&th=1&psc=1">View Product</a></div><div class="product"><a href="https://www.amazon.com/dp/B07XFGCP21?tag=eloabder-20&linkCode=osi&th=1&psc=1"><img src="https://m.media-amazon.com/images/I/518FQmoWjFL._SL500_.jpg" alt="Product Image"></a><p>Turmeric Curcumin with BioPerine & Ginger 95% Curcuminoids 1950mg - Black Pepper Extract for Max Absorption, Nature's Joint Support Supplement, Herbal Turmeric Pills, Vegan Non-GMO - 240 Capsules</p><p>$26.02 ($0.11 / Count)</p><a href="https://www.amazon.com/dp/B07XFGCP21?tag=eloabder-20&linkCode=osi&th=1&psc=1">View Product</a></div><div class="product"><a href="https://www.amazon.com/dp/B00DS5BGDY?tag=eloabder-20&linkCode=osi&th=1&psc=1"><img src="https://m.media-amazon.com/images/I/41zXI0XuNYL._SL500_.jpg" alt="Product Image"></a><p>Nature Made Vitamin B12 1000 mcg, Dietary Supplement for Energy Metabolism Support, 150 Softgels, 150 Day Supply</p><p>$9.98 ($0.07 / Count)</p><a href="https://www.amazon.com/dp/B00DS5BGDY?tag=eloabder-20&linkCode=osi&th=1&psc=1">View Product</a></div><div class="product"><a href="https://www.amazon.com/dp/B0055OUOQQ?tag=eloabder-20&linkCode=osi&th=1&psc=1"><img src="https://m.media-amazon.com/images/I/41S1bhYiFiL._SL500_.jpg" alt="Product Image"></a><p>Qunol CoQ10 100mg Softgels, Ultra CoQ10 100mg, 3x Better Absorption, Antioxidant for Heart Health & Energy Production, Coenzyme Q10 Vitamins and Supplements, 4 Month Supply, 120 Count</p><p>$29.97 ($0.25 / Count)</p><a href="https://www.amazon.com/dp/B0055OUOQQ?tag=eloabder-20&linkCode=osi&th=1&psc=1">View Product</a></div>
<div class="product"><a href="https://www.amazon.com/dp/B00YMSLT88?tag=eloabder-20&linkCode=osi&th=1&psc=1"><img src="https://m.media-amazon.com/images/I/41S95x-3xaL._SL500_.jpg" alt="Product Image"></a><p>Nature Made Multivitamin Tablets with Iron, Multivitamin for Women and Men for Daily Nutritional Support, 130 Tablets, 130 Day Supply</p><p>$11.99 ($0.09 / Count)</p><a href="https://www.amazon.com/dp/B00YMSLT88?tag=eloabder-20&linkCode=osi&th=1&psc=1">View Product</a></div><div class="product"><a href="https://www.amazon.com/dp/B07JGBW826?tag=eloabder-20&linkCode=osi&th=1&psc=1"><img src="https://m.media-amazon.com/images/I/41nq5khANlL._SL500_.jpg" alt="Product Image"></a><p>Amazon Basics Adult Multivitamin for Men & Women, 300 Gummies with Vitamins A, C, D, E, B-6 and B-12, 150 Count (Pack of 2) (150 Day Supply) (Previously Solimo)</p><p>$14.30 ($0.05 / Count)</p><a href="https://www.amazon.com/dp/B07JGBW826?tag=eloabder-20&linkCode=osi&th=1&psc=1">View Product</a></div><div class="product"><a href="https://www.amazon.com/dp/B09QBKGDLS?tag=eloabder-20&linkCode=osi&th=1&psc=1"><img src="https://m.media-amazon.com/images/I/41Xr3sSp+8L._SL500_.jpg" alt="Product Image"></a><p>ONE A DAY Womens Complete Daily Multivitamin with Vitamin A, B , C, D, and E, Calcium and Magnesium, Immune Health Support, 200 Count</p><p>$17.48 ($0.09 / Count)</p><a href="https://www.amazon.com/dp/B09QBKGDLS?tag=eloabder-20&linkCode=osi&th=1&psc=1">View Product</a></div><div class="product"><a href="https://www.amazon.com/dp/B007L0DONW?tag=eloabder-20&linkCode=osi&th=1&psc=1"><img src="https://m.media-amazon.com/images/I/41vIgYSAtXL._SL500_.jpg" alt="Product Image"></a><p>vitafusion Adult Gummy Vitamins for Men, Berry Flavored Daily Multivitamins for Men With Vitamins A, C, D, E, B6 and B12, America’s Number 1 Gummy Vitamin Brand, 75 Day Supply, 150 Count</p><p>$10.98 ($0.07 / Count)</p><a href="https://www.amazon.com/dp/B007L0DONW?tag=eloabder-20&linkCode=osi&th=1&psc=1">View Product</a></div><div class="product"><a href="https://www.amazon.com/dp/B007L0DPE0?tag=eloabder-20&linkCode=osi&th=1&psc=1"><img src="https://m.media-amazon.com/images/I/41u67LVdJFL._SL500_.jpg" alt="Product Image"></a><p>Vitafusion Womens Multivitamin Gummies, Berry Flavored Daily Vitamins for Women With Vitamins A, C, D, E, B-6 and B-12, America’s Number 1 Gummy Vitamin Brand, 75 Days Supply, 150 Count</p><p>$10.98 ($0.07 / Count)</p><a href="https://www.amazon.com/dp/B007L0DPE0?tag=eloabder-20&linkCode=osi&th=1&psc=1">View Product</a></div><div class="product"><a href="https://www.amazon.com/dp/B00BIZSXMS?tag=eloabder-20&linkCode=osi&th=1&psc=1"><img src="https://m.media-amazon.com/images/I/31f8Dv7qQGL._SL500_.jpg" alt="Product Image"></a><p>GNC Mega Men Essentials One Daily Multivitamin | Supports Overall Health and Muscle Performance | 60 Count</p><p>$8.98 ($0.15 / Count)</p><a href="https://www.amazon.com/dp/B00BIZSXMS?tag=eloabder-20&linkCode=osi&th=1&psc=1">View Product</a></div><div class="product"><a href="https://www.amazon.com/dp/B08XNTBLY9?tag=eloabder-20&linkCode=osi&th=1&psc=1"><img src="https://m.media-amazon.com/images/I/41wugtpv6rL._SL500_.jpg" alt="Product Image"></a><p>Pure Encapsulations O.N.E. Multivitamin - Once Daily Multivitamin with Antioxidant Complex Metafolin, CoQ10, and Lutein to Support Vision, Cognitive Function, and Cellular Health* - 30 Capsules</p><p>$23.20 ($0.77 / Count)</p><a href="https://www.amazon.com/dp/B08XNTBLY9?tag=eloabder-20&linkCode=osi&th=1&psc=1">View Product</a></div><div class="product"><a href="https://www.amazon.com/dp/B005BD8A08?tag=eloabder-20&linkCode=osi&th=1&psc=1"><img src="https://m.media-amazon.com/images/I/41EbKCPo98L._SL500_.jpg" alt="Product Image"></a><p>Nature Made Multivitamin For Him with No Iron, Mens Multivitamins for Daily Nutritional Support, Multivitamin for Men, 90 Tablets, 90 Day Supply</p><p>$9.37 ($0.10 / Count)</p><a href="https://www.amazon.com/dp/B005BD8A08?tag=eloabder-20&linkCode=osi&th=1&psc=1">View Product</a></div><div class="product"><a href="https://www.amazon.com/dp/B09KCCVL9V?tag=eloabder-20&linkCode=osi&th=1&psc=1"><img src="https://m.media-amazon.com/images/I/419o0W0LJgL._SL500_.jpg" alt="Product Image"></a><p>Centrum Silver Women's Multivitamin for Women 50 Plus, Multivitamin/Multimineral Supplement with Vitamin D3, B Vitamins, Non-GMO Ingredients, Supports Memory and Cognition in Older Adults - 200 Ct</p><p>$15.99 ($0.08 / Count)</p><a href="https://www.amazon.com/dp/B09KCCVL9V?tag=eloabder-20&linkCode=osi&th=1&psc=1">View Product</a></div>
<div class="product"><a href="https://www.amazon.com/dp/B09GLGC9DG?tag=eloabder-20&linkCode=osi&th=1&psc=1"><img src="https://m.media-amazon.com/images/I/51OsLLY4B6L._SL500_.jpg" alt="Product Image"></a><p>Physician's CHOICE Probiotics 60 Billion CFU - 10 Strains + Organic Prebiotics - Immune, Digestive & Gut Health - Supports Occasional Constipation, Diarrhea, Gas & Bloating - for Women & Men - 60ct</p><p>$36.97 ($0.62 / Count)</p><a href="https://www.amazon.com/dp/B09GLGC9DG?tag=eloabder-20&linkCode=osi&th=1&psc=1">View Product</a></div><div class="product"><a href="https://www.amazon.com/dp/B071DZQLPQ?tag=eloabder-20&linkCode=osi&th=1&psc=1"><img src="https://m.media-amazon.com/images/I/51E-+x12x5L._SL500_.jpg" alt="Product Image"></a><p>NewRhythm Probiotics 50 Billion CFU 20 Strains, 60 Veggie Capsules, Targeted Release Technology, Stomach Acid Resistant, No Need for Refrigeration, Non-GMO, Gluten Free</p><p>$13.59 ($0.23 / Count)</p><a href="https://www.amazon.com/dp/B071DZQLPQ?tag=eloabder-20&linkCode=osi&th=1&psc=1">View Product</a></div><div class="product"><a href="https://www.amazon.com/dp/B00Y8MP4G6?tag=eloabder-20&linkCode=osi&th=1&psc=1"><img src="https://m.media-amazon.com/images/I/51IIJQSKA5L._SL500_.jpg" alt="Product Image"></a><p>Garden of Life Once Daily Dr. Formulated Probiotics for Women 50 Billion CFU 16 Probiotic Strains with Organic Prebiotics for Digestive, Vaginal & Immune Health, Dairy Free, Shelf Stable 30 Capsules</p><p>$32.19 ($1.07 / Count)</p><a href="https://www.amazon.com/dp/B00Y8MP4G6?tag=eloabder-20&linkCode=osi&th=1&psc=1">View Product</a></div><div class="product"><a href="https://www.amazon.com/dp/B00L1GHMN0?tag=eloabder-20&linkCode=osi&th=1&psc=1"><img src="https://m.media-amazon.com/images/I/41Msqs9cM9L._SL500_.jpg" alt="Product Image"></a><p>NOW Supplements, Probiotic-10™, 25 Billion, with 10 Probiotic Strains, Dairy, Soy and Gluten Free, Strain Verified, 100 Veg Capsules</p><p>$21.46 ($0.21 / Count)</p><a href="https://www.amazon.com/dp/B00L1GHMN0?tag=eloabder-20&linkCode=osi&th=1&psc=1">View Product</a></div><div class="product"><a href="https://www.amazon.com/dp/B08Y66H6B7?tag=eloabder-20&linkCode=osi&th=1&psc=1"><img src="https://m.media-amazon.com/images/I/51zpwlruLzL._SL500_.jpg" alt="Product Image"></a><p>Culturelle Pro Strength Daily Probiotics For Digestive Health (2 Month Supply) with Prebiotics for Women & Men, Supports Occasional Diarrhea, Gas & Bloating, Gluten & Soy Free, 60 Count</p><p>$30.99 ($0.52 / Count)</p><a href="https://www.amazon.com/dp/B08Y66H6B7?tag=eloabder-20&linkCode=osi&th=1&psc=1">View Product</a></div><div class="product"><a href="https://www.amazon.com/dp/B0811P73BT?tag=eloabder-20&linkCode=osi&th=1&psc=1"><img src="https://m.media-amazon.com/images/I/41bBVdIgYdS._SL500_.jpg" alt="Product Image"></a><p>Organic Probiotics 100 Billion CFU, Dr Formulated Probiotics for Women, Probiotics for Men and Adults, Complete Shelf Stable Probiotic Supplement with Prebiotics & Digestive Enzymes; 30 Capsules</p><p>$25.00 ($0.83 / Count)</p><a href="https://www.amazon.com/dp/B0811P73BT?tag=eloabder-20&linkCode=osi&th=1&psc=1">View Product</a></div><div class="product"><a href="https://www.amazon.com/dp/B08GR12D4T?tag=eloabder-20&linkCode=osi&th=1&psc=1"><img src="https://m.media-amazon.com/images/I/413uXWNsVzL._SL500_.jpg" alt="Product Image"></a><p>Nature’s Bounty Probiotic 10, Ultra Strength Daily Probiotic Supplement, Support for Digestive, Immune and Upper Respiratory Health, 1 Pack, 30 Capsules</p><p>$12.84 ($0.43 / Count)</p><a href="https://www.amazon.com/dp/B08GR12D4T?tag=eloabder-20&linkCode=osi&th=1&psc=1">View Product</a></div><div class="product"><a href="https://www.amazon.com/dp/B088LWDLMV?tag=eloabder-20&linkCode=osi&th=1&psc=1"><img src="https://m.media-amazon.com/images/I/41f-jaJZjRL._SL500_.jpg" alt="Product Image"></a><p>VITALITOWN Probiotics 120 Billion CFUs | 36 Strains, with Prebiotics & Digestive Enzymes for Men Women | Shelf Stable | Digestive Health & Immune Support | Vegan, Non-GMO | 30 Delayed Release Veg Caps</p><p>$18.99 ($0.63 / Count)</p><a href="https://www.amazon.com/dp/B088LWDLMV?tag=eloabder-20&linkCode=osi&th=1&psc=1">View Product</a></div><div class="product"><a href="https://www.amazon.com/dp/B07D123YBX?tag=eloabder-20&linkCode=osi&th=1&psc=1"><img src="https://m.media-amazon.com/images/I/310FFXxHX3L._SL500_.jpg" alt="Product Image"></a><p>Amazon Basics Probiotic 5 Billion CFU, 8 Probiotic strains with 60 mg Prebiotic Blend, 60 Count Vegetarian Capsules, 2 Month Supply, Supports Healthy Digestion (Previously Solimo)</p><p>$12.11 ($0.20 / Count)</p><a href="https://www.amazon.com/dp/B07D123YBX?tag=eloabder-20&linkCode=osi&th=1&psc=1">View Product</a></div>
<div class="product"><a href="https://www.amazon.com/dp/B0000DJAQU?tag=eloabder-20&linkCode=osi&th=1&psc=1"><img src="https://m.media-amazon.com/images/I/41c7alI7ydL._SL500_.jpg" alt="Product Image"></a><p>Nature Made Fish Oil 1200 mg Softgels, Fish Oil Supplements, Omega 3 Fish Oil for Healthy Heart Support, Omega 3 Supplement with 100 Softgels, 50 Day Supply</p><p>$12.59 ($0.13 / Count)</p><a href="https://www.amazon.com/dp/B0000DJAQU?tag=eloabder-20&linkCode=osi&th=1&psc=1">View Product</a></div><div class="product"><a href="https://www.amazon.com/dp/B07DX89ZHN?tag=eloabder-20&linkCode=osi&th=1&psc=1"><img src="https://m.media-amazon.com/images/I/41INqodQzYL._SL500_.jpg" alt="Product Image"></a><p>Sports Research Triple Strength Omega 3 Fish Oil - Burpless Fish Oil Supplement w/EPA & DHA Fatty Acids from Single-Source Wild Alaska Pollock - 1250 mg, 90 ct</p><p>$26.95 ($0.30 / Count)</p><a href="https://www.amazon.com/dp/B07DX89ZHN?tag=eloabder-20&linkCode=osi&th=1&psc=1">View Product</a></div><div class="product"><a href="https://www.amazon.com/dp/B000NPYY04?tag=eloabder-20&linkCode=osi&th=1&psc=1"><img src="https://m.media-amazon.com/images/I/41AB0odrkeL._SL500_.jpg" alt="Product Image"></a><p>Nature's Bounty Fish Oil, Supports Heart Health, 1200 Mg, 360 Mg Omega-3, Rapid Release Softgels, 200 Ct</p><p>$13.32 ($0.07 / Count)</p><a href="https://www.amazon.com/dp/B000NPYY04?tag=eloabder-20&linkCode=osi&th=1&psc=1">View Product</a></div><div class="product"><a href="https://www.amazon.com/dp/B0046XC528?tag=eloabder-20&linkCode=osi&th=1&psc=1"><img src="https://m.media-amazon.com/images/I/41cdANHQ68L._SL500_.jpg" alt="Product Image"></a><p>Nature Made Fish Oil 1000 mg Softgels, Fish Oil Supplements, Omega 3 Fish Oil for Healthy Heart Support, Omega 3 Supplement with 250 Softgels, 125 Day Supply</p><p>$15.59 ($0.06 / Count)</p><a href="https://www.amazon.com/dp/B0046XC528?tag=eloabder-20&linkCode=osi&th=1&psc=1">View Product</a></div><div class="product"><a href="https://www.amazon.com/dp/B014LDT0ZM?tag=eloabder-20&linkCode=osi&th=1&psc=1"><img src="https://m.media-amazon.com/images/I/515A6lAukiL._SL500_.jpg" alt="Product Image"></a><p>Triple Strength Omega 3 Fish Oil Supplement - 2500 mg Fish Oil with Re-Esterified Omega 3 Fatty Acids Including EPA, DHA DPA - 180 Pescatarian-Friendly Softgels</p><p>$56.95 ($0.32 / Count)</p><a href="https://www.amazon.com/dp/B014LDT0ZM?tag=eloabder-20&linkCode=osi&th=1&psc=1">View Product</a></div><div class="product"><a href="https://www.amazon.com/dp/B000HDV7YS?tag=eloabder-20&linkCode=osi&th=1&psc=1"><img src="https://m.media-amazon.com/images/I/41d-hzNXpVL._SL500_.jpg" alt="Product Image"></a><p>Nordic Naturals Ultimate Omega, Lemon Flavor - 60 Soft Gels - 1280 mg Omega-3 - High-Potency Omega-3 Fish Oil Supplement with EPA & DHA - Promotes Brain & Heart Health - Non-GMO - 30 Servings</p><p>$25.46 ($0.42 / Count)</p><a href="https://www.amazon.com/dp/B000HDV7YS?tag=eloabder-20&linkCode=osi&th=1&psc=1">View Product</a></div><div class="product"><a href="https://www.amazon.com/dp/B01GV4O37E?tag=eloabder-20&linkCode=osi&th=1&psc=1"><img src="https://m.media-amazon.com/images/I/41JtERQfIWL._SL500_.jpg" alt="Product Image"></a><p>Arazo Nutrition Wild Caught Omega 3 Fish Oil – 120 Soft Gels – 4,080mg High EPA 1200mg DHA 900mg Lemon Flavor Burpless Softgels</p><p>$28.95 ($0.24 / Count)</p><a href="https://www.amazon.com/dp/B01GV4O37E?tag=eloabder-20&linkCode=osi&th=1&psc=1">View Product</a></div><div class="product"><a href="https://www.amazon.com/dp/B002QMB55Y?tag=eloabder-20&linkCode=osi&th=1&psc=1"><img src="https://m.media-amazon.com/images/I/41I4GSlk++S._SL500_.jpg" alt="Product Image"></a><p>Nature's Bounty Fish Oil, Supports Heart Health, 2400mg, Coated Softgels, 90 Ct.</p><p>$15.17 ($0.17 / Count)</p><a href="https://www.amazon.com/dp/B002QMB55Y?tag=eloabder-20&linkCode=osi&th=1&psc=1">View Product</a></div><div class="product"><a href="https://www.amazon.com/dp/B07L45XQBR?tag=eloabder-20&linkCode=osi&th=1&psc=1"><img src="https://m.media-amazon.com/images/I/41I80jDNmxL._SL500_.jpg" alt="Product Image"></a><p>Triple Strength Omega 3 Fish Oil Supplements 4200mg Per Serving, 240 Softgels – Lemon Flavored – Burpless | EPA 1200mg + DHA 900mg | Deep Sea Fish</p><p>$31.89 ($0.13 / Count)</p><a href="https://www.amazon.com/dp/B07L45XQBR?tag=eloabder-20&linkCode=osi&th=1&psc=1">View Product</a></div>
<div class="product"><a href="https://www.amazon.com/dp/B0016KITZ6?tag=eloabder-20&linkCode=osi&th=1&psc=1"><img src="https://m.media-amazon.com/images/I/41UQ6eGLCkL._SL500_.jpg" alt="Product Image"></a><p>Nature's Bounty Calcium Carbonate & Vitamin D, Supports Immune Health & Bone Health, 1200mg Calcium & 1000IU Vitamin D3, 120 Softgels</p><p>$8.87 ($0.07 / Count)</p><a href="https://www.amazon.com/dp/B0016KITZ6?tag=eloabder-20&linkCode=osi&th=1&psc=1">View Product</a></div><div class="product"><a href="https://www.amazon.com/dp/B0000DJASB?tag=eloabder-20&linkCode=osi&th=1&psc=1"><img src="https://m.media-amazon.com/images/I/41CzICvBiJL._SL500_.jpg" alt="Product Image"></a><p>Nature Made Calcium 600 mg with Vitamin D3, Dietary Supplement for Bone Support, 60 Tablets</p><p>$10.99 ($0.18 / Count)</p><a href="https://www.amazon.com/dp/B0000DJASB?tag=eloabder-20&linkCode=osi&th=1&psc=1">View Product</a></div><div class="product"><a href="https://www.amazon.com/dp/B07RL3KYD7?tag=eloabder-20&linkCode=osi&th=1&psc=1"><img src="https://m.media-amazon.com/images/I/316d4YzxuJL._SL500_.jpg" alt="Product Image"></a><p>Horbäach Calcium 1200 mg with Vitamin D3 | 240 Softgels | 5000 IU Vitamin D3 | Absorbable Calcium Supplement | Non-GMO, Gluten Free Calcium Supplement</p><p>$13.99 ($0.06 / Count)</p><a href="https://www.amazon.com/dp/B07RL3KYD7?tag=eloabder-20&linkCode=osi&th=1&psc=1">View Product</a></div><div class="product"><a href="https://www.amazon.com/dp/B003DRD3PG?tag=eloabder-20&linkCode=osi&th=1&psc=1"><img src="https://m.media-amazon.com/images/I/41FyGawB40L._SL500_.jpg" alt="Product Image"></a><p>vitafusion Chewable Calcium Gummy Vitamins for Bone and Teeth Support, Fruit and Cream Flavored, America’s Number 1 Gummy Vitamin Brand, 50 Day Supply, 100 Count</p><p>$12.48 ($0.12 / Count)</p><a href="https://www.amazon.com/dp/B003DRD3PG?tag=eloabder-20&linkCode=osi&th=1&psc=1">View Product</a></div><div class="product"><a href="https://www.amazon.com/dp/B004B8JGUW?tag=eloabder-20&linkCode=osi&th=1&psc=1"><img src="https://m.media-amazon.com/images/I/41-xzWEtGIL._SL500_.jpg" alt="Product Image"></a><p>Nature Made Calcium 500 mg with Vitamin D3, Dietary Supplement for Bone Support, 130 Tablets</p><p>$12.99 ($0.10 / Count)</p><a href="https://www.amazon.com/dp/B004B8JGUW?tag=eloabder-20&linkCode=osi&th=1&psc=1">View Product</a></div><div class="product"><a href="https://www.amazon.com/dp/B00M5TZ1F8?tag=eloabder-20&linkCode=osi&th=1&psc=1"><img src="https://m.media-amazon.com/images/I/41gddc-hd9L._SL500_.jpg" alt="Product Image"></a><p>21st Century Calcium Supplement, 600 mg, Tablet, 400 Count</p><p>$9.66 ($0.02 / Count)</p><a href="https://www.amazon.com/dp/B00M5TZ1F8?tag=eloabder-20&linkCode=osi&th=1&psc=1">View Product</a></div><div class="product"><a href="https://www.amazon.com/dp/B07RF1QQ4H?tag=eloabder-20&linkCode=osi&th=1&psc=1"><img src="https://m.media-amazon.com/images/I/41-u91UMPBL._SL500_.jpg" alt="Product Image"></a><p>Citracal Slow Release 1200, 1200 mg Calcium Citrate and Calcium Carbonate with 25 mcg (1000 IU) Vitamin D3, Bone Health Support, Calcium Supplement for Ages 12+, Take Once Daily Caplet, 185 Count</p><p>$24.98 ($0.14 / Count)</p><a href="https://www.amazon.com/dp/B07RF1QQ4H?tag=eloabder-20&linkCode=osi&th=1&psc=1">View Product</a></div><div class="product"><a href="https://www.amazon.com/dp/B000OD1F7U?tag=eloabder-20&linkCode=osi&th=1&psc=1"><img src="https://m.media-amazon.com/images/I/41eEl5sj24L._SL500_.jpg" alt="Product Image"></a><p>Nature Made Calcium Magnesium Zinc with Vitamin D3, Dietary Supplement for Bone Support, 300 Tablets</p><p>$10.80 ($0.04 / Count)</p><a href="https://www.amazon.com/dp/B000OD1F7U?tag=eloabder-20&linkCode=osi&th=1&psc=1">View Product</a></div><div class="product"><a href="https://www.amazon.com/dp/B0716RWHX4?tag=eloabder-20&linkCode=osi&th=1&psc=1"><img src="https://m.media-amazon.com/images/I/51GW4bwdnIL._SL500_.jpg" alt="Product Image"></a><p>NATURELO Calcium Supplement - Bone Strength with Calcium 600mg, Vitamin D3, K2, C, Magnesium Zinc - Plant-Based, 120 Vegetarian Capsules, Non-GMO, Soy & Gluten-Free</p><p>$26.95 ($0.22 / Count)</p><a href="https://www.amazon.com/dp/B0716RWHX4?tag=eloabder-20&linkCode=osi&th=1&psc=1">View Product</a></div><div class="product"><a href="https://www.amazon.com/dp/B004L4EJQ2?tag=eloabder-20&linkCode=osi&th=1&psc=1"><img src="https://m.media-amazon.com/images/I/41WkicGmhTL._SL500_.jpg" alt="Product Image"></a><p>Citracal Slow Release 1200, 1200 mg Calcium Citrate and Calcium Carbonate with 25 mcg (1000 IU) Vitamin D3, Bone Health Support, Calcium Supplement for Ages 12+, Take Once Daily Caplet, 80 Count</p><p>$10.92 ($0.14 / Count)</p><a href="https://www.amazon.com/dp/B004L4EJQ2?tag=eloabder-20&linkCode=osi&th=1&psc=1">View Product</a></div>
<div class="product"><a href="https://www.amazon.com/dp/B00GB85JR4?tag=eloabder-20&linkCode=osi&th=1&psc=1"><img src="https://m.media-amazon.com/images/I/31V9icRRnCL._SL500_.jpg" alt="Product Image"></a><p>NatureWise Vitamin D3 5000iu (125 mcg) 1 Year Supply for Healthy Muscle Function, and Immune Support, Non-GMO, Gluten Free in Cold-Pressed Olive Oil, Packaging Vary ( Mini Softgel), 360 Count</p><p>$14.99 ($0.04 / Count)</p><a href="https://www.amazon.com/dp/B00GB85JR4?tag=eloabder-20&linkCode=osi&th=1&psc=1">View Product</a></div><div class="product"><a href="https://www.amazon.com/dp/B004U3Y8OM?tag=eloabder-20&linkCode=osi&th=1&psc=1"><img src="https://m.media-amazon.com/images/I/41FAeb-VvJL._SL500_.jpg" alt="Product Image"></a><p>Nature Made Vitamin D3 1000 IU (25 mcg), Dietary Supplement for Bone, Teeth, Muscle and Immune Health Support, 300 Softgels, 300 Day Supply</p><p>$12.35 ($0.04 / Count)</p><a href="https://www.amazon.com/dp/B004U3Y8OM?tag=eloabder-20&linkCode=osi&th=1&psc=1">View Product</a></div><div class="product"><a href="https://www.amazon.com/dp/B004GJRFYK?tag=eloabder-20&linkCode=osi&th=1&psc=1"><img src="https://m.media-amazon.com/images/I/41AwGxilrHL._SL500_.jpg" alt="Product Image"></a><p>Nature Made Vitamin D3 2000 IU (50 mcg), Dietary Supplement for Bone, Teeth, Muscle and Immune Health Support, 100 Tablets, 100 Day Supply</p><p>$6.99 ($0.07 / Count)</p><a href="https://www.amazon.com/dp/B004GJRFYK?tag=eloabder-20&linkCode=osi&th=1&psc=1">View Product</a></div><div class="product"><a href="https://www.amazon.com/dp/B0032BH76O?tag=eloabder-20&linkCode=osi&th=1&psc=1"><img src="https://m.media-amazon.com/images/I/41GbEgKM04L._SL500_.jpg" alt="Product Image"></a><p>NOW Supplements, Vitamin D-3 5,000 IU, High Potency, Structural Support*, 240 Softgels</p><p>$11.99 ($0.05 / Count)</p><a href="https://www.amazon.com/dp/B0032BH76O?tag=eloabder-20&linkCode=osi&th=1&psc=1">View Product</a></div><div class="product"><a href="https://www.amazon.com/dp/B07BBNNHRX?tag=eloabder-20&linkCode=osi&th=1&psc=1"><img src="https://m.media-amazon.com/images/I/41zWVNAmTZL._SL500_.jpg" alt="Product Image"></a><p>Amazon Basics Vitamin D3 2000 IU Gummies, Orange, Lemon & Strawberry, 160 Count (2 per Serving) (Previously Solimo)</p><p>$8.67 ($0.05 / Count)</p><a href="https://www.amazon.com/dp/B07BBNNHRX?tag=eloabder-20&linkCode=osi&th=1&psc=1">View Product</a></div><div class="product"><a href="https://www.amazon.com/dp/B0797HQFGT?tag=eloabder-20&linkCode=osi&th=1&psc=1"><img src="https://m.media-amazon.com/images/I/41JcH5zgxkL._SL500_.jpg" alt="Product Image"></a><p>THORNE Vitamin D-5000 - Vitamin D3 Supplement - Support Healthy Bones, Teeth, Muscles, Cardiovascular, and Immune Function - NSF Certified for Sport - Dairy-Free, Soy-Free - 60 Capsules</p><p>$16.00 ($0.27 / Count)</p><a href="https://www.amazon.com/dp/B0797HQFGT?tag=eloabder-20&linkCode=osi&th=1&psc=1">View Product</a></div><div class="product"><a href="https://www.amazon.com/dp/B004JO99TG?tag=eloabder-20&linkCode=osi&th=1&psc=1"><img src="https://m.media-amazon.com/images/I/41U+oh75F3L._SL500_.jpg" alt="Product Image"></a><p>Nature's Bounty Vitamin D3 1000 IU Softgels, Immune Support, Promotes Healthy Bones, 350 Ct</p><p>$13.79 ($0.04 / Count)</p><a href="https://www.amazon.com/dp/B004JO99TG?tag=eloabder-20&linkCode=osi&th=1&psc=1">View Product</a></div><div class="product"><a href="https://www.amazon.com/dp/B0828JGTXB?tag=eloabder-20&linkCode=osi&th=1&psc=1"><img src="https://m.media-amazon.com/images/I/41hhc8Dxc5L._SL500_.jpg" alt="Product Image"></a><p>Nature Made Extra Strength Vitamin D3 5000 IU (125 mcg), Dietary Supplement for Bone, Teeth, Muscle and Immune Health Support, 360 Softgels, 360 Day Supply</p><p>$28.58 ($0.08 / Count)</p><a href="https://www.amazon.com/dp/B0828JGTXB?tag=eloabder-20&linkCode=osi&th=1&psc=1">View Product</a></div><div class="product"><a href="https://www.amazon.com/dp/B002QO00YO?tag=eloabder-20&linkCode=osi&th=1&psc=1"><img src="https://m.media-amazon.com/images/I/41SQ-7dbsHL._SL500_.jpg" alt="Product Image"></a><p>Nature Made Vitamin D3 2000 IU (50 mcg), Dietary Supplement for Bone, Teeth, Muscle and Immune Health Support, 90 Softgels, 90 Day Supply</p><p>$6.28 ($0.07 / Count)</p><a href="https://www.amazon.com/dp/B002QO00YO?tag=eloabder-20&linkCode=osi&th=1&psc=1">View Product</a></div><div class="product"><a href="https://www.amazon.com/dp/B00JGCBGZQ?tag=eloabder-20&linkCode=osi&th=1&psc=1"><img src="https://m.media-amazon.com/images/I/417a821IeZL._SL500_.jpg" alt="Product Image"></a><p>Sports Research Vitamin D3 5000 IU with Coconut MCT Oil - High Potency Vitamin D Supplement for Immune & Bone Support - Non-GMO Verified, Gluten & Soy Free – 125mcg, 360 Liquid Softgels</p><p>$18.95 ($0.05 / Count)</p><a href="https://www.amazon.com/dp/B00JGCBGZQ?tag=eloabder-20&linkCode=osi&th=1&psc=1">View Product</a></div>
<div class="product"><a href="https://www.amazon.com/dp/B0000DJASY?tag=eloabder-20&linkCode=osi&th=1&psc=1"><img src="https://m.media-amazon.com/images/I/41PwuIsYASL._SL500_.jpg" alt="Product Image"></a><p>Nature Made Extra Strength Vitamin C 1000 mg, Dietary Supplement for Immune Support, 100 Tablets, 100 Day Supply</p><p>$9.50 ($0.10 / Count)</p><a href="https://www.amazon.com/dp/B0000DJASY?tag=eloabder-20&linkCode=osi&th=1&psc=1">View Product</a></div><div class="product"><a href="https://www.amazon.com/dp/B08FNG91XM?tag=eloabder-20&linkCode=osi&th=1&psc=1"><img src="https://m.media-amazon.com/images/I/41ZC6V+G+HL._SL500_.jpg" alt="Product Image"></a><p>Nature Made Extra Strength Dosage Chewable Vitamin C 1000 mg per serving, Dietary Supplement for Immune Support, 90 Tablets, 45 Day Supply</p><p>$7.49 ($0.08 / Count)</p><a href="https://www.amazon.com/dp/B08FNG91XM?tag=eloabder-20&linkCode=osi&th=1&psc=1">View Product</a></div><div class="product"><a href="https://www.amazon.com/dp/B08YS4ZRTL?tag=eloabder-20&linkCode=osi&th=1&psc=1"><img src="https://m.media-amazon.com/images/I/41GcGPxLCmS._SL500_.jpg" alt="Product Image"></a><p>Nature's Bounty Vitamin C, Supports Immune and Antioxidant Health, Vitamin C Supplement, 1000mg, 300 Caplets</p><p>$18.29 ($0.06 / Count)</p><a href="https://www.amazon.com/dp/B08YS4ZRTL?tag=eloabder-20&linkCode=osi&th=1&psc=1">View Product</a></div><div class="product"><a href="https://www.amazon.com/dp/B001AIXCU6?tag=eloabder-20&linkCode=osi&th=1&psc=1"><img src="https://m.media-amazon.com/images/I/41bTcu8uA7L._SL500_.jpg" alt="Product Image"></a><p>NOW Supplements, Vitamin C-1,000 with 100 mg of Bioflavonoids, Antioxidant protection*, 100 Veg Capsules</p><p>$8.56 ($0.09 / Count)</p><a href="https://www.amazon.com/dp/B001AIXCU6?tag=eloabder-20&linkCode=osi&th=1&psc=1">View Product</a></div><div class="product"><a href="https://www.amazon.com/dp/B07122C9VC?tag=eloabder-20&linkCode=osi&th=1&psc=1"><img src="https://m.media-amazon.com/images/I/41ksWmD5wXL._SL500_.jpg" alt="Product Image"></a><p>Amazon Elements Vitamin C 1000mg, Supports Healthy Immune System, Vegan, 300 Tablets, 10 month supply</p><p>$19.53 ($0.07 / Count)</p><a href="https://www.amazon.com/dp/B07122C9VC?tag=eloabder-20&linkCode=osi&th=1&psc=1">View Product</a></div><div class="product"><a href="https://www.amazon.com/dp/B0CBVWPPR9?tag=eloabder-20&linkCode=osi&th=1&psc=1"><img src="https://m.media-amazon.com/images/I/51K+H5CtsML._SL500_.jpg" alt="Product Image"></a><p>Nature Made Maximum Strength Dosage Vitamin C 1000mg per Serving, Immune Support Vitamin C Gummies for Adults, 80 Vitamin C Gummies, 20 Day Supply</p><p>$14.99 ($0.19 / Count)</p><a href="https://www.amazon.com/dp/B0CBVWPPR9?tag=eloabder-20&linkCode=osi&th=1&psc=1">View Product</a></div><div class="product"><a href="https://www.amazon.com/dp/B000GG87V2?tag=eloabder-20&linkCode=osi&th=1&psc=1"><img src="https://m.media-amazon.com/images/I/41YmbIN07ML._SL500_.jpg" alt="Product Image"></a><p>Nature's Bounty Vitamin C, Supports a Healthy Immune System, Vitamin Supplement, 500mg, 250 Tablets</p><p>$14.39 ($0.06 / Count)</p><a href="https://www.amazon.com/dp/B000GG87V2?tag=eloabder-20&linkCode=osi&th=1&psc=1">View Product</a></div><div class="product"><a href="https://www.amazon.com/dp/B07K8QLGHN?tag=eloabder-20&linkCode=osi&th=1&psc=1"><img src="https://m.media-amazon.com/images/I/51S7oGd68mL._SL500_.jpg" alt="Product Image"></a><p>Nutrivein Liposomal Vitamin C 1650mg - 180 Capsules - High Absorption Ascorbic Acid - Supports Immune System & Collagen Booster - Powerful Antioxidant</p><p>$17.49 ($0.10 / Count)</p><a href="https://www.amazon.com/dp/B07K8QLGHN?tag=eloabder-20&linkCode=osi&th=1&psc=1">View Product</a></div><div class="product"><a href="https://www.amazon.com/dp/B07DH1ZJZ9?tag=eloabder-20&linkCode=osi&th=1&psc=1"><img src="https://m.media-amazon.com/images/I/41krrGmgAoL._SL500_.jpg" alt="Product Image"></a><p>NutriFlair Liposomal Vitamin C 1700mg, 180 Capsules - High Absorption, Fat Soluble VIT C, Antioxidant Supplement, Higher Bioavailability Immune System Support & Collagen Booster, Non-GMO, Vegan Pills</p><p>$20.99 ($0.12 / Count)</p><a href="https://www.amazon.com/dp/B07DH1ZJZ9?tag=eloabder-20&linkCode=osi&th=1&psc=1">View Product</a></div><div class="product"><a href="https://www.amazon.com/dp/B09FYFM7N3?tag=eloabder-20&linkCode=osi&th=1&psc=1"><img src="https://m.media-amazon.com/images/I/41SdBC0uk0L._SL500_.jpg" alt="Product Image"></a><p>THORNE Vitamin C - Blend of Vitamin C and Citrus Bioflavonoids from Oranges - Support Immune System, Production of Cellular Energy, Collagen Production and Healthy Tissue - Gluten-Free - 90 Capsules</p><p>$19.00 ($0.21 / Count)</p><a href="https://www.amazon.com/dp/B09FYFM7N3?tag=eloabder-20&linkCode=osi&th=1&psc=1">View Product</a></div>
<div class="product"><a href="https://www.amazon.com/dp/B00DS5BGDY?tag=eloabder-20&linkCode=osi&th=1&psc=1"><img src="https://m.media-amazon.com/images/I/41zXI0XuNYL._SL500_.jpg" alt="Product Image"></a><p>Nature Made Vitamin B12 1000 mcg, Dietary Supplement for Energy Metabolism Support, 150 Softgels, 150 Day Supply</p><p>$9.98 ($0.07 / Count)</p><a href="https://www.amazon.com/dp/B00DS5BGDY?tag=eloabder-20&linkCode=osi&th=1&psc=1">View Product</a></div><div class="product"><a href="https://www.amazon.com/dp/B005DXM32M?tag=eloabder-20&linkCode=osi&th=1&psc=1"><img src="https://m.media-amazon.com/images/I/41MvjD91oML._SL500_.jpg" alt="Product Image"></a><p>Nature Made Vitamin B12 1000 mcg, Dietary Supplement For Energy Metabolism Support, 160 Time Release Tablets, 160 Day Supply</p><p>$10.65 ($0.07 / Count)</p><a href="https://www.amazon.com/dp/B005DXM32M?tag=eloabder-20&linkCode=osi&th=1&psc=1">View Product</a></div><div class="product"><a href="https://www.amazon.com/dp/B00DYSUQR2?tag=eloabder-20&linkCode=osi&th=1&psc=1"><img src="https://m.media-amazon.com/images/I/41+1qFufxjL._SL500_.jpg" alt="Product Image"></a><p>Nature's Bounty Vitamin B12, Supports Energy Metabolism, Tablets, 1000mcg, 200 Ct</p><p>$12.23 ($0.06 / Count)</p><a href="https://www.amazon.com/dp/B00DYSUQR2?tag=eloabder-20&linkCode=osi&th=1&psc=1">View Product</a></div><div class="product"><a href="https://www.amazon.com/dp/B00CBXSO4I?tag=eloabder-20&linkCode=osi&th=1&psc=1"><img src="https://m.media-amazon.com/images/I/41iG+dyC1gL._SL500_.jpg" alt="Product Image"></a><p>Nature Made Maximum Strength Vitamin B12 5000 mcg, Dietary Supplement for Energy Metabolism Support, 60 Softgels, 60 Day Supply</p><p>$20.11 ($0.34 / Count)</p><a href="https://www.amazon.com/dp/B00CBXSO4I?tag=eloabder-20&linkCode=osi&th=1&psc=1">View Product</a></div><div class="product"><a href="https://www.amazon.com/dp/B0828JPPMX?tag=eloabder-20&linkCode=osi&th=1&psc=1"><img src="https://m.media-amazon.com/images/I/41-qXmm7XgL._SL500_.jpg" alt="Product Image"></a><p>Nature Made Vitamin B12 1000 mcg, Easy to Take Sublingual B12 for Energy Metabolism Support, 150 Sugar Free Fast Dissolve Tablets, 150 Day Supply</p><p>$16.85 ($0.11 / Count)</p><a href="https://www.amazon.com/dp/B0828JPPMX?tag=eloabder-20&linkCode=osi&th=1&psc=1">View Product</a></div><div class="product"><a href="https://www.amazon.com/dp/B07BBFK9QZ?tag=eloabder-20&linkCode=osi&th=1&psc=1"><img src="https://m.media-amazon.com/images/I/41ynYROT4rL._SL500_.jpg" alt="Product Image"></a><p>Amazon Basics Vitamin B12 3000 mcg Gummies, Normal Energy Production and Metabolism, Immune System Support, Raspberry, 100 Count (2 per serving) (Previously Solimo)</p><p>$8.19 ($0.08 / Count)</p><a href="https://www.amazon.com/dp/B07BBFK9QZ?tag=eloabder-20&linkCode=osi&th=1&psc=1">View Product</a></div><div class="product"><a href="https://www.amazon.com/dp/B07BLLJK8H?tag=eloabder-20&linkCode=osi&th=1&psc=1"><img src="https://m.media-amazon.com/images/I/41HZAnyAW7L._SL500_.jpg" alt="Product Image"></a><p>Natrol Vitamin B-12 5000mcg, Dietary Supplement for Cellular Energy Production & Healthy Nervous System Support, 200 Strawberry-Flavored Fast Dissolve Tablets, 200 Day Supply</p><p>$19.98 ($0.10 / count)</p><a href="https://www.amazon.com/dp/B07BLLJK8H?tag=eloabder-20&linkCode=osi&th=1&psc=1">View Product</a></div><div class="product"><a href="https://www.amazon.com/dp/B00OJOL3KO?tag=eloabder-20&linkCode=osi&th=1&psc=1"><img src="https://m.media-amazon.com/images/I/51fIqhTZ-dL._SL500_.jpg" alt="Product Image"></a><p>Vitafusion Extra Strength Vitamin B12 Gummy Vitamins for Energy Metabolism Support and Nervous System Health Support, Cherry Flavored, America’s Number 1 Brand, 45 Day Supply, 90 Count</p><p>$9.74 ($0.11 / Count)</p><a href="https://www.amazon.com/dp/B00OJOL3KO?tag=eloabder-20&linkCode=osi&th=1&psc=1">View Product</a></div><div class="product"><a href="https://www.amazon.com/dp/B00NV5UTIE?tag=eloabder-20&linkCode=osi&th=1&psc=1"><img src="https://m.media-amazon.com/images/I/31mynYEQnsL._SL500_.jpg" alt="Product Image"></a><p>EZ Melts B12 Sublingual Vitamin 2,500 mcg, Methylcobalamin, Sugar-Free, 3-Month Supply</p><p>$19.50 ($0.22 / Count)</p><a href="https://www.amazon.com/dp/B00NV5UTIE?tag=eloabder-20&linkCode=osi&th=1&psc=1">View Product</a></div><div class="product"><a href="https://www.amazon.com/dp/B075DC51YC?tag=eloabder-20&linkCode=osi&th=1&psc=1"><img src="https://m.media-amazon.com/images/I/41Ssq0mbl+L._SL500_.jpg" alt="Product Image"></a><p>Amazon Elements Vitamin B12 Methylcobalamin 5000 mcg - Normal Energy Production and Metabolism, Immune System Support - 2 Month Supply, Berry Flavored Lozenges, 65 Count (Pack of 1)</p><p>$12.07 ($0.19 / Count)</p><a href="https://www.amazon.com/dp/B075DC51YC?tag=eloabder-20&linkCode=osi&th=1&psc=1">View Product</a></div>
<div class="product"><a href="https://www.amazon.com/dp/B0012DENSE?tag=eloabder-20&linkCode=osi&th=1&psc=1"><img src="https://m.media-amazon.com/images/I/41ov4b84P2L._SL500_.jpg" alt="Product Image"></a><p>Nature Made Vitamin E 180 mg (400 IU) dl-Alpha, Dietary Supplement for Antioxidant Support, 100 Softgels, 100 Day Supply</p><p>$7.99 ($0.08 / Count)</p><a href="https://www.amazon.com/dp/B0012DENSE?tag=eloabder-20&linkCode=osi&th=1&psc=1">View Product</a></div><div class="product"><a href="https://www.amazon.com/dp/B07BFSFCDS?tag=eloabder-20&linkCode=osi&th=1&psc=1"><img src="https://m.media-amazon.com/images/I/41pk1ggHalS._SL500_.jpg" alt="Product Image"></a><p>Amazon Elements Vitamin E, 400 IU, 100 Softgels, 100 days of supply (Packaging may vary)</p><p>$10.52 ($0.11 / count)</p><a href="https://www.amazon.com/dp/B07BFSFCDS?tag=eloabder-20&linkCode=osi&th=1&psc=1">View Product</a></div><div class="product"><a href="https://www.amazon.com/dp/B002QMB57C?tag=eloabder-20&linkCode=osi&th=1&psc=1"><img src="https://m.media-amazon.com/images/I/41ILutGzoOL._SL500_.jpg" alt="Product Image"></a><p>Nature's Bounty Vitamin E 1000 IU Softgels, Supports Antioxidant Health & Immune System, 1 Pack, 60 Softgels</p><p>$18.48 ($0.31 / Count)</p><a href="https://www.amazon.com/dp/B002QMB57C?tag=eloabder-20&linkCode=osi&th=1&psc=1">View Product</a></div><div class="product"><a href="https://www.amazon.com/dp/B0C2SY3BG3?tag=eloabder-20&linkCode=osi&th=1&psc=1"><img src="https://m.media-amazon.com/images/I/41b1yne-vuL._SL500_.jpg" alt="Product Image"></a><p>NatureBell Vitamin E Oil Softgels, 1,000 IU Per Serving, 300 Pills | Essential Antioxidant Supplements, Easily Absorbed Form – Supports Skin, Heart, & Immune Health – Non-GMO</p><p>$23.95 ($0.08 / Count)</p><a href="https://www.amazon.com/dp/B0C2SY3BG3?tag=eloabder-20&linkCode=osi&th=1&psc=1">View Product</a></div><div class="product"><a href="https://www.amazon.com/dp/B0001VURB0?tag=eloabder-20&linkCode=osi&th=1&psc=1"><img src="https://m.media-amazon.com/images/I/41F7-5JvK1L._SL500_.jpg" alt="Product Image"></a><p>Solgar Vitamin E 268 MG (400 IU) (d-Alpha Tocopherol & Mixed Tocopherols), 100 Softgels - Supports Immune System & Skin Nutrition - Natural Antioxidant - Gluten Free, Dairy Free - 100 Servings</p><p>$13.74 ($0.14 / Count)</p><a href="https://www.amazon.com/dp/B0001VURB0?tag=eloabder-20&linkCode=osi&th=1&psc=1">View Product</a></div><div class="product"><a href="https://www.amazon.com/dp/B01I5OB3LW?tag=eloabder-20&linkCode=osi&th=1&psc=1"><img src="https://m.media-amazon.com/images/I/417sk03NClL._SL500_.jpg" alt="Product Image"></a><p>Nutricost Vitamin E 400 IU, 240 Softgel Capsules - Gluten Free, Non-GMO</p><p>$15.95 ($0.07 / Count)</p><a href="https://www.amazon.com/dp/B01I5OB3LW?tag=eloabder-20&linkCode=osi&th=1&psc=1">View Product</a></div><div class="product"><a href="https://www.amazon.com/dp/B00128X11E?tag=eloabder-20&linkCode=osi&th=1&psc=1"><img src="https://m.media-amazon.com/images/I/41518K4wU4L._SL500_.jpg" alt="Product Image"></a><p>Solgar Vitamin E 670 mg (1000 IU), 100 Mixed Softgels - Natural Antioxidant, Skin & Immune System Support - Naturally-Sourced Vitamin E - Gluten /Dairy Free - 100 Servings</p><p>$24.99 ($0.25 / Count)</p><a href="https://www.amazon.com/dp/B00128X11E?tag=eloabder-20&linkCode=osi&th=1&psc=1">View Product</a></div><div class="product"><a href="https://www.amazon.com/dp/B0013OSMC0?tag=eloabder-20&linkCode=osi&th=1&psc=1"><img src="https://m.media-amazon.com/images/I/41fX51ecI9L._SL500_.jpg" alt="Product Image"></a><p>NOW Supplements, Vitamin E-400 IU, D-Alpha Tocopheryl, Antioxidant Protection*, 250 Softgels</p><p>$23.24 ($0.09 / Count)</p><a href="https://www.amazon.com/dp/B0013OSMC0?tag=eloabder-20&linkCode=osi&th=1&psc=1">View Product</a></div><div class="product"><a href="https://www.amazon.com/dp/B0841865YD?tag=eloabder-20&linkCode=osi&th=1&psc=1"><img src="https://m.media-amazon.com/images/I/51KkOblPIXL._SL500_.jpg" alt="Product Image"></a><p>NATURELO Vitamin E - 180 mg (300 IU) of Natural Mixed Tocopherols from Organic Whole Foods - Supplement for Healthy Skin, Hair, Nails, Immune & Eye Health - Non-GMO, Soy Free - 90 Vegan Capsules</p><p>$24.95 ($0.28 / Count)</p><a href="https://www.amazon.com/dp/B0841865YD?tag=eloabder-20&linkCode=osi&th=1&psc=1">View Product</a></div><div class="product"><a href="https://www.amazon.com/dp/B001GCU7XQ?tag=eloabder-20&linkCode=osi&th=1&psc=1"><img src="https://m.media-amazon.com/images/I/418jGSEC+-L._SL500_.jpg" alt="Product Image"></a><p>Nature's Bounty Vitamin E Pills and Supplement Softgels, Supports Antioxidant Health, 400iu, Multi, 180 mg, 120 Count (Pack of 1)</p><p>$9.99 ($0.08 / Count)</p><a href="https://www.amazon.com/dp/B001GCU7XQ?tag=eloabder-20&linkCode=osi&th=1&psc=1">View Product</a></div>
<div class="product"><a href="https://www.amazon.com/dp/B006QQRY2O?tag=eloabder-20&linkCode=osi&th=1&psc=1"><img src="https://m.media-amazon.com/images/I/419WjZLvLFL._SL500_.jpg" alt="Product Image"></a><p>Nature's Bounty Iron 65mg, 325 mg Ferrous Sulfate, Cellular Energy Support, Promotes Normal Red Blood Cell Production, 100 Tablets</p><p>$5.45 ($0.05 / Count)</p><a href="https://www.amazon.com/dp/B006QQRY2O?tag=eloabder-20&linkCode=osi&th=1&psc=1">View Product</a></div><div class="product"><a href="https://www.amazon.com/dp/B0797GZDZL?tag=eloabder-20&linkCode=osi&th=1&psc=1"><img src="https://m.media-amazon.com/images/I/41I3K79zuFL._SL500_.jpg" alt="Product Image"></a><p>THORNE Iron Bisglycinate - 25 mg Iron Supplement for Enhanced Absorption Without Gastrointestinal Side Effects - NSF Certified for Sport - Gluten-Free - 60 Capsules</p><p>$14.00 ($0.23 / Count)</p><a href="https://www.amazon.com/dp/B0797GZDZL?tag=eloabder-20&linkCode=osi&th=1&psc=1">View Product</a></div><div class="product"><a href="https://www.amazon.com/dp/B000WQDD2O?tag=eloabder-20&linkCode=osi&th=1&psc=1"><img src="https://m.media-amazon.com/images/I/41jQi-zmmlL._SL500_.jpg" alt="Product Image"></a><p>NOW Supplements, Iron 18 mg, Non-Constipating*, Essential Mineral, 120 Veg Capsules</p><p>$7.95 ($0.07 / Count)</p><a href="https://www.amazon.com/dp/B000WQDD2O?tag=eloabder-20&linkCode=osi&th=1&psc=1">View Product</a></div><div class="product"><a href="https://www.amazon.com/dp/B08R68324Q?tag=eloabder-20&linkCode=osi&th=1&psc=1"><img src="https://m.media-amazon.com/images/I/41b3TxAwD0L._SL500_.jpg" alt="Product Image"></a><p>Doctor's Recipes Iron Supplement 65 mg with Vitamin C - Maximized Absorption & Stomach Friendly Iron Pills for Red Blood Cells Formation, Heart, Brain & Immunity Health - Vegan Non-GMO 60 Iron Tablets</p><p>$15.98 ($0.27 / Count)</p><a href="https://www.amazon.com/dp/B08R68324Q?tag=eloabder-20&linkCode=osi&th=1&psc=1">View Product</a></div><div class="product"><a href="https://www.amazon.com/dp/B0797PJQMT?tag=eloabder-20&linkCode=osi&th=1&psc=1"><img src="https://m.media-amazon.com/images/I/31p4ynvy7OL._SL500_.jpg" alt="Product Image"></a><p>THORNE Ferrasorb - 36 mg Iron with Essential Nutrients - Complete Blood Support Formula - Elemental Iron, Folate, B and C Vitamins for Optimal Absorption - Gluten-Free - 60 Capsules</p><p>$24.00 ($0.40 / Count)</p><a href="https://www.amazon.com/dp/B0797PJQMT?tag=eloabder-20&linkCode=osi&th=1&psc=1">View Product</a></div><div class="product"><a href="https://www.amazon.com/dp/B00FYOU6AG?tag=eloabder-20&linkCode=osi&th=1&psc=1"><img src="https://m.media-amazon.com/images/I/41oKBWWRn0L._SL500_.jpg" alt="Product Image"></a><p>NOW Supplements, Iron 36 mg, Double Strength, Non-Constipating*, Essential Mineral, 90 Veg Capsules</p><p>$8.90 ($0.10 / Count)</p><a href="https://www.amazon.com/dp/B00FYOU6AG?tag=eloabder-20&linkCode=osi&th=1&psc=1">View Product</a></div><div class="product"><a href="https://www.amazon.com/dp/B07YM21GR5?tag=eloabder-20&linkCode=osi&th=1&psc=1"><img src="https://m.media-amazon.com/images/I/31Jsc2g7KXL._SL500_.jpg" alt="Product Image"></a><p>MaryRuth Organics Iron Supplement for Women Men & Kids, Liquid Iron Supplement for Women Men & Kids, Iron for Healthy Blood & Oxygen, Ages 4 & Up, Sugar Free, Vegan, Non-GMO, Gluten Free, 15.22 Fl Oz</p><p>$37.95 ($2.49 / Fl Oz)</p><a href="https://www.amazon.com/dp/B07YM21GR5?tag=eloabder-20&linkCode=osi&th=1&psc=1">View Product</a></div><div class="product"><a href="https://www.amazon.com/dp/B0010XQ5L4?tag=eloabder-20&linkCode=osi&th=1&psc=1"><img src="https://m.media-amazon.com/images/I/41hPxe+bb0L._SL500_.jpg" alt="Product Image"></a><p>Country Life - Easy Iron, 25 mg - 90 Vegetarian Capsules</p><p>$13.12 ($0.15 / Count)</p><a href="https://www.amazon.com/dp/B0010XQ5L4?tag=eloabder-20&linkCode=osi&th=1&psc=1">View Product</a></div><div class="product"><a href="https://www.amazon.com/dp/B07JMDYMLS?tag=eloabder-20&linkCode=osi&th=1&psc=1"><img src="https://m.media-amazon.com/images/I/41VfbglceOL._SL500_.jpg" alt="Product Image"></a><p>Fusion Lifestyle Chewable Iron Supplement for Women & Men - Cherry Flavor, Iron Vitamin C Soft Chew for Max Absorption, Iron as Ferrous Fumarate, Ideal for Anemia and Iron Deficiency, 2 Month Supply</p><p>$32.99 ($0.55 / Count)</p><a href="https://www.amazon.com/dp/B07JMDYMLS?tag=eloabder-20&linkCode=osi&th=1&psc=1">View Product</a></div>
<div class="product"><a href="https://www.amazon.com/dp/B00H5PJ0HW?tag=eloabder-20&linkCode=osi&th=1&psc=1"><img src="https://m.media-amazon.com/images/I/414mKN9ZjbL._SL500_.jpg" alt="Product Image"></a><p>Nature's Bounty Magnesium, Bone and Muscle Health, Whole Body Support, Tablets, 500 Mg, 200 Ct</p><p>$11.28 ($0.06 / Count)</p><a href="https://www.amazon.com/dp/B00H5PJ0HW?tag=eloabder-20&linkCode=osi&th=1&psc=1">View Product</a></div><div class="product"><a href="https://www.amazon.com/dp/B0002VG3QC?tag=eloabder-20&linkCode=osi&th=1&psc=1"><img src="https://m.media-amazon.com/images/I/4164AhPYwZL._SL500_.jpg" alt="Product Image"></a><p>Nature Made Magnesium Oxide 250 mg, Magnesium Supplement for Muscle, Heart, Bone and Nerve Health Support, 200 Tablets, 200 Day Supply</p><p>$6.79 ($0.03 / Count)</p><a href="https://www.amazon.com/dp/B0002VG3QC?tag=eloabder-20&linkCode=osi&th=1&psc=1">View Product</a></div><div class="product"><a href="https://www.amazon.com/dp/B07TNJRN9N?tag=eloabder-20&linkCode=osi&th=1&psc=1"><img src="https://m.media-amazon.com/images/I/41TIcE1sPPL._SL500_.jpg" alt="Product Image"></a><p>BioEmblem Triple Magnesium Complex | 300mg of Magnesium Glycinate, Malate, & Citrate for Muscles, Nerves, & Energy | High Absorption | Vegan, Non-GMO | 90 Capsules</p><p>$27.99 ($0.31 / Count)</p><a href="https://www.amazon.com/dp/B07TNJRN9N?tag=eloabder-20&linkCode=osi&th=1&psc=1">View Product</a></div><div class="product"><a href="https://www.amazon.com/dp/B0058HWV9S?tag=eloabder-20&linkCode=osi&th=1&psc=1"><img src="https://m.media-amazon.com/images/I/41DCInMZ2qL._SL500_.jpg" alt="Product Image"></a><p>Pure Encapsulations Magnesium (Glycinate) - Supplement to Support Stress Relief, Sleep, Heart Health, Nerves, Muscles, and Metabolism* - with Magnesium Glycinate - 180 Capsules</p><p>$44.60 ($0.25 / Count)</p><a href="https://www.amazon.com/dp/B0058HWV9S?tag=eloabder-20&linkCode=osi&th=1&psc=1">View Product</a></div><div class="product"><a href="https://www.amazon.com/dp/B000BD0RT0?tag=eloabder-20&linkCode=osi&th=1&psc=1"><img src="https://m.media-amazon.com/images/I/31xdCnZt+TL._SL500_.jpg" alt="Product Image"></a><p>Doctor's Best High Absorption Magnesium Glycinate Lysinate, 100% Chelated, Non-GMO, Vegan, Gluten & Soy Free, 100 mg, 240 Count</p><p>$18.19 ($0.08 / Count)</p><a href="https://www.amazon.com/dp/B000BD0RT0?tag=eloabder-20&linkCode=osi&th=1&psc=1">View Product</a></div><div class="product"><a href="https://www.amazon.com/dp/B01CJGXMU2?tag=eloabder-20&linkCode=osi&th=1&psc=1"><img src="https://m.media-amazon.com/images/I/41vazOiu5hL._SL500_.jpg" alt="Product Image"></a><p>Nature Made Magnesium Oxide 250 mg, Magnesium Supplement for Muscle, Heart, Bone and Nerve Health Support, 100 Tablets, 100 Day Supply</p><p>$4.49 ($0.04 / Count)</p><a href="https://www.amazon.com/dp/B01CJGXMU2?tag=eloabder-20&linkCode=osi&th=1&psc=1">View Product</a></div><div class="product"><a href="https://www.amazon.com/dp/B08FQWXCVS?tag=eloabder-20&linkCode=osi&th=1&psc=1"><img src="https://m.media-amazon.com/images/I/41GdE5-X4KL._SL500_.jpg" alt="Product Image"></a><p>Vitalitown Magnesium Complex Supplement 500mg - Maximized Absorption Chelated Magnesium Glycinate, Malate, Taurate & Citrate - Vegan Non-GMO Magnesium 120 Capsules for Sleep, Muscle, Energy & Heart</p><p>$15.39 ($0.13 / Count)</p><a href="https://www.amazon.com/dp/B08FQWXCVS?tag=eloabder-20&linkCode=osi&th=1&psc=1">View Product</a></div><div class="product"><a href="https://www.amazon.com/dp/B00A7HDABW?tag=eloabder-20&linkCode=osi&th=1&psc=1"><img src="https://m.media-amazon.com/images/I/41nW4okNqlL._SL500_.jpg" alt="Product Image"></a><p>Life Extension Magnesium Caps, 500 mg, magnesium oxide, citrate, succinate, heart health, healthy bones, metabolism support, 100 vegetarian capsules</p><p>$9.00 ($0.09 / Count)</p><a href="https://www.amazon.com/dp/B00A7HDABW?tag=eloabder-20&linkCode=osi&th=1&psc=1">View Product</a></div>
<div class="product"><a href="https://www.amazon.com/dp/B08YLTCDTN?tag=eloabder-20&linkCode=osi&th=1&psc=1"><img src="https://m.media-amazon.com/images/I/41aybXdjmLL._SL500_.jpg" alt="Product Image"></a><p>Nature's Bounty Zinc 50mg, Immune Support & Antioxidant Supplement, Promotes Skin Health 250 Caplets</p><p>$9.48 ($0.04 / Count)</p><a href="https://www.amazon.com/dp/B08YLTCDTN?tag=eloabder-20&linkCode=osi&th=1&psc=1">View Product</a></div><div class="product"><a href="https://www.amazon.com/dp/B0000DJAPU?tag=eloabder-20&linkCode=osi&th=1&psc=1"><img src="https://m.media-amazon.com/images/I/41AWyU-R3pL._SL500_.jpg" alt="Product Image"></a><p>Nature Made Zinc 30 mg, Dietary Supplement for Immune Health and Antioxidant Support, 100 Tablets, 100 Day Supply</p><p>$4.99 ($0.05 / Count)</p><a href="https://www.amazon.com/dp/B0000DJAPU?tag=eloabder-20&linkCode=osi&th=1&psc=1">View Product</a></div><div class="product"><a href="https://www.amazon.com/dp/B0098U0QC0?tag=eloabder-20&linkCode=osi&th=1&psc=1"><img src="https://m.media-amazon.com/images/I/5129AYBHcsS._SL500_.jpg" alt="Product Image"></a><p>Garden of Life Zinc Supplements 30mg High Potency Raw Zinc and Vitamin C Multimineral Supplement, Vitamin Code Vitamins Trace Minerals & Probiotics for Skin Health & Immune Support, 60 Vegan Capsules</p><p>$11.19 ($0.19 / Count)</p><a href="https://www.amazon.com/dp/B0098U0QC0?tag=eloabder-20&linkCode=osi&th=1&psc=1">View Product</a></div><div class="product"><a href="https://www.amazon.com/dp/B009K6TN08?tag=eloabder-20&linkCode=osi&th=1&psc=1"><img src="https://m.media-amazon.com/images/I/41+5SobvuAL._SL500_.jpg" alt="Product Image"></a><p>NOW Supplements, Zinc (Zinc Gluconate) 50 mg, Supports Enzyme Functions*, Immune Support*, 100 Tablets</p><p>$4.88 ($0.05 / Count)</p><a href="https://www.amazon.com/dp/B009K6TN08?tag=eloabder-20&linkCode=osi&th=1&psc=1">View Product</a></div><div class="product"><a href="https://www.amazon.com/dp/B000H7Y9A8?tag=eloabder-20&linkCode=osi&th=1&psc=1"><img src="https://m.media-amazon.com/images/I/41UAoe66yEL._SL500_.jpg" alt="Product Image"></a><p>Pure Encapsulations Zinc 30 mg - Supplement for Immune System Support, Growth and Development, and Wound Healing* - with Zinc Picolinate 30 mg - 180 Capsules</p><p>$40.20 ($0.22 / Count)</p><a href="https://www.amazon.com/dp/B000H7Y9A8?tag=eloabder-20&linkCode=osi&th=1&psc=1">View Product</a></div><div class="product"><a href="https://www.amazon.com/dp/B087YLTR4G?tag=eloabder-20&linkCode=osi&th=1&psc=1"><img src="https://m.media-amazon.com/images/I/41hh-3XSXjL._SL500_.jpg" alt="Product Image"></a><p>Sandhu’s Zinc Quercetin 120 Vegetarian Capsules – Zinc Supplements for Antioxidant Immune Support Zinc for Men and Women – Gluten, Soy, Dairy Free</p><p>$27.99 ($0.23 / Count)</p><a href="https://www.amazon.com/dp/B087YLTR4G?tag=eloabder-20&linkCode=osi&th=1&psc=1">View Product</a></div><div class="product"><a href="https://www.amazon.com/dp/B07QF5YZPM?tag=eloabder-20&linkCode=osi&th=1&psc=1"><img src="https://m.media-amazon.com/images/I/31-Es0RvwCL._SL500_.jpg" alt="Product Image"></a><p>Horbäach Chelated Zinc Supplement 100mg | 250 Tablets | High Potency & Superior Absorption | Vegetarian, Non-GMO, Gluten Free</p><p>$9.39 ($0.04 / Count)</p><a href="https://www.amazon.com/dp/B07QF5YZPM?tag=eloabder-20&linkCode=osi&th=1&psc=1">View Product</a></div><div class="product"><a href="https://www.amazon.com/dp/B0797NSHQX?tag=eloabder-20&linkCode=osi&th=1&psc=1"><img src="https://m.media-amazon.com/images/I/41VaF3Lgx2L._SL500_.jpg" alt="Product Image"></a><p>Thorne Zinc Picolinate 15mg - Highly Absorbable Zinc Supplement - Supports Wellness, Immune System, Eye, Skin, and Reproductive Health - Gluten-Free, Soy-Free, Dairy-Free - 60 Capsules</p><p>$13.00 ($0.22 / Count)</p><a href="https://www.amazon.com/dp/B0797NSHQX?tag=eloabder-20&linkCode=osi&th=1&psc=1">View Product</a></div><div class="product"><a href="https://www.amazon.com/dp/B0012ZQPKG?tag=eloabder-20&linkCode=osi&th=1&psc=1"><img src="https://m.media-amazon.com/images/I/41QkOY2NKkL._SL500_.jpg" alt="Product Image"></a><p>Thorne Zinc Picolinate 30 mg - Well-Absorbed Zinc Supplement for Growth and Immune Function - 60 Capsules</p><p>$18.00 ($0.30 / Count)</p><a href="https://www.amazon.com/dp/B0012ZQPKG?tag=eloabder-20&linkCode=osi&th=1&psc=1">View Product</a></div>
<div class="product"><a href="https://www.amazon.com/dp/B0000DJAPS?tag=eloabder-20&linkCode=osi&th=1&psc=1"><img src="https://m.media-amazon.com/images/I/41V-vVwQs7L._SL500_.jpg" alt="Product Image"></a><p>Nature Made Folic Acid 400 mcg (665 mcg DFE), Dietary Supplement for Nervous System Function, 250 Tablets, 250 Day Supply</p><p>$6.31 ($0.03 / Count)</p><a href="https://www.amazon.com/dp/B0000DJAPS?tag=eloabder-20&linkCode=osi&th=1&psc=1">View Product</a></div><div class="product"><a href="https://www.amazon.com/dp/B099JC2YTF?tag=eloabder-20&linkCode=osi&th=1&psc=1"><img src="https://m.media-amazon.com/images/I/41T14HpE5hS._SL500_.jpg" alt="Product Image"></a><p>Vitamatic Folic Acid 1000 mcg (1 mg) - Vegetarian Tablets - 1667 mcg DFE - Vitamin B9 (240 Count (Pack of 1))</p><p>$9.99 ($0.04 / Count)</p><a href="https://www.amazon.com/dp/B099JC2YTF?tag=eloabder-20&linkCode=osi&th=1&psc=1">View Product</a></div><div class="product"><a href="https://www.amazon.com/dp/B01IO43YO2?tag=eloabder-20&linkCode=osi&th=1&psc=1"><img src="https://m.media-amazon.com/images/I/41osMHAFreL._SL500_.jpg" alt="Product Image"></a><p>Nutricost Folic Acid (Vitamin B9) 1000 mcg, 240 Capsules</p><p>$12.95 ($0.05 / Count)</p><a href="https://www.amazon.com/dp/B01IO43YO2?tag=eloabder-20&linkCode=osi&th=1&psc=1">View Product</a></div><div class="product"><a href="https://www.amazon.com/dp/B0064RBBD8?tag=eloabder-20&linkCode=osi&th=1&psc=1"><img src="https://m.media-amazon.com/images/I/41d+BGZ--4L._SL500_.jpg" alt="Product Image"></a><p>Pure Encapsulations Folic Acid | Hypoallergenic Dietary Supplement | 60 Capsules</p><p>$15.00 ($0.25 / Count)</p><a href="https://www.amazon.com/dp/B0064RBBD8?tag=eloabder-20&linkCode=osi&th=1&psc=1">View Product</a></div><div class="product"><a href="https://www.amazon.com/dp/B0009U84Z4?tag=eloabder-20&linkCode=osi&th=1&psc=1"><img src="https://m.media-amazon.com/images/I/41XgVk+QOcL._SL500_.jpg" alt="Product Image"></a><p>NOW Supplements, Folic Acid 800 mcg + B-12 (Cyanocobalamin) 25 mcg, B Complex Vitamin, 250 Tablets</p><p>$5.50 ($0.02 / Count)</p><a href="https://www.amazon.com/dp/B0009U84Z4?tag=eloabder-20&linkCode=osi&th=1&psc=1">View Product</a></div><div class="product"><a href="https://www.amazon.com/dp/B00E4MRDZ0?tag=eloabder-20&linkCode=osi&th=1&psc=1"><img src="https://m.media-amazon.com/images/I/41omS-OckKL._SL500_.jpg" alt="Product Image"></a><p>Nature's Bounty Folic Acid Supplement, Supports Cardiovascular Health, 800mcg, Tablet 250 Count(Pack of 3)</p><p>$19.96 ($0.03 / Count)</p><a href="https://www.amazon.com/dp/B00E4MRDZ0?tag=eloabder-20&linkCode=osi&th=1&psc=1">View Product</a></div><div class="product"><a href="https://www.amazon.com/dp/B0916BDPMJ?tag=eloabder-20&linkCode=osi&th=1&psc=1"><img src="https://m.media-amazon.com/images/I/41haieRUb3L._SL500_.jpg" alt="Product Image"></a><p>Amazon Elements Folic Acid 800 mcg per serving, Tablet, 180 Count, Pack of 1, Women's Dietary Supplement for Healthy Prenatal Development, 6 Months of Supply</p><p>$7.19 ($0.04 / Count)</p><a href="https://www.amazon.com/dp/B0916BDPMJ?tag=eloabder-20&linkCode=osi&th=1&psc=1">View Product</a></div><div class="product"><a href="https://www.amazon.com/dp/B00BMEHOH0?tag=eloabder-20&linkCode=osi&th=1&psc=1"><img src="https://m.media-amazon.com/images/I/416p4YruzOL._SL500_.jpg" alt="Product Image"></a><p>Nature's Bounty Folic Acid 1 mg 150 Tablets (Packaging May Vary)</p><p>$16.50 ($0.11 / Count)</p><a href="https://www.amazon.com/dp/B00BMEHOH0?tag=eloabder-20&linkCode=osi&th=1&psc=1">View Product</a></div><div class="product"><a href="https://www.amazon.com/dp/B000HRVSP2?tag=eloabder-20&linkCode=osi&th=1&psc=1"><img src="https://m.media-amazon.com/images/I/519T+k2KycL._SL500_.jpg" alt="Product Image"></a><p>Nature's Bounty Folic Acid 800 mcg Tablets Maximum Strength 250 ea</p><p>$9.95 ($0.04 / Count)</p><a href="https://www.amazon.com/dp/B000HRVSP2?tag=eloabder-20&linkCode=osi&th=1&psc=1">View Product</a></div><div class="product"><a href="https://www.amazon.com/dp/B08SQBNKHY?tag=eloabder-20&linkCode=osi&th=1&psc=1"><img src="https://m.media-amazon.com/images/I/41mEOSBbHzL._SL500_.jpg" alt="Product Image"></a><p>Best Naturals Folic Acid 1000 mcg (Vitamin B9), 240 Tablets</p><p>$9.99 ($0.04 / Count)</p><a href="https://www.amazon.com/dp/B08SQBNKHY?tag=eloabder-20&linkCode=osi&th=1&psc=1">View Product</a></div>
<div class="product"><a href="https://www.amazon.com/dp/B009SZXM4E?tag=eloabder-20&linkCode=osi&th=1&psc=1"><img src="https://m.media-amazon.com/images/I/418wJuLSwhL._SL500_.jpg" alt="Product Image"></a><p>Nature's Bounty Biotin, Supports Healthy Hair, Skin and Nails, 10,000 mcg, Rapid Release Softgels, 120 Ct</p><p>$9.79 ($0.08 / Count)</p><a href="https://www.amazon.com/dp/B009SZXM4E?tag=eloabder-20&linkCode=osi&th=1&psc=1">View Product</a></div><div class="product"><a href="https://www.amazon.com/dp/B00T56FQAE?tag=eloabder-20&linkCode=osi&th=1&psc=1"><img src="https://m.media-amazon.com/images/I/41CR7r5GWdL._SL500_.jpg" alt="Product Image"></a><p>Sports Research Vegan Biotin 10,000mcg with Coconut Oil - Max Strength Biotin Vitamin B7 for Skin and Keratin Support - Non-GMO & Gluten Free, 120 Softgels (4 Month Supply)</p><p>$19.95 ($0.17 / Count)</p><a href="https://www.amazon.com/dp/B00T56FQAE?tag=eloabder-20&linkCode=osi&th=1&psc=1">View Product</a></div><div class="product"><a href="https://www.amazon.com/dp/B0719HYML3?tag=eloabder-20&linkCode=osi&th=1&psc=1"><img src="https://m.media-amazon.com/images/I/41rmUlXp+4L._SL500_.jpg" alt="Product Image"></a><p>Amazon Elements Vegan Biotin 5000 mcg - Hair, Skin, Nails, 130 Capsules (4 month supply) (Packaging may vary)</p><p>$7.03 ($0.05 / Count)</p><a href="https://www.amazon.com/dp/B0719HYML3?tag=eloabder-20&linkCode=osi&th=1&psc=1">View Product</a></div><div class="product"><a href="https://www.amazon.com/dp/B00IOZWC2M?tag=eloabder-20&linkCode=osi&th=1&psc=1"><img src="https://m.media-amazon.com/images/I/41Y7fofhv1L._SL500_.jpg" alt="Product Image"></a><p>Sports Research Vegan Biotin 5000mcg with Organic Coconut Oil - Extra Strength Biotin Vitamin B7 for Healthier Hair & Skin + Keratin Support - Non-GMO & Gluten Free, 120 Softgels (4 Month Supply)</p><p>$17.95 ($0.15 / Count)</p><a href="https://www.amazon.com/dp/B00IOZWC2M?tag=eloabder-20&linkCode=osi&th=1&psc=1">View Product</a></div><div class="product"><a href="https://www.amazon.com/dp/B0B4T4YXTG?tag=eloabder-20&linkCode=osi&th=1&psc=1"><img src="https://m.media-amazon.com/images/I/417ahMZezEL._SL500_.jpg" alt="Product Image"></a><p>Bronson Biotin 10,000 MCG Supports Healthy Hair, Skin & Nails & Energy Production - High Potency Beauty Support - Non-GMO, 360 Vegetarian Tablets</p><p>$14.97 ($0.04 / Count)</p><a href="https://www.amazon.com/dp/B0B4T4YXTG?tag=eloabder-20&linkCode=osi&th=1&psc=1">View Product</a></div><div class="product"><a href="https://www.amazon.com/dp/B0CF9Y1DM6?tag=eloabder-20&linkCode=osi&th=1&psc=1"><img src="https://m.media-amazon.com/images/I/51YjrkdFPbL._SL500_.jpg" alt="Product Image"></a><p>VITBOOST Biotin with Hyaluronic Acid, Collagen and Keratin – 25000 mcg Hair Growth Vitamins for Men and Women – Nails and Skin, USA Made - Third Party Tested, B1, B2, B3, B6, B7 Complex - 60 Capsules</p><p>$17.95 ($0.30 / Count)</p><a href="https://www.amazon.com/dp/B0CF9Y1DM6?tag=eloabder-20&linkCode=osi&th=1&psc=1">View Product</a></div><div class="product"><a href="https://www.amazon.com/dp/B00DS5BGAC?tag=eloabder-20&linkCode=osi&th=1&psc=1"><img src="https://m.media-amazon.com/images/I/41XgXxh1trL._SL500_.jpg" alt="Product Image"></a><p>Nature Made Maximum Strength Biotin 5000 mcg, Dietary Supplement may help support Healthy Hair, Skin & Nails, 120 Softgels</p><p>$18.67 ($0.16 / Count)</p><a href="https://www.amazon.com/dp/B00DS5BGAC?tag=eloabder-20&linkCode=osi&th=1&psc=1">View Product</a></div><div class="product"><a href="https://www.amazon.com/dp/B0016QX5RC?tag=eloabder-20&linkCode=osi&th=1&psc=1"><img src="https://m.media-amazon.com/images/I/31kcAiR1AXL._SL500_.jpg" alt="Product Image"></a><p>Pure Encapsulations Biotin 8 mg - B Vitamin Supplement to Aid Stress Relief, Hair, Skin & Nail Strengthening, Metabolism, Carbohydrate Support & Nervous System* - with Premium Biotin - 120 Capsules</p><p>$24.00 ($0.20 / Count)</p><a href="https://www.amazon.com/dp/B0016QX5RC?tag=eloabder-20&linkCode=osi&th=1&psc=1">View Product</a></div>
<div class="product"><a href="https://www.amazon.com/dp/B07S38C5WW?tag=eloabder-20&linkCode=osi&th=1&psc=1"><img src="https://m.media-amazon.com/images/I/41HCQg+yjUL._SL500_.jpg" alt="Product Image"></a><p>Natrol Sleep Melatonin 5mg Fast Dissolve Tablets, Nighttime Sleep Aid for Adults, 200 Strawberry-Flavored Melatonin Tablets, 200 Day Supply</p><p>$9.59 ($0.05 / Count)</p><a href="https://www.amazon.com/dp/B07S38C5WW?tag=eloabder-20&linkCode=osi&th=1&psc=1">View Product</a></div><div class="product"><a href="https://www.amazon.com/dp/B08451719W?tag=eloabder-20&linkCode=osi&th=1&psc=1"><img src="https://m.media-amazon.com/images/I/41Yv7xh8wNL._SL500_.jpg" alt="Product Image"></a><p>Carlyle Melatonin 12 mg Fast Dissolve 300 Tablets | Drug Free | Natural Berry Flavor | Vegetarian, Non-GMO, Gluten Free</p><p>$9.99 ($0.03 / Count)</p><a href="https://www.amazon.com/dp/B08451719W?tag=eloabder-20&linkCode=osi&th=1&psc=1">View Product</a></div><div class="product"><a href="https://www.amazon.com/dp/B07BBFFTKH?tag=eloabder-20&linkCode=osi&th=1&psc=1"><img src="https://m.media-amazon.com/images/I/4183dHaqkaL._SL500_.jpg" alt="Product Image"></a><p>Amazon Basics Melatonin 5mg, 120 Gummies (2 per Serving), Strawberry (Previously Solimo)</p><p>$7.54 ($0.06 / Count)</p><a href="https://www.amazon.com/dp/B07BBFFTKH?tag=eloabder-20&linkCode=osi&th=1&psc=1">View Product</a></div><div class="product"><a href="https://www.amazon.com/dp/B01E14X7SM?tag=eloabder-20&linkCode=osi&th=1&psc=1"><img src="https://m.media-amazon.com/images/I/4193TTQGbkL._SL500_.jpg" alt="Product Image"></a><p>Natrol Sleep Melatonin 10mg Fast Dissolve Tablets, Nighttime Sleep Aid for Adults, 100 Strawberry-Flavored Melatonin Tablets, 100 Day Supply</p><p>$13.19 ($0.13 / Count)</p><a href="https://www.amazon.com/dp/B01E14X7SM?tag=eloabder-20&linkCode=osi&th=1&psc=1">View Product</a></div><div class="product"><a href="https://www.amazon.com/dp/B07GR9WBFY?tag=eloabder-20&linkCode=osi&th=1&psc=1"><img src="https://m.media-amazon.com/images/I/41jky1niX9L._SL500_.jpg" alt="Product Image"></a><p>Carlyle Melatonin 12 mg Fast Dissolve 180 Tablets | Drug Free | Natural Berry Flavor | Vegetarian, Non-GMO, Gluten Free</p><p>$8.29 ($0.05 / Count)</p><a href="https://www.amazon.com/dp/B07GR9WBFY?tag=eloabder-20&linkCode=osi&th=1&psc=1">View Product</a></div><div class="product"><a href="https://www.amazon.com/dp/B000GG6D9A?tag=eloabder-20&linkCode=osi&th=1&psc=1"><img src="https://m.media-amazon.com/images/I/41FKo4YWuQL._SL500_.jpg" alt="Product Image"></a><p>Nature’s Bounty Melatonin 3mg, 100% Drug Free Sleep Aids for Adults, Supports Relaxation and Sleep, Dietary Supplement, 240 Count (Cherry Flavour - Packaging May Vary)</p><p>$7.74 ($0.03 / Count)</p><a href="https://www.amazon.com/dp/B000GG6D9A?tag=eloabder-20&linkCode=osi&th=1&psc=1">View Product</a></div><div class="product"><a href="https://www.amazon.com/dp/B07PF1SN5B?tag=eloabder-20&linkCode=osi&th=1&psc=1"><img src="https://m.media-amazon.com/images/I/41riV3viszL._SL500_.jpg" alt="Product Image"></a><p>Vitafusion Max Strength Melatonin Gummy Supplements, Strawberry Flavored, 10 mg Melatonin Sleep Supplements, America’s Number 1 Gummy Vitamin Brand, 50 Day Supply, 100 Count</p><p>$11.99 ($0.12 / Count)</p><a href="https://www.amazon.com/dp/B07PF1SN5B?tag=eloabder-20&linkCode=osi&th=1&psc=1">View Product</a></div><div class="product"><a href="https://www.amazon.com/dp/B079TD7HG2?tag=eloabder-20&linkCode=osi&th=1&psc=1"><img src="https://m.media-amazon.com/images/I/519TEPXTm7L._SL500_.jpg" alt="Product Image"></a><p>Natrol 10 mg Melatonin Gummies, Sleep Support for Adults, Melatonin Supplements for Sleeping, 90 Strawberry-Flavored Gummies, 45 Day Supply</p><p>$10.98 ($0.12 / Count)</p><a href="https://www.amazon.com/dp/B079TD7HG2?tag=eloabder-20&linkCode=osi&th=1&psc=1">View Product</a></div><div class="product"><a href="https://www.amazon.com/dp/B085V63SWW?tag=eloabder-20&linkCode=osi&th=1&psc=1"><img src="https://m.media-amazon.com/images/I/41dWasYIlQL._SL500_.jpg" alt="Product Image"></a><p>Nature Made Melatonin 10mg Maximum Strength Tablets, 100% Drug Free Sleep Aid for Adults, 70 Count, 70 Day Supply</p><p>$13.49 ($0.19 / Count)</p><a href="https://www.amazon.com/dp/B085V63SWW?tag=eloabder-20&linkCode=osi&th=1&psc=1">View Product</a></div><div class="product"><a href="https://www.amazon.com/dp/B005DEK990?tag=eloabder-20&linkCode=osi&th=1&psc=1"><img src="https://m.media-amazon.com/images/I/41WEN6LZ54L._SL500_.jpg" alt="Product Image"></a><p>Nature Made Melatonin 3mg Tablets, 100% Drug Free Sleep Aid for Adults, 240 Tablets, 240 Day Supply</p><p>$9.25 ($0.04 / Count)</p><a href="https://www.amazon.com/dp/B005DEK990?tag=eloabder-20&linkCode=osi&th=1&psc=1">View Product</a></div>
<div class="product"><a href="https://www.amazon.com/dp/B09YDMDMDP?tag=eloabder-20&linkCode=osi&th=1&psc=1"><img src="https://m.media-amazon.com/images/I/41qeEtbAu+L._SL500_.jpg" alt="Product Image"></a><p>Nature Made Glucosamine Chondroitin Complex with MSM, Dietary Supplement for Joint Support, 120 Caplets, 60 Day Supply</p><p>$19.87 ($0.17 / Count)</p><a href="https://www.amazon.com/dp/B09YDMDMDP?tag=eloabder-20&linkCode=osi&th=1&psc=1">View Product</a></div><div class="product"><a href="https://www.amazon.com/dp/B01GVJK3XW?tag=eloabder-20&linkCode=osi&th=1&psc=1"><img src="https://m.media-amazon.com/images/I/41y-ROAavrL._SL500_.jpg" alt="Product Image"></a><p>Glucosamine Chondroitin MSM Turmeric Boswellia - Joint Support Supplement. Antioxidant Properties. Helps with Inflammatory Response. Occasional Discomfort Relief for Back, Knees & Hands. 90 Capsules</p><p>$28.97 ($0.32 / Count)</p><a href="https://www.amazon.com/dp/B01GVJK3XW?tag=eloabder-20&linkCode=osi&th=1&psc=1">View Product</a></div><div class="product"><a href="https://www.amazon.com/dp/B002RL8FD4?tag=eloabder-20&linkCode=osi&th=1&psc=1"><img src="https://m.media-amazon.com/images/I/41KgX4RQdFL._SL500_.jpg" alt="Product Image"></a><p>Kirkland Signature Extra Strength Glucosamine HCI 1500mg, With MSM 1500 mg, 375-Count Tablets</p><p>$23.27 ($0.06 / Count)</p><a href="https://www.amazon.com/dp/B002RL8FD4?tag=eloabder-20&linkCode=osi&th=1&psc=1">View Product</a></div><div class="product"><a href="https://www.amazon.com/dp/B0C3JXJ38B?tag=eloabder-20&linkCode=osi&th=1&psc=1"><img src="https://m.media-amazon.com/images/I/51QidQ-f1fL._SL500_.jpg" alt="Product Image"></a><p>Schiff Glucosamine with Hyaluronic Acid, 2000mg Glucosamine, Joint Care Supplement Helps Lubricate & Protect Joints*, 150 Count (Pack of 2)</p><p>$24.87 ($0.08 / Count)</p><a href="https://www.amazon.com/dp/B0C3JXJ38B?tag=eloabder-20&linkCode=osi&th=1&psc=1">View Product</a></div><div class="product"><a href="https://www.amazon.com/dp/B0BJS6ZYSM?tag=eloabder-20&linkCode=osi&th=1&psc=1"><img src="https://m.media-amazon.com/images/I/41xRD3RMthL._SL500_.jpg" alt="Product Image"></a><p>Horbäach Glucosamine Chondroitin | Plus MSM & Turmeric | 180 Coated Caplets | Non-GMO, Gluten Free Supplement</p><p>$9.88 ($0.05 / Count)</p><a href="https://www.amazon.com/dp/B0BJS6ZYSM?tag=eloabder-20&linkCode=osi&th=1&psc=1">View Product</a></div><div class="product"><a href="https://www.amazon.com/dp/B01M5DEMWI?tag=eloabder-20&linkCode=osi&th=1&psc=1"><img src="https://m.media-amazon.com/images/I/410zXYEJpKL._SL500_.jpg" alt="Product Image"></a><p>Arazo Nutrition Glucosamine Chondroitin Turmeric Msm Boswellia - Joint Support Supplement for Relief 180 Tablets for Bones, Back, Knees, Hands (180 Tablets)</p><p>$25.95 ($0.14 / Count)</p><a href="https://www.amazon.com/dp/B01M5DEMWI?tag=eloabder-20&linkCode=osi&th=1&psc=1">View Product</a></div><div class="product"><a href="https://www.amazon.com/dp/B000052YVA?tag=eloabder-20&linkCode=osi&th=1&psc=1"><img src="https://m.media-amazon.com/images/I/51Pss8N94eL._SL500_.jpg" alt="Product Image"></a><p>Nature's Bounty Glucosamine Chondroitin Pills and Dietary Supplement, Support Joint Health, 110 Capsules</p><p>$15.80 ($0.14 / Count)</p><a href="https://www.amazon.com/dp/B000052YVA?tag=eloabder-20&linkCode=osi&th=1&psc=1">View Product</a></div><div class="product"><a href="https://www.amazon.com/dp/B00GYZWNY6?tag=eloabder-20&linkCode=osi&th=1&psc=1"><img src="https://m.media-amazon.com/images/I/41gfdidcNdL._SL500_.jpg" alt="Product Image"></a><p>KIRKLAND Signature Extra Strength Glucosamine 1500 mg Chondroitin 1200 mg 220 Tablets</p><p>$28.24 ($0.13 / Count)</p><a href="https://www.amazon.com/dp/B00GYZWNY6?tag=eloabder-20&linkCode=osi&th=1&psc=1">View Product</a></div>
<div class="product"><a href="https://www.amazon.com/dp/B0013OVYE8?tag=eloabder-20&linkCode=osi&th=1&psc=1"><img src="https://m.media-amazon.com/images/I/41rq0wz7-AL._SL500_.jpg" alt="Product Image"></a><p>NOW Supplements, Chondroitin Sulfate 600 mg (a Glycosaminoglycan), Joint Health*, 120 Capsules</p><p>$19.95 ($0.17 / Count)</p><a href="https://www.amazon.com/dp/B0013OVYE8?tag=eloabder-20&linkCode=osi&th=1&psc=1">View Product</a></div><div class="product"><a href="https://www.amazon.com/dp/B01GVJK3XW?tag=eloabder-20&linkCode=osi&th=1&psc=1"><img src="https://m.media-amazon.com/images/I/41y-ROAavrL._SL500_.jpg" alt="Product Image"></a><p>Glucosamine Chondroitin MSM Turmeric Boswellia - Joint Support Supplement. Antioxidant Properties. Helps with Inflammatory Response. Occasional Discomfort Relief for Back, Knees & Hands. 90 Capsules</p><p>$28.97 ($0.32 / Count)</p><a href="https://www.amazon.com/dp/B01GVJK3XW?tag=eloabder-20&linkCode=osi&th=1&psc=1">View Product</a></div><div class="product"><a href="https://www.amazon.com/dp/B09YDMDMDP?tag=eloabder-20&linkCode=osi&th=1&psc=1"><img src="https://m.media-amazon.com/images/I/41qeEtbAu+L._SL500_.jpg" alt="Product Image"></a><p>Nature Made Glucosamine Chondroitin Complex with MSM, Dietary Supplement for Joint Support, 120 Caplets, 60 Day Supply</p><p>$19.87 ($0.17 / Count)</p><a href="https://www.amazon.com/dp/B09YDMDMDP?tag=eloabder-20&linkCode=osi&th=1&psc=1">View Product</a></div><div class="product"><a href="https://www.amazon.com/dp/B000I4DFAK?tag=eloabder-20&linkCode=osi&th=1&psc=1"><img src="https://m.media-amazon.com/images/I/412eH9qi4+L._SL500_.jpg" alt="Product Image"></a><p>Doctor's Best Glucosamine Chondroitin Msm with OptiMSM Capsules, Supports Healthy Joint Structure, Function & Comfort, Non-GMO, Gluten Free, Soy Free, 240 Count (Pack of 1)</p><p>$28.77 ($0.12 / Count)</p><a href="https://www.amazon.com/dp/B000I4DFAK?tag=eloabder-20&linkCode=osi&th=1&psc=1">View Product</a></div><div class="product"><a href="https://www.amazon.com/dp/B01M5DEMWI?tag=eloabder-20&linkCode=osi&th=1&psc=1"><img src="https://m.media-amazon.com/images/I/410zXYEJpKL._SL500_.jpg" alt="Product Image"></a><p>Arazo Nutrition Glucosamine Chondroitin Turmeric Msm Boswellia - Joint Support Supplement for Relief 180 Tablets for Bones, Back, Knees, Hands (180 Tablets)</p><p>$25.95 ($0.14 / Count)</p><a href="https://www.amazon.com/dp/B01M5DEMWI?tag=eloabder-20&linkCode=osi&th=1&psc=1">View Product</a></div><div class="product"><a href="https://www.amazon.com/dp/B00GYZWNY6?tag=eloabder-20&linkCode=osi&th=1&psc=1"><img src="https://m.media-amazon.com/images/I/41gfdidcNdL._SL500_.jpg" alt="Product Image"></a><p>KIRKLAND Signature Extra Strength Glucosamine 1500 mg Chondroitin 1200 mg 220 Tablets</p><p>$28.24 ($0.13 / Count)</p><a href="https://www.amazon.com/dp/B00GYZWNY6?tag=eloabder-20&linkCode=osi&th=1&psc=1">View Product</a></div><div class="product"><a href="https://www.amazon.com/dp/B0BNSYD127?tag=eloabder-20&linkCode=osi&th=1&psc=1"><img src="https://m.media-amazon.com/images/I/41mtf2ALCCL._SL500_.jpg" alt="Product Image"></a><p>BulkSupplements.com Chondroitin Sulfate Capsules - Chondroitin Sulfate Supplements, Chondrotin Sulfate 1000 mg - Bone & Joint Supplement, Gluten Free, 2 Capsules per Serving, 120 Capsules</p><p>$20.96 ($0.17 / Count)</p><a href="https://www.amazon.com/dp/B0BNSYD127?tag=eloabder-20&linkCode=osi&th=1&psc=1">View Product</a></div><div class="product"><a href="https://www.amazon.com/dp/B0BVNYCLRN?tag=eloabder-20&linkCode=osi&th=1&psc=1"><img src="https://m.media-amazon.com/images/I/41V7NddbeRL._SL500_.jpg" alt="Product Image"></a><p>ML Naturals Chondroitin Sulfate 1200mg 120 Vegan Capsules. 99% Purity Chondroitin. Joint Health.</p><p>$16.99 ($0.14 / Count)</p><a href="https://www.amazon.com/dp/B0BVNYCLRN?tag=eloabder-20&linkCode=osi&th=1&psc=1">View Product</a></div><div class="product"><a href="https://www.amazon.com/dp/B000052YVA?tag=eloabder-20&linkCode=osi&th=1&psc=1"><img src="https://m.media-amazon.com/images/I/51Pss8N94eL._SL500_.jpg" alt="Product Image"></a><p>Nature's Bounty Glucosamine Chondroitin Pills and Dietary Supplement, Support Joint Health, 110 Capsules</p><p>$15.80 ($0.14 / Count)</p><a href="https://www.amazon.com/dp/B000052YVA?tag=eloabder-20&linkCode=osi&th=1&psc=1">View Product</a></div><div class="product"><a href="https://www.amazon.com/dp/B0BJS6ZYSM?tag=eloabder-20&linkCode=osi&th=1&psc=1"><img src="https://m.media-amazon.com/images/I/41xRD3RMthL._SL500_.jpg" alt="Product Image"></a><p>Horbäach Glucosamine Chondroitin | Plus MSM & Turmeric | 180 Coated Caplets | Non-GMO, Gluten Free Supplement</p><p>$9.88 ($0.05 / Count)</p><a href="https://www.amazon.com/dp/B0BJS6ZYSM?tag=eloabder-20&linkCode=osi&th=1&psc=1">View Product</a></div>
<div class="product"><a href="https://www.amazon.com/dp/B0055OUOQQ?tag=eloabder-20&linkCode=osi&th=1&psc=1"><img src="https://m.media-amazon.com/images/I/41S1bhYiFiL._SL500_.jpg" alt="Product Image"></a><p>Qunol CoQ10 100mg Softgels, Ultra CoQ10 100mg, 3x Better Absorption, Antioxidant for Heart Health & Energy Production, Coenzyme Q10 Vitamins and Supplements, 4 Month Supply, 120 Count</p><p>$29.97 ($0.25 / Count)</p><a href="https://www.amazon.com/dp/B0055OUOQQ?tag=eloabder-20&linkCode=osi&th=1&psc=1">View Product</a></div><div class="product"><a href="https://www.amazon.com/dp/B07CDXRBVJ?tag=eloabder-20&linkCode=osi&th=1&psc=1"><img src="https://m.media-amazon.com/images/I/410mmlnL6oL._SL500_.jpg" alt="Product Image"></a><p>Nature Made CoQ10 200mg, Dietary Supplement for Heart Health Support, 105 Softgels, 105 Day Supply</p><p>$30.74 ($0.29 / Count)</p><a href="https://www.amazon.com/dp/B07CDXRBVJ?tag=eloabder-20&linkCode=osi&th=1&psc=1">View Product</a></div><div class="product"><a href="https://www.amazon.com/dp/B0019GW3G8?tag=eloabder-20&linkCode=osi&th=1&psc=1"><img src="https://m.media-amazon.com/images/I/41H+pS4Y21L._SL500_.jpg" alt="Product Image"></a><p>Doctor's Best High Absorption CoQ10 with BioPerine, Gluten Free, Naturally Fermented, Heart Health, Energy Production, 100 mg, 120 Count</p><p>$18.61 ($0.16 / Count)</p><a href="https://www.amazon.com/dp/B0019GW3G8?tag=eloabder-20&linkCode=osi&th=1&psc=1">View Product</a></div><div class="product"><a href="https://www.amazon.com/dp/B0BNTF1DRM?tag=eloabder-20&linkCode=osi&th=1&psc=1"><img src="https://m.media-amazon.com/images/I/51lrvfMwE1L._SL500_.jpg" alt="Product Image"></a><p>Qunol CoQ10 200mg Softgels, Ultra CoQ10 - Ultra High Absorption Coenzyme Q10 Supplements - Antioxidant Supplement for Vascular and Heart Health & Energy Production - 2 Month Supply - 60 Count</p><p>$28.35 ($0.47 / Count)</p><a href="https://www.amazon.com/dp/B0BNTF1DRM?tag=eloabder-20&linkCode=osi&th=1&psc=1">View Product</a></div><div class="product"><a href="https://www.amazon.com/dp/B0CF3M3Y1M?tag=eloabder-20&linkCode=osi&th=1&psc=1"><img src="https://m.media-amazon.com/images/I/41U+3SrQIVL._SL500_.jpg" alt="Product Image"></a><p>CoQ10 100mg, 240 Capsules – with Omega 3 Fatty Acid 100mg – Bioavailable Coenzyme Q10 Supplements – Heart, Energy, & Brain Health Antioxidant Support – Non-GMO, One A Day</p><p>$9.99 ($0.04 / Count)</p><a href="https://www.amazon.com/dp/B0CF3M3Y1M?tag=eloabder-20&linkCode=osi&th=1&psc=1">View Product</a></div><div class="product"><a href="https://www.amazon.com/dp/B0064R62BO?tag=eloabder-20&linkCode=osi&th=1&psc=1"><img src="https://m.media-amazon.com/images/I/31w9QINFkxL._SL500_.jpg" alt="Product Image"></a><p>Pure Encapsulations CoQ10 120 mg - Coenzyme Q10 Supplement for Heart Health, Energy, Antioxidants, Brain & Memory Health - Cellular Health, Cognition & Cardiovascular Support* - 60 Capsules</p><p>$66.60 ($1.11 / Count)</p><a href="https://www.amazon.com/dp/B0064R62BO?tag=eloabder-20&linkCode=osi&th=1&psc=1">View Product</a></div><div class="product"><a href="https://www.amazon.com/dp/B001B4NEM0?tag=eloabder-20&linkCode=osi&th=1&psc=1"><img src="https://m.media-amazon.com/images/I/41s4RCbwRcL._SL500_.jpg" alt="Product Image"></a><p>NOW Supplements, CoQ10 (Coenzyme Q10) 200 mg, Cardiovascular Health*, 60 Veg Capsules</p><p>$18.75 ($0.31 / Count)</p><a href="https://www.amazon.com/dp/B001B4NEM0?tag=eloabder-20&linkCode=osi&th=1&psc=1">View Product</a></div><div class="product"><a href="https://www.amazon.com/dp/B07LC4VQTH?tag=eloabder-20&linkCode=osi&th=1&psc=1"><img src="https://m.media-amazon.com/images/I/41VPi-26MOL._SL500_.jpg" alt="Product Image"></a><p>Sports Research CoQ10 (100mg) Enhanced w/Coconut Oil & Bioperine (Black Pepper) for Better Absorption | Vegan Certified, Non-GMO Verified (120 Veggie Softgels)</p><p>$27.95 ($0.23 / Count)</p><a href="https://www.amazon.com/dp/B07LC4VQTH?tag=eloabder-20&linkCode=osi&th=1&psc=1">View Product</a></div>
<div class="product"><a href="https://www.amazon.com/dp/B07DX89ZHN?tag=eloabder-20&linkCode=osi&th=1&psc=1"><img src="https://m.media-amazon.com/images/I/41INqodQzYL._SL500_.jpg" alt="Product Image"></a><p>Sports Research Triple Strength Omega 3 Fish Oil - Burpless Fish Oil Supplement w/EPA & DHA Fatty Acids from Single-Source Wild Alaska Pollock - 1250 mg, 90 ct</p><p>$26.95 ($0.30 / Count)</p><a href="https://www.amazon.com/dp/B07DX89ZHN?tag=eloabder-20&linkCode=osi&th=1&psc=1">View Product</a></div><div class="product"><a href="https://www.amazon.com/dp/B0000DJAQU?tag=eloabder-20&linkCode=osi&th=1&psc=1"><img src="https://m.media-amazon.com/images/I/41c7alI7ydL._SL500_.jpg" alt="Product Image"></a><p>Nature Made Fish Oil 1200 mg Softgels, Fish Oil Supplements, Omega 3 Fish Oil for Healthy Heart Support, Omega 3 Supplement with 100 Softgels, 50 Day Supply</p><p>$12.59 ($0.13 / Count)</p><a href="https://www.amazon.com/dp/B0000DJAQU?tag=eloabder-20&linkCode=osi&th=1&psc=1">View Product</a></div><div class="product"><a href="https://www.amazon.com/dp/B001GCU6KA?tag=eloabder-20&linkCode=osi&th=1&psc=1"><img src="https://m.media-amazon.com/images/I/41GqjqtkrqL._SL500_.jpg" alt="Product Image"></a><p>NOW Supplements, Omega-3 180 EPA / 120 DHA, Molecularly Distilled, Cardiovascular Support*, 200 Softgels</p><p>$12.24 ($0.06 / Count)</p><a href="https://www.amazon.com/dp/B001GCU6KA?tag=eloabder-20&linkCode=osi&th=1&psc=1">View Product</a></div><div class="product"><a href="https://www.amazon.com/dp/B01NBTJFJB?tag=eloabder-20&linkCode=osi&th=1&psc=1"><img src="https://m.media-amazon.com/images/I/41gJBxUZtcL._SL500_.jpg" alt="Product Image"></a><p>Triple Strength Omega 3 Fish Oil | 3600 mg EPA & DHA | Over 2100mg of Omega 3 Fatty Acids | 1300mg EPA + 860mg DHA | Best Essential Fatty Acids | Premium Burpless Softgel Supplements (120 Ct)</p><p>$29.95 ($0.25 / Count)</p><a href="https://www.amazon.com/dp/B01NBTJFJB?tag=eloabder-20&linkCode=osi&th=1&psc=1">View Product</a></div><div class="product"><a href="https://www.amazon.com/dp/B002CQU564?tag=eloabder-20&linkCode=osi&th=1&psc=1"><img src="https://m.media-amazon.com/images/I/41K6hyWbwsL._SL500_.jpg" alt="Product Image"></a><p>Nordic Naturals Ultimate Omega, Lemon Flavor - 180 Soft Gels - 1280 mg Omega-3 - High-Potency Omega-3 Fish Oil with EPA & DHA - Promotes Brain & Heart Health - Non-GMO - 90 Servings</p><p>$53.99 ($0.30 / Count)</p><a href="https://www.amazon.com/dp/B002CQU564?tag=eloabder-20&linkCode=osi&th=1&psc=1">View Product</a></div><div class="product"><a href="https://www.amazon.com/dp/B000J18RSW?tag=eloabder-20&linkCode=osi&th=1&psc=1"><img src="https://m.media-amazon.com/images/I/41bBRe7FxlL._SL500_.jpg" alt="Product Image"></a><p>NOW Foods Omega-3-100 Softgels</p><p>$6.72 ($0.07 / Count)</p><a href="https://www.amazon.com/dp/B000J18RSW?tag=eloabder-20&linkCode=osi&th=1&psc=1">View Product</a></div><div class="product"><a href="https://www.amazon.com/dp/B014LDT0ZM?tag=eloabder-20&linkCode=osi&th=1&psc=1"><img src="https://m.media-amazon.com/images/I/515A6lAukiL._SL500_.jpg" alt="Product Image"></a><p>Triple Strength Omega 3 Fish Oil Supplement - 2500 mg Fish Oil with Re-Esterified Omega 3 Fatty Acids Including EPA, DHA DPA - 180 Pescatarian-Friendly Softgels</p><p>$56.95 ($0.32 / Count)</p><a href="https://www.amazon.com/dp/B014LDT0ZM?tag=eloabder-20&linkCode=osi&th=1&psc=1">View Product</a></div><div class="product"><a href="https://www.amazon.com/dp/B0C5F4PN8R?tag=eloabder-20&linkCode=osi&th=1&psc=1"><img src="https://m.media-amazon.com/images/I/31DpddHOGcL._SL500_.jpg" alt="Product Image"></a><p>NatureWise Extra-Strength Omega 3 Fish Oil Supplement - 1000mg per Serving - 600 EPA & 400 DHA and Vitamin E - Support for Heart & Brain Health - Lemon Flavor, Non-GMO - 180 Softgels[3-Month Supply]</p><p>$18.99 ($0.11 / Count)</p><a href="https://www.amazon.com/dp/B0C5F4PN8R?tag=eloabder-20&linkCode=osi&th=1&psc=1">View Product</a></div><div class="product"><a href="https://www.amazon.com/dp/B01GV4O37E?tag=eloabder-20&linkCode=osi&th=1&psc=1"><img src="https://m.media-amazon.com/images/I/41JtERQfIWL._SL500_.jpg" alt="Product Image"></a><p>Arazo Nutrition Wild Caught Omega 3 Fish Oil – 120 Soft Gels – 4,080mg High EPA 1200mg DHA 900mg Lemon Flavor Burpless Softgels</p><p>$28.95 ($0.24 / Count)</p><a href="https://www.amazon.com/dp/B01GV4O37E?tag=eloabder-20&linkCode=osi&th=1&psc=1">View Product</a></div><div class="product"><a href="https://www.amazon.com/dp/B000NPYY04?tag=eloabder-20&linkCode=osi&th=1&psc=1"><img src="https://m.media-amazon.com/images/I/41AB0odrkeL._SL500_.jpg" alt="Product Image"></a><p>Nature's Bounty Fish Oil, Supports Heart Health, 1200 Mg, 360 Mg Omega-3, Rapid Release Softgels, 200 Ct</p><p>$13.32 ($0.07 / Count)</p><a href="https://www.amazon.com/dp/B000NPYY04?tag=eloabder-20&linkCode=osi&th=1&psc=1">View Product</a></div>
<div class="product"><a href="https://www.amazon.com/dp/B0CG3SL43Q?tag=eloabder-20&linkCode=osi&th=1&psc=1"><img src="https://m.media-amazon.com/images/I/41THJhLx0IL._SL500_.jpg" alt="Product Image"></a><p>Dr Vitamin Thermogenic Fat Burner Brazilian Lean, Weight Loss Pills for Women, Waist Trimmer & Supplements for Bloating 60 Capsules</p><p>$19.95 ($0.33 / Count)</p><a href="https://www.amazon.com/dp/B0CG3SL43Q?tag=eloabder-20&linkCode=osi&th=1&psc=1">View Product</a></div><div class="product"><a href="https://www.amazon.com/dp/B07PN7FB1R?tag=eloabder-20&linkCode=osi&th=1&psc=1"><img src="https://m.media-amazon.com/images/I/515GHvAy+FL._SL500_.jpg" alt="Product Image"></a><p>Physician's CHOICE Probiotics for Weight Management & Bloating - 6 Probiotic Strains - Prebiotics - Key ingredient Cayenne & Green Tea - Supports Gut Health - Weight Management for Women & Men - 30 CT</p><p>$26.98 ($0.90 / Count)</p><a href="https://www.amazon.com/dp/B07PN7FB1R?tag=eloabder-20&linkCode=osi&th=1&psc=1">View Product</a></div><div class="product"><a href="https://www.amazon.com/dp/B08ZY8MSMV?tag=eloabder-20&linkCode=osi&th=1&psc=1"><img src="https://m.media-amazon.com/images/I/41vVKSGbgPL._SL500_.jpg" alt="Product Image"></a><p>Bragg Apple Cider Vinegar Capsules - Vitamin D3 & Zinc - 750mg of Acetic Acid – Immune & Weight Management Support - Non-GMO, Vegan, Gluten Free, No Sugar (1)</p><p>$13.99 ($0.16 / Count)</p><a href="https://www.amazon.com/dp/B08ZY8MSMV?tag=eloabder-20&linkCode=osi&th=1&psc=1">View Product</a></div><div class="product"><a href="https://www.amazon.com/dp/B07J5MZ3Z6?tag=eloabder-20&linkCode=osi&th=1&psc=1"><img src="https://m.media-amazon.com/images/I/41SIqUbt70L._SL500_.jpg" alt="Product Image"></a><p>Fat Burners For Women | Weight Loss Pills for Women Belly Fat | Raspberry Ketones | Appetite Suppressant & Metabolism Booster | Back Fat Reducer & Bloating Relief | Diet Pills for Fast Result 60 Ct.</p><p>$19.95 ($0.33 / Count)</p><a href="https://www.amazon.com/dp/B07J5MZ3Z6?tag=eloabder-20&linkCode=osi&th=1&psc=1">View Product</a></div><div class="product"><a href="https://www.amazon.com/dp/B07R8GD47V?tag=eloabder-20&linkCode=osi&th=1&psc=1"><img src="https://m.media-amazon.com/images/I/416StL4EI4L._SL500_.jpg" alt="Product Image"></a><p>Goli Apple Cider Vinegar Gummy Vitamins - 60 Count - Vitamin B12, Gelatin-Free, Gluten-Free, Vegan & Non-GMO</p><p>$14.98 ($0.25 / Count)</p><a href="https://www.amazon.com/dp/B07R8GD47V?tag=eloabder-20&linkCode=osi&th=1&psc=1">View Product</a></div><div class="product"><a href="https://www.amazon.com/dp/B08HHQWBBZ?tag=eloabder-20&linkCode=osi&th=1&psc=1"><img src="https://m.media-amazon.com/images/I/51LeIP217fL._SL500_.jpg" alt="Product Image"></a><p>NutriFlair Premium Berberine HCL 1200mg, 120 Capsules - Plus Pure True Ceylon Cinnamon, Berberine HCI Root Supplements Pills - Immune System, Healthy Weight Management</p><p>$26.99 ($0.22 / Count)</p><a href="https://www.amazon.com/dp/B08HHQWBBZ?tag=eloabder-20&linkCode=osi&th=1&psc=1">View Product</a></div><div class="product"><a href="https://www.amazon.com/dp/B0BWZQLQLP?tag=eloabder-20&linkCode=osi&th=1&psc=1"><img src="https://m.media-amazon.com/images/I/41iuD-eU7lL._SL500_.jpg" alt="Product Image"></a><p>Nature’s Bounty Metabolism Booster Supplement, Boosts Fat Metabolism, Promotes Abdominal Fat Loss, with Citrus Extracts and Black Ginger, 60 Capsules</p><p>$20.02 ($0.33 / Count)</p><a href="https://www.amazon.com/dp/B0BWZQLQLP?tag=eloabder-20&linkCode=osi&th=1&psc=1">View Product</a></div><div class="product"><a href="https://www.amazon.com/dp/B01BXLYEQ0?tag=eloabder-20&linkCode=osi&th=1&psc=1"><img src="https://m.media-amazon.com/images/I/41-9QpEJLtL._SL500_.jpg" alt="Product Image"></a><p>Jacked Factory Burn-XT Clinically Studied Fat Burner & Weight Loss Supplement - Appetite Suppressant & Energy Booster - with Acetyl L-Carnitine, Green Tea Extract and More - 60 Natural Diet Pills</p><p>$24.99 ($0.42 / Count)</p><a href="https://www.amazon.com/dp/B01BXLYEQ0?tag=eloabder-20&linkCode=osi&th=1&psc=1">View Product</a></div><div class="product"><a href="https://www.amazon.com/dp/B000OWLNBY?tag=eloabder-20&linkCode=osi&th=1&psc=1"><img src="https://m.media-amazon.com/images/I/41YLtF-NLFL._SL500_.jpg" alt="Product Image"></a><p>alli Weight Loss Diet Pills, Orlistat 60 mg Capsules, Non Prescription Weight Loss Aid, 120 Count Refill Pack</p><p>$77.99 ($0.65 / Count)</p><a href="https://www.amazon.com/dp/B000OWLNBY?tag=eloabder-20&linkCode=osi&th=1&psc=1">View Product</a></div>
<div class="product"><a href="https://www.amazon.com/dp/B01BXLYEQ0?tag=eloabder-20&linkCode=osi&th=1&psc=1"><img src="https://m.media-amazon.com/images/I/41-9QpEJLtL._SL500_.jpg" alt="Product Image"></a><p>Jacked Factory Burn-XT Clinically Studied Fat Burner & Weight Loss Supplement - Appetite Suppressant & Energy Booster - with Acetyl L-Carnitine, Green Tea Extract and More - 60 Natural Diet Pills</p><p>$24.99 ($0.42 / Count)</p><a href="https://www.amazon.com/dp/B01BXLYEQ0?tag=eloabder-20&linkCode=osi&th=1&psc=1">View Product</a></div><div class="product"><a href="https://www.amazon.com/dp/B0CG3SL43Q?tag=eloabder-20&linkCode=osi&th=1&psc=1"><img src="https://m.media-amazon.com/images/I/41THJhLx0IL._SL500_.jpg" alt="Product Image"></a><p>Dr Vitamin Thermogenic Fat Burner Brazilian Lean, Weight Loss Pills for Women, Waist Trimmer & Supplements for Bloating 60 Capsules</p><p>$19.95 ($0.33 / Count)</p><a href="https://www.amazon.com/dp/B0CG3SL43Q?tag=eloabder-20&linkCode=osi&th=1&psc=1">View Product</a></div><div class="product"><a href="https://www.amazon.com/dp/B00NINY2U0?tag=eloabder-20&linkCode=osi&th=1&psc=1"><img src="https://m.media-amazon.com/images/I/51T7RcSsXCL._SL500_.jpg" alt="Product Image"></a><p>EVL Thermogenic Fat Burner Support - Fast Acting Weight Loss Energy and Appetite Support - Trans4orm Green Tea Fat Burner and Weight Loss Support Supplement for Men and Women - 60 Servings</p><p>$22.99 ($0.19 / Count)</p><a href="https://www.amazon.com/dp/B00NINY2U0?tag=eloabder-20&linkCode=osi&th=1&psc=1">View Product</a></div><div class="product"><a href="https://www.amazon.com/dp/B000GOO00Q?tag=eloabder-20&linkCode=osi&th=1&psc=1"><img src="https://m.media-amazon.com/images/I/41omcPtVKpL._SL500_.jpg" alt="Product Image"></a><p>Animal Cuts Thermogenic Fat Burner - Weight Loss Pills for Women and Men for Metabolism, Energy, Focus, and Nootropic Brain Support with Raspberry Ketones Appetite Suppressant Diet Pills, 42 Packs</p><p>$42.89 ($1.02 / Count)</p><a href="https://www.amazon.com/dp/B000GOO00Q?tag=eloabder-20&linkCode=osi&th=1&psc=1">View Product</a></div><div class="product"><a href="https://www.amazon.com/dp/B076GX8GMD?tag=eloabder-20&linkCode=osi&th=1&psc=1"><img src="https://m.media-amazon.com/images/I/41vfO1sQVOL._SL500_.jpg" alt="Product Image"></a><p>UNALTERED Belly Fat Burner for Men - Lose Belly Fat, Tighten Abs, Support Lean Muscle Growth - Jitter & Caffeine-Free Weight Loss Pills - 90 Ct</p><p>$27.99 ($0.31 / Count)</p><a href="https://www.amazon.com/dp/B076GX8GMD?tag=eloabder-20&linkCode=osi&th=1&psc=1">View Product</a></div><div class="product"><a href="https://www.amazon.com/dp/B0897F2PG3?tag=eloabder-20&linkCode=osi&th=1&psc=1"><img src="https://m.media-amazon.com/images/I/41D3BrCUSaL._SL500_.jpg" alt="Product Image"></a><p>Night Shred Fat Burner and Natural Sleep Support | Ashwaganda, 5-HTP, CLA, Melatonin | Appetite Suppressant | Weight Loss Support Nighttime Fat Burning (60 Vegetarian Capsules)</p><p>$49.99 ($0.83 / Count)</p><a href="https://www.amazon.com/dp/B0897F2PG3?tag=eloabder-20&linkCode=osi&th=1&psc=1">View Product</a></div><div class="product"><a href="https://www.amazon.com/dp/B07J5MZ3Z6?tag=eloabder-20&linkCode=osi&th=1&psc=1"><img src="https://m.media-amazon.com/images/I/41SIqUbt70L._SL500_.jpg" alt="Product Image"></a><p>Fat Burners For Women | Weight Loss Pills for Women Belly Fat | Raspberry Ketones | Appetite Suppressant & Metabolism Booster | Back Fat Reducer & Bloating Relief | Diet Pills for Fast Result 60 Ct.</p><p>$19.95 ($0.33 / Count)</p><a href="https://www.amazon.com/dp/B07J5MZ3Z6?tag=eloabder-20&linkCode=osi&th=1&psc=1">View Product</a></div><div class="product"><a href="https://www.amazon.com/dp/B01AM0GRUY?tag=eloabder-20&linkCode=osi&th=1&psc=1"><img src="https://m.media-amazon.com/images/I/51YfeXFXGVL._SL500_.jpg" alt="Product Image"></a><p>EVL Weight Loss Support Stack - Trans4orm Thermogenic Fat Burner Support Pills with Green Coffee Bean Extract and Forskolin Plus LeanMode Non-Stimulant Metabolism and Fat Loss Support Pills</p><p>$31.99 ($0.29 / Count)</p><a href="https://www.amazon.com/dp/B01AM0GRUY?tag=eloabder-20&linkCode=osi&th=1&psc=1">View Product</a></div><div class="product"><a href="https://www.amazon.com/dp/B01E3COD8K?tag=eloabder-20&linkCode=osi&th=1&psc=1"><img src="https://m.media-amazon.com/images/I/41mDCuw2YEL._SL500_.jpg" alt="Product Image"></a><p>Nutrex Research Lipo-6 Black Ultra Concentrate | Thermogenic Energizing Fat Burner Supplement, Increase Weight Loss, Energy & Intense Focus |Capsule, 60Count</p><p>$24.99 ($0.42 / Count)</p><a href="https://www.amazon.com/dp/B01E3COD8K?tag=eloabder-20&linkCode=osi&th=1&psc=1">View Product</a></div><div class="product"><a href="https://www.amazon.com/dp/B08GQFKHXV?tag=eloabder-20&linkCode=osi&th=1&psc=1"><img src="https://m.media-amazon.com/images/I/41eru5oURZL._SL500_.jpg" alt="Product Image"></a><p>Green Tea Weight Loss Pills | Belly Fat Burner, Metabolism Booster, & Appetite Suppressant for Women & Men | 45% EGCG | With Green Coffee Bean Extract | Vegan, Gluten-Free Supplement | 120 Capsules</p><p>$31.45 ($0.26 / Count)</p><a href="https://www.amazon.com/dp/B08GQFKHXV?tag=eloabder-20&linkCode=osi&th=1&psc=1">View Product</a></div>
<div class="product"><a href="https://www.amazon.com/dp/B07CJ166BR?tag=eloabder-20&linkCode=osi&th=1&psc=1"><img src="https://m.media-amazon.com/images/I/313vHBJOmTL._SL500_.jpg" alt="Product Image"></a><p>Carlyle Ultra Chromium Picolinate 1000mcg | 360 Tablets | Vegetarian, Non-GMO, Gluten Free</p><p>$9.99 ($0.03 / Count)</p><a href="https://www.amazon.com/dp/B07CJ166BR?tag=eloabder-20&linkCode=osi&th=1&psc=1">View Product</a></div><div class="product"><a href="https://www.amazon.com/dp/B0B3KQCYFB?tag=eloabder-20&linkCode=osi&th=1&psc=1"><img src="https://m.media-amazon.com/images/I/412J2DzjVuL._SL500_.jpg" alt="Product Image"></a><p>UNALTERED Appetite Suppressant for Women - Combat Cravings, Bloating, & Support Weight Loss - Natural Diet Pills, Fat Burner, & Carb Blocker - Features Chromium Picolinate & Glucomannan - 120 Ct</p><p>$39.99 ($0.33 / Count)</p><a href="https://www.amazon.com/dp/B0B3KQCYFB?tag=eloabder-20&linkCode=osi&th=1&psc=1">View Product</a></div><div class="product"><a href="https://www.amazon.com/dp/B0D1HBFFDD?tag=eloabder-20&linkCode=osi&th=1&psc=1"><img src="https://m.media-amazon.com/images/I/31zv4rfUZoL._SL500_.jpg" alt="Product Image"></a><p>#1 Rated Appetite Suppressant Supplement | Maximize Weight Loss, Suppress Appetite, Lose Up to 40lbs in 60 Days | Clinically Tested Formula w/ 8 Ingredients | Weight Loss Pills - 60 Servings</p><p>$38.99</p><a href="https://www.amazon.com/dp/B0D1HBFFDD?tag=eloabder-20&linkCode=osi&th=1&psc=1">View Product</a></div><div class="product"><a href="https://www.amazon.com/dp/B07W8S6TC3?tag=eloabder-20&linkCode=osi&th=1&psc=1"><img src="https://m.media-amazon.com/images/I/415i+ZcgT9L._SL500_.jpg" alt="Product Image"></a><p>ACEWORKZ 100% Pure Saffron Extract - Appetite Suppressant for Weight Loss - Metabolism Booster - Diet Pills for Women & Men (90 Capsules)</p><p>$16.95 ($0.19 / Count)</p><a href="https://www.amazon.com/dp/B07W8S6TC3?tag=eloabder-20&linkCode=osi&th=1&psc=1">View Product</a></div><div class="product"><a href="https://www.amazon.com/dp/B0CG3SLY3K?tag=eloabder-20&linkCode=osi&th=1&psc=1"><img src="https://m.media-amazon.com/images/I/51VO0WaTYtL._SL500_.jpg" alt="Product Image"></a><p>Dr Vitamins Thermogenic Fat Burner for Women and Men - Appetite Suppressant for Weight Loss - Includes Green Tea Extracts for Bloat Relief - Metabolism Booster - Pack of 2</p><p>$31.95 ($0.27 / Count)</p><a href="https://www.amazon.com/dp/B0CG3SLY3K?tag=eloabder-20&linkCode=osi&th=1&psc=1">View Product</a></div><div class="product"><a href="https://www.amazon.com/dp/B09KH6N1CZ?tag=eloabder-20&linkCode=osi&th=1&psc=1"><img src="https://m.media-amazon.com/images/I/51yMUKJs3+L._SL500_.jpg" alt="Product Image"></a><p>Appetite Suppressant for Weight Loss, Hunger Suppressant - Diet Pills That Work Fast for Women and Men - Garcinia Cambogia, Glucomannan, White Kidney Bean Carb Blocker and Fat Burner - 60 Veggie Caps</p><p>$29.99 ($0.50 / Count)</p><a href="https://www.amazon.com/dp/B09KH6N1CZ?tag=eloabder-20&linkCode=osi&th=1&psc=1">View Product</a></div><div class="product"><a href="https://www.amazon.com/dp/B07J5MZ3Z6?tag=eloabder-20&linkCode=osi&th=1&psc=1"><img src="https://m.media-amazon.com/images/I/41SIqUbt70L._SL500_.jpg" alt="Product Image"></a><p>Fat Burners For Women | Weight Loss Pills for Women Belly Fat | Raspberry Ketones | Appetite Suppressant & Metabolism Booster | Back Fat Reducer & Bloating Relief | Diet Pills for Fast Result 60 Ct.</p><p>$19.95 ($0.33 / Count)</p><a href="https://www.amazon.com/dp/B07J5MZ3Z6?tag=eloabder-20&linkCode=osi&th=1&psc=1">View Product</a></div><div class="product"><a href="https://www.amazon.com/dp/B0CNKTSFVR?tag=eloabder-20&linkCode=osi&th=1&psc=1"><img src="https://m.media-amazon.com/images/I/41x60iIIYOL._SL500_.jpg" alt="Product Image"></a><p>Weight Loss Pills for Women - Appetite Suppressant for Weight Loss Women, Diet Pills as Fat Burners for Women, Pastillas Para Bajar De Peso Rapido, Diet Pills That Work Fast for Women | 120 Capsules</p><p>$19.99 ($0.17 / Count)</p><a href="https://www.amazon.com/dp/B0CNKTSFVR?tag=eloabder-20&linkCode=osi&th=1&psc=1">View Product</a></div>
<div class="product"><a href="https://www.amazon.com/dp/B07MJL8NXR?tag=eloabder-20&linkCode=osi&th=1&psc=1"><img src="https://m.media-amazon.com/images/I/51a+wm0QfTL._SL500_.jpg" alt="Product Image"></a><p>Premier Protein Shake, Chocolate, 30g Protein 1g Sugar 24 Vitamins Minerals Nutrients to Support Immune Health, 11.5 fl oz (Pack of 12)</p><p>$31.98 ($0.23 / Fl Oz)</p><a href="https://www.amazon.com/dp/B07MJL8NXR?tag=eloabder-20&linkCode=osi&th=1&psc=1">View Product</a></div><div class="product"><a href="https://www.amazon.com/dp/B0BL8PHN4M?tag=eloabder-20&linkCode=osi&th=1&psc=1"><img src="https://m.media-amazon.com/images/I/41Otgom2dZL._SL500_.jpg" alt="Product Image"></a><p>SlimFast Protein Shake, Chocolate- 20g Protein, Meal Replacement Shake Ready to Drink, High Protein with Low Carb and Low Sugar, 24 Vitamins and Minerals, 11 Fl Oz (Pack of 12)</p><p>$24.99 ($0.19 / Fl Oz)</p><a href="https://www.amazon.com/dp/B0BL8PHN4M?tag=eloabder-20&linkCode=osi&th=1&psc=1">View Product</a></div><div class="product"><a href="https://www.amazon.com/dp/B0015068PA?tag=eloabder-20&linkCode=osi&th=1&psc=1"><img src="https://m.media-amazon.com/images/I/41PLpivCSAL._SL500_.jpg" alt="Product Image"></a><p>Atkins Milk Chocolate Delight Protein Shake, 15g Protein, Low Glycemic, 2g Net Carb, 1g Sugar, Keto Friendly, 12 Count</p><p>$19.48 ($1.62 / Fl Oz)</p><a href="https://www.amazon.com/dp/B0015068PA?tag=eloabder-20&linkCode=osi&th=1&psc=1">View Product</a></div><div class="product"><a href="https://www.amazon.com/dp/B007S6Y6VS?tag=eloabder-20&linkCode=osi&th=1&psc=1"><img src="https://m.media-amazon.com/images/I/51rcU9FqXVL._SL500_.jpg" alt="Product Image"></a><p>Garden of Life Raw Organic Meal Replacement Shakes - Chocolate Plant Based Vegan Protein Powder, Pea Protein, Sprouts, Greens, Probiotics, Dairy Free All in One Shake for Women and Men, 28 Servings</p><p>$45.94 ($1.21 / Ounce)</p><a href="https://www.amazon.com/dp/B007S6Y6VS?tag=eloabder-20&linkCode=osi&th=1&psc=1">View Product</a></div><div class="product"><a href="https://www.amazon.com/dp/B01M0230TU?tag=eloabder-20&linkCode=osi&th=1&psc=1"><img src="https://m.media-amazon.com/images/I/41PWDkoBh1L._SL500_.jpg" alt="Product Image"></a><p>Fit & Lean Meal Shake, Fat Burning Meal Replacement, Meal Replacement with Protein, Fiber, Probiotics and Organic Fruits & Vegetables, Cookies and Cream, 1lb, 10 Servings Per Container</p><p>$24.04 ($1.50 / Ounce)</p><a href="https://www.amazon.com/dp/B01M0230TU?tag=eloabder-20&linkCode=osi&th=1&psc=1">View Product</a></div><div class="product"><a href="https://www.amazon.com/dp/B072XT69DR?tag=eloabder-20&linkCode=osi&th=1&psc=1"><img src="https://m.media-amazon.com/images/I/418TrrTOQWL._SL500_.jpg" alt="Product Image"></a><p>REDCON1 MRE Protein Powder, Blueberry Cobbler - Meal Replacement Protein Blend Made with MCT Oil & Whole Foods - Protein with Natural Ingredients to Aid in Muscle Recovery (25 Servings)</p><p>$61.99 ($0.54 / Ounce)</p><a href="https://www.amazon.com/dp/B072XT69DR?tag=eloabder-20&linkCode=osi&th=1&psc=1">View Product</a></div><div class="product"><a href="https://www.amazon.com/dp/B07FCRQK54?tag=eloabder-20&linkCode=osi&th=1&psc=1"><img src="https://m.media-amazon.com/images/I/41-6e5gF3XL._SL500_.jpg" alt="Product Image"></a><p>TrueFit Meal Replacement Shake Protein Powder, Grass Fed Whey + Organic Fruits & Veggies, Keto, Fiber & Probiotics, Gluten Free</p><p>$49.99 ($1.56 / Ounce)</p><a href="https://www.amazon.com/dp/B07FCRQK54?tag=eloabder-20&linkCode=osi&th=1&psc=1">View Product</a></div><div class="product"><a href="https://www.amazon.com/dp/B08GLMT52Z?tag=eloabder-20&linkCode=osi&th=1&psc=1"><img src="https://m.media-amazon.com/images/I/51B0Yf4FQcL._SL500_.jpg" alt="Product Image"></a><p>Atkins Iced Coffee Vanilla Latte Protein Shake, 15g Protein, Low Glycemic, 4g Net Carb, 1g Sugar, Keto Friendly</p><p>$14.99 ($0.11 / Fl Oz)</p><a href="https://www.amazon.com/dp/B08GLMT52Z?tag=eloabder-20&linkCode=osi&th=1&psc=1">View Product</a></div><div class="product"><a href="https://www.amazon.com/dp/B07BQKW63M?tag=eloabder-20&linkCode=osi&th=1&psc=1"><img src="https://m.media-amazon.com/images/I/51AC7h5Du6L._SL500_.jpg" alt="Product Image"></a><p>Meal Replacement Shake, Organic | Purely Inspired All-in-One Plant Based Protein Powder for Women & Men Shake Vanilla, 1.3 Pounds</p><p>$28.99 ($1.39 / Ounce)</p><a href="https://www.amazon.com/dp/B07BQKW63M?tag=eloabder-20&linkCode=osi&th=1&psc=1">View Product</a></div><div class="product"><a href="https://www.amazon.com/dp/B00RWWOKHI?tag=eloabder-20&linkCode=osi&th=1&psc=1"><img src="https://m.media-amazon.com/images/I/41qbZmmUr8L._SL500_.jpg" alt="Product Image"></a><p>Orgain Organic Meal, Vegan Meal Replacement Protein Powder, Creamy Chocolate Fudge - 20g Plant Based Protein, 7g Prebiotic Fiber, Fruits, Vegetables & Greens, Gluten Free, Shakes & Smoothies, 2.01lb</p><p>$38.26 ($1.19 / oz)</p><a href="https://www.amazon.com/dp/B00RWWOKHI?tag=eloabder-20&linkCode=osi&th=1&psc=1">View Product</a></div>
<div class="product"><a href="https://www.amazon.com/dp/B0BG94RWYN?tag=eloabder-20&linkCode=osi&th=1&psc=1"><img src="https://m.media-amazon.com/images/I/41k1yrK-eGL._SL500_.jpg" alt="Product Image"></a><p>Sea Moss 3000mg Black Seed Oil 2000mg Ashwagandha 1000mg Turmeric 1000mg Bladderwrack 1000mg Burdock 1000mg & Vitamin C & D3 with Elderberry Manuka Dandelion Yellow Dock Iodine Chlorophyll ACV</p><p>$23.96 ($0.40 / Count)</p><a href="https://www.amazon.com/dp/B0BG94RWYN?tag=eloabder-20&linkCode=osi&th=1&psc=1">View Product</a></div><div class="product"><a href="https://www.amazon.com/dp/B0BDP24LP4?tag=eloabder-20&linkCode=osi&th=1&psc=1"><img src="https://m.media-amazon.com/images/I/41j86g3KMXL._SL500_.jpg" alt="Product Image"></a><p>Metamucil Fiber Gummies for Adults, No Sugar Added Orange Flavor, 5g Prebiotic Plant Based Fiber Supplement Blend, 120 Count</p><p>$25.68 ($0.21 / Count)</p><a href="https://www.amazon.com/dp/B0BDP24LP4?tag=eloabder-20&linkCode=osi&th=1&psc=1">View Product</a></div><div class="product"><a href="https://www.amazon.com/dp/B01BXLYEQ0?tag=eloabder-20&linkCode=osi&th=1&psc=1"><img src="https://m.media-amazon.com/images/I/41-9QpEJLtL._SL500_.jpg" alt="Product Image"></a><p>Jacked Factory Burn-XT Clinically Studied Fat Burner & Weight Loss Supplement - Appetite Suppressant & Energy Booster - with Acetyl L-Carnitine, Green Tea Extract and More - 60 Natural Diet Pills</p><p>$24.99 ($0.42 / Count)</p><a href="https://www.amazon.com/dp/B01BXLYEQ0?tag=eloabder-20&linkCode=osi&th=1&psc=1">View Product</a></div><div class="product"><a href="https://www.amazon.com/dp/B005BU2KRU?tag=eloabder-20&linkCode=osi&th=1&psc=1"><img src="https://m.media-amazon.com/images/I/41wBCNhPnPL._SL500_.jpg" alt="Product Image"></a><p>Nature Made Vitamin B12 1000 mcg, Dietary Supplement for Energy Metabolism Support, 90 Softgels, 90 Day Supply</p><p>$13.89 ($0.15 / Count)</p><a href="https://www.amazon.com/dp/B005BU2KRU?tag=eloabder-20&linkCode=osi&th=1&psc=1">View Product</a></div><div class="product"><a href="https://www.amazon.com/dp/B0C351C9R4?tag=eloabder-20&linkCode=osi&th=1&psc=1"><img src="https://m.media-amazon.com/images/I/41LRAsJYQrL._SL500_.jpg" alt="Product Image"></a><p>Night Time Fat Burner Gummies with Zero Sugar for Sleep & Weight Loss Support | Hunger Suppressant & Metabolism Booster, Shred Belly Fat While You Sleep | Diet Supplement for Women & Men | 60 Ct.</p><p>$19.95 ($0.33 / Count)</p><a href="https://www.amazon.com/dp/B0C351C9R4?tag=eloabder-20&linkCode=osi&th=1&psc=1">View Product</a></div><div class="product"><a href="https://www.amazon.com/dp/B011NAU2EY?tag=eloabder-20&linkCode=osi&th=1&psc=1"><img src="https://m.media-amazon.com/images/I/419b8yC3HPL._SL500_.jpg" alt="Product Image"></a><p>COUNTRY FARMS Super Greens Vegicaps, 32 Super Foods, Whole Food Supplement, Greens, Fruit, Vegetables, Mushrooms & Probiotics, Rich in Antioxidants & Phytonutrients, 60 Count, 30 Servings</p><p>$12.73 ($0.42 / Count)</p><a href="https://www.amazon.com/dp/B011NAU2EY?tag=eloabder-20&linkCode=osi&th=1&psc=1">View Product</a></div><div class="product"><a href="https://www.amazon.com/dp/B0B3D6TMKS?tag=eloabder-20&linkCode=osi&th=1&psc=1"><img src="https://m.media-amazon.com/images/I/41m2gNyEYkL._SL500_.jpg" alt="Product Image"></a><p>Bloom Nutrition Superfood Greens Powder, Digestive Enzymes with Probiotics and Prebiotics, Gut Health, Bloating Relief for Women, Chlorella, Green Juice Mix with Beet Root Powder, 30 SVG, Mango</p><p>$34.99 ($5.86 / Ounce)</p><a href="https://www.amazon.com/dp/B0B3D6TMKS?tag=eloabder-20&linkCode=osi&th=1&psc=1">View Product</a></div><div class="product"><a href="https://www.amazon.com/dp/B08XXHCGZT?tag=eloabder-20&linkCode=osi&th=1&psc=1"><img src="https://m.media-amazon.com/images/I/41iPl4jhA-L._SL500_.jpg" alt="Product Image"></a><p>Nature Made Magnesium Glycinate 200 mg per Serving, Magnesium Supplement for Muscle, Heart, Nerve and Bone Support, 60 Magnesium Bisglycinate Capsules, 30 Day Supply</p><p>$10.66 ($0.18 / Count)</p><a href="https://www.amazon.com/dp/B08XXHCGZT?tag=eloabder-20&linkCode=osi&th=1&psc=1">View Product</a></div><div class="product"><a href="https://www.amazon.com/dp/B083JM99Q8?tag=eloabder-20&linkCode=osi&th=1&psc=1"><img src="https://m.media-amazon.com/images/I/41TA8WAeLsL._SL500_.jpg" alt="Product Image"></a><p>Turmeric and Ginger Supplement - Tumeric Curcumin Joint Support Pills - with Apple Cider Vinegar & BioPerine Black Pepper - 95% Curcuminoids - 60 Capsules</p><p>$17.49 ($0.29 / Count)</p><a href="https://www.amazon.com/dp/B083JM99Q8?tag=eloabder-20&linkCode=osi&th=1&psc=1">View Product</a></div><div class="product"><a href="https://www.amazon.com/dp/B09HR9QW3H?tag=eloabder-20&linkCode=osi&th=1&psc=1"><img src="https://m.media-amazon.com/images/I/41KmDezeaeL._SL500_.jpg" alt="Product Image"></a><p>NeoCell Super Collagen With Vitamin C and Biotin, Skin, Hair and Nails Supplement, Includes Antioxidants, Tablet, 270 Count, 1 Bottle</p><p>$19.99 ($0.07 / Count)</p><a href="https://www.amazon.com/dp/B09HR9QW3H?tag=eloabder-20&linkCode=osi&th=1&psc=1">View Product</a></div>
<div class="product"><a href="https://www.amazon.com/dp/B016BAO0LW?tag=eloabder-20&linkCode=osi&th=1&psc=1"><img src="https://m.media-amazon.com/images/I/41CEuhtv5jL._SL500_.jpg" alt="Product Image"></a><p>Detox Cleanse | Purely Inspired 7 Day Cleanse and Detox Pills | Acai Berry Cleanse | Whole Body Cleanse Detox for Women & Men | Body Detox with Senna Leaf & Digestive Enzymes | 42 Acai Berry Capsules</p><p>$11.23 ($0.27 / Count)</p><a href="https://www.amazon.com/dp/B016BAO0LW?tag=eloabder-20&linkCode=osi&th=1&psc=1">View Product</a></div><div class="product"><a href="https://www.amazon.com/dp/B0CRMVWKL4?tag=eloabder-20&linkCode=osi&th=1&psc=1"><img src="https://m.media-amazon.com/images/I/41wTqdC2eiL._SL500_.jpg" alt="Product Image"></a><p>28-in-1 Liver Cleanse with Milk Thistle, Artichoke & Apple Cider Vinegar - Liver Cleanse Detox & Repair Heath Formula Liver Support Supplement 60 Vegan Capsules</p><p>$24.99 ($0.42 / Count)</p><a href="https://www.amazon.com/dp/B0CRMVWKL4?tag=eloabder-20&linkCode=osi&th=1&psc=1">View Product</a></div><div class="product"><a href="https://www.amazon.com/dp/B00ISAPPLI?tag=eloabder-20&linkCode=osi&th=1&psc=1"><img src="https://m.media-amazon.com/images/I/417-h8k4YML._SL500_.jpg" alt="Product Image"></a><p>Dr. Tobias Colon 14 Day Cleanse, Advanced Gut Cleanse Detox for Women & Men with Cascara Sagrada, Psyllium Husk & Senna Leaf, Non-GMO Colon Cleanse, 28 Capsules 1-2 Daily</p><p>$19.99 ($0.71 / Count)</p><a href="https://www.amazon.com/dp/B00ISAPPLI?tag=eloabder-20&linkCode=osi&th=1&psc=1">View Product</a></div><div class="product"><a href="https://www.amazon.com/dp/B01AVJGHW4?tag=eloabder-20&linkCode=osi&th=1&psc=1"><img src="https://m.media-amazon.com/images/I/51xGQHea+JL._SL500_.jpg" alt="Product Image"></a><p>Century Systems The Cleaner Detox, Powerful 7-Day Complete Internal Cleansing Formula for Men, Support Digestive Health, 52 Vegetarian Capsules</p><p>$11.75 ($0.23 / Count)</p><a href="https://www.amazon.com/dp/B01AVJGHW4?tag=eloabder-20&linkCode=osi&th=1&psc=1">View Product</a></div><div class="product"><a href="https://www.amazon.com/dp/B0CPVVYG5D?tag=eloabder-20&linkCode=osi&th=1&psc=1"><img src="https://m.media-amazon.com/images/I/41L2n+A9vjL._SL500_.jpg" alt="Product Image"></a><p>Milamiamor 15 Day Cleanse - Gut and Colon Support - Advanced Gut Cleanse Detox for Women & Men with Senna, Cascara Sagrada & Psyllium Husk - Non-GMO - Made in USA - 30 Capsules</p><p>$16.99 ($0.57 / Count)</p><a href="https://www.amazon.com/dp/B0CPVVYG5D?tag=eloabder-20&linkCode=osi&th=1&psc=1">View Product</a></div><div class="product"><a href="https://www.amazon.com/dp/B00SCSQEV6?tag=eloabder-20&linkCode=osi&th=1&psc=1"><img src="https://m.media-amazon.com/images/I/31ELUEaLrcL._SL500_.jpg" alt="Product Image"></a><p>NatureWise Herbal Detox Cleanse Laxative Supplements | Natural Colon Cleanser Herb & Fiber Blend for Constipation Relief, Toxin Rid, Gut Health, & Weight Loss Support [1 Month Supply - 60 Capsules]</p><p>$22.99 ($0.38 / Count)</p><a href="https://www.amazon.com/dp/B00SCSQEV6?tag=eloabder-20&linkCode=osi&th=1&psc=1">View Product</a></div><div class="product"><a href="https://www.amazon.com/dp/B077GFFF7L?tag=eloabder-20&linkCode=osi&th=1&psc=1"><img src="https://m.media-amazon.com/images/I/41K6Y+M6IwL._SL500_.jpg" alt="Product Image"></a><p>COUNTRY FARMS Super Cleanse, Super Juice Cleanse, Supports Healthy Digestive System, 34 Fruits and Vegetables with Aloe, Promotes Natural Detoxification, Drink Powder, 14 Servings, 9.88 Ounce</p><p>$15.90 ($1.61 / Ounce)</p><a href="https://www.amazon.com/dp/B077GFFF7L?tag=eloabder-20&linkCode=osi&th=1&psc=1">View Product</a></div><div class="product"><a href="https://www.amazon.com/dp/B095H6GR19?tag=eloabder-20&linkCode=osi&th=1&psc=1"><img src="https://m.media-amazon.com/images/I/41cAOGEXneL._SL500_.jpg" alt="Product Image"></a><p>Colon Cleanser Detox for Weight Flush - 15 Day Intestinal Cleanse Pills & Probiotic - Fast Natural Laxative for Constipation Relief - Bowel Movement Supplements for Stomach Bloating, Gut Loss Support</p><p>$9.95 ($0.33 / Count)</p><a href="https://www.amazon.com/dp/B095H6GR19?tag=eloabder-20&linkCode=osi&th=1&psc=1">View Product</a></div><div class="product"><a href="https://www.amazon.com/dp/B0009R5TQE?tag=eloabder-20&linkCode=osi&th=1&psc=1"><img src="https://m.media-amazon.com/images/I/31OzD6tkaSL._SL500_.jpg" alt="Product Image"></a><p>Detoxify – Ready Clean Herbal Cleanse – Tropical – 16 oz – Professionally Formulated Herbal Detox Drink – Enhanced with Milk Thistle Seed Extract & Burdock Root Extract – Plus Sticker.</p><p>$23.99 ($1.50 / Fl Oz)</p><a href="https://www.amazon.com/dp/B0009R5TQE?tag=eloabder-20&linkCode=osi&th=1&psc=1">View Product</a></div>
<div class="product"><a href="https://www.amazon.com/dp/B0C21ZLQNC?tag=eloabder-20&linkCode=osi&th=1&psc=1"><img src="https://m.media-amazon.com/images/I/51mKzlUJ2mL._SL500_.jpg" alt="Product Image"></a><p>Physician's CHOICE Digestive Enzymes - Multi Enzymes, Organic Prebiotics & Probiotics for Digestive Health & Gut Health - Meal Time Discomfort Relief & Bloating - Dual Action Approach - 60 CT</p><p>$17.99 ($0.30 / Count)</p><a href="https://www.amazon.com/dp/B0C21ZLQNC?tag=eloabder-20&linkCode=osi&th=1&psc=1">View Product</a></div><div class="product"><a href="https://www.amazon.com/dp/B012RFVHSO?tag=eloabder-20&linkCode=osi&th=1&psc=1"><img src="https://m.media-amazon.com/images/I/51As5g4VfnL._SL500_.jpg" alt="Product Image"></a><p>OLLY Probiotic + Prebiotic Gummy, Digestive Support and Gut Health, 500 Million CFUs, Fiber, Adult Chewable Supplement for Men and Women, Peach, 30 Day Supply - 30 Count</p><p>$12.49 ($0.42 / Count)</p><a href="https://www.amazon.com/dp/B012RFVHSO?tag=eloabder-20&linkCode=osi&th=1&psc=1">View Product</a></div><div class="product"><a href="https://www.amazon.com/dp/B079H53D2B?tag=eloabder-20&linkCode=osi&th=1&psc=1"><img src="https://m.media-amazon.com/images/I/51Y4b2nfCYL._SL500_.jpg" alt="Product Image"></a><p>Physician's Choice Probiotics 60 Billion CFU - 10 Strains + Organic Prebiotics - Immune, Digestive & Gut Health - Supports Occasional Constipation, Diarrhea, Gas & Bloating - for Women & Men - 30ct</p><p>$21.58 ($0.72 / Count)</p><a href="https://www.amazon.com/dp/B079H53D2B?tag=eloabder-20&linkCode=osi&th=1&psc=1">View Product</a></div><div class="product"><a href="https://www.amazon.com/dp/B001TH7K0G?tag=eloabder-20&linkCode=osi&th=1&psc=1"><img src="https://m.media-amazon.com/images/I/41nbiJxKRNL._SL500_.jpg" alt="Product Image"></a><p>Metamucil 3-in-1 Fiber Capsules, Daily Psyllium Husk Fiber Supplement, Fiber Capsules for Digestive Health, Plant-Based Psyllium Husk Fiber Capsules, #1 Doctor Recommended Fiber Brand, 300ct Capsules</p><p>$30.18 ($0.10 / Count)</p><a href="https://www.amazon.com/dp/B001TH7K0G?tag=eloabder-20&linkCode=osi&th=1&psc=1">View Product</a></div><div class="product"><a href="https://www.amazon.com/dp/B0BYQZZTNH?tag=eloabder-20&linkCode=osi&th=1&psc=1"><img src="https://m.media-amazon.com/images/I/51+PbAZ+BiL._SL500_.jpg" alt="Product Image"></a><p>OLLY Fiber Gummy Rings, 5g Prebiotic Fiber, FOS (Fructo-oligosaccharides), Digestive Support, Berry Melon 50ct</p><p>$18.69 ($0.37 / Count)</p><a href="https://www.amazon.com/dp/B0BYQZZTNH?tag=eloabder-20&linkCode=osi&th=1&psc=1">View Product</a></div><div class="product"><a href="https://www.amazon.com/dp/B072YHM6S2?tag=eloabder-20&linkCode=osi&th=1&psc=1"><img src="https://m.media-amazon.com/images/I/41AeQ7B6ywL._SL500_.jpg" alt="Product Image"></a><p>Zenwise Health Digestive Enzymes - Probiotic Multi Enzymes with Probiotics and Prebiotics for Digestive Health and Bloating Relief for Women and Men, Daily Enzymes for Gut and Digestion - 60 Count</p><p>$18.97 ($0.32 / Count)</p><a href="https://www.amazon.com/dp/B072YHM6S2?tag=eloabder-20&linkCode=osi&th=1&psc=1">View Product</a></div><div class="product"><a href="https://www.amazon.com/dp/B0007IQMVG?tag=eloabder-20&linkCode=osi&th=1&psc=1"><img src="https://m.media-amazon.com/images/I/41LbuIg0j9L._SL500_.jpg" alt="Product Image"></a><p>Digestive Advantage IBS Probiotics For Women and Men, Probiotics For Digestive Health & Intensive Bowel Support with Digestive Enzymes For Gut Health, Occasional Bloating & Immune Support, 96 Capsules</p><p>$40.99 ($0.43 / Count)</p><a href="https://www.amazon.com/dp/B0007IQMVG?tag=eloabder-20&linkCode=osi&th=1&psc=1">View Product</a></div><div class="product"><a href="https://www.amazon.com/dp/B0BSKSTLR6?tag=eloabder-20&linkCode=osi&th=1&psc=1"><img src="https://m.media-amazon.com/images/I/4122KSnK5cL._SL500_.jpg" alt="Product Image"></a><p>Benefiber Prebiotic Fiber Supplement Gummies for Digestive Health, Assorted Fruit Flavor - 81 Count</p><p>$17.99 ($0.22 / Count)</p><a href="https://www.amazon.com/dp/B0BSKSTLR6?tag=eloabder-20&linkCode=osi&th=1&psc=1">View Product</a></div><div class="product"><a href="https://www.amazon.com/dp/B0014CVXMW?tag=eloabder-20&linkCode=osi&th=1&psc=1"><img src="https://m.media-amazon.com/images/I/417nIjuQeVL._SL500_.jpg" alt="Product Image"></a><p>Nature's Bounty Acidophilus Probiotic, Daily Probiotic Supplement, Supports Digestive Health, 1 Pack, 120 Tablets</p><p>$7.79 ($0.06 / Count)</p><a href="https://www.amazon.com/dp/B0014CVXMW?tag=eloabder-20&linkCode=osi&th=1&psc=1">View Product</a></div>
<div class="product"><a href="https://www.amazon.com/dp/B000QSNYGI?tag=eloabder-20&linkCode=osi&th=1&psc=1"><img src="https://m.media-amazon.com/images/I/418FT93kkzL._SL500_.jpg" alt="Product Image"></a><p>Optimum Nutrition Gold Standard 100% Whey Protein Powder, Double Rich Chocolate, 5 Pound (Packaging May Vary)</p><p>$76.49 ($0.96 / Ounce)</p><a href="https://www.amazon.com/dp/B000QSNYGI?tag=eloabder-20&linkCode=osi&th=1&psc=1">View Product</a></div><div class="product"><a href="https://www.amazon.com/dp/B0C6R7WH62?tag=eloabder-20&linkCode=osi&th=1&psc=1"><img src="https://m.media-amazon.com/images/I/51CQ1wyX8QL._SL500_.jpg" alt="Product Image"></a><p>Body Fortress Super Advanced Whey Protein Powder, Vanilla, 60g Protein & 12g BCAAs Per 2 Scoops, Muscle Gain & Recovery, Immune Support with Vitamins C & D, 3.9lbs (Packaging May Vary)</p><p>$46.57 ($0.75 / Ounce)</p><a href="https://www.amazon.com/dp/B0C6R7WH62?tag=eloabder-20&linkCode=osi&th=1&psc=1">View Product</a></div><div class="product"><a href="https://www.amazon.com/dp/B06ZZ3PJQD?tag=eloabder-20&linkCode=osi&th=1&psc=1"><img src="https://m.media-amazon.com/images/I/41iB36grf+L._SL500_.jpg" alt="Product Image"></a><p>Premier Protein Powder, Vanilla Milkshake, 30g Protein, 1g Sugar, 100% Whey Protein, Keto Friendly, No Soy Ingredients, Gluten Free, 17 Servings, 23.3 Ounces</p><p>$23.96 ($1.03 / Ounce)</p><a href="https://www.amazon.com/dp/B06ZZ3PJQD?tag=eloabder-20&linkCode=osi&th=1&psc=1">View Product</a></div><div class="product"><a href="https://www.amazon.com/dp/B00J074W7Q?tag=eloabder-20&linkCode=osi&th=1&psc=1"><img src="https://m.media-amazon.com/images/I/417tUIFuGVL._SL500_.jpg" alt="Product Image"></a><p>Orgain Organic Vegan Protein Powder, Vanilla Bean - 21g Plant Protein, 6g Prebiotic Fiber, No Lactose Ingredients, No Added Sugar, Non-GMO, For Shakes & Smoothies, 2.03 lb (Packaging May Vary)</p><p>$26.00 ($0.80 / Ounce)</p><a href="https://www.amazon.com/dp/B00J074W7Q?tag=eloabder-20&linkCode=osi&th=1&psc=1">View Product</a></div><div class="product"><a href="https://www.amazon.com/dp/B002DYIZHG?tag=eloabder-20&linkCode=osi&th=1&psc=1"><img src="https://m.media-amazon.com/images/I/41JLcuooSqL._SL500_.jpg" alt="Product Image"></a><p>Optimum Nutrition Gold Standard 100% Whey Protein Powder, Extreme Milk Chocolate, 2 Pound (Pack of 1) (Packaging May Vary)</p><p>$35.47 ($1.11 / Ounce)</p><a href="https://www.amazon.com/dp/B002DYIZHG?tag=eloabder-20&linkCode=osi&th=1&psc=1">View Product</a></div><div class="product"><a href="https://www.amazon.com/dp/B09SY9SD4D?tag=eloabder-20&linkCode=osi&th=1&psc=1"><img src="https://m.media-amazon.com/images/I/41kNcXYRb2L._SL500_.jpg" alt="Product Image"></a><p>Six Star Elite Series 100% Whey Protein Plus Cookies and Cream 1.8lbs US</p><p>$19.50 ($0.67 / Ounce)</p><a href="https://www.amazon.com/dp/B09SY9SD4D?tag=eloabder-20&linkCode=osi&th=1&psc=1">View Product</a></div><div class="product"><a href="https://www.amazon.com/dp/B008JC26E4?tag=eloabder-20&linkCode=osi&th=1&psc=1"><img src="https://m.media-amazon.com/images/I/51ecEm461zL._SL500_.jpg" alt="Product Image"></a><p>Muscletech Whey Protein Powder (Milk Chocolate, 4 Pound) - Nitro-Tech Muscle Building Formula with Whey Protein Isolate & Peptides - 30g of Protein, 3g of Creatine & 6.6g of BCAA</p><p>$54.99 ($0.86 / Ounce)</p><a href="https://www.amazon.com/dp/B008JC26E4?tag=eloabder-20&linkCode=osi&th=1&psc=1">View Product</a></div><div class="product"><a href="https://www.amazon.com/dp/B07PVKBGV3?tag=eloabder-20&linkCode=osi&th=1&psc=1"><img src="https://m.media-amazon.com/images/I/51M7jdcJfML._SL500_.jpg" alt="Product Image"></a><p>Orgain Organic Vegan Protein + 50 Superfoods Powder, Creamy Chocolate Fudge - 21g Plant Based Protein, 9g Prebiotic Fiber, No Lactose, Gluten Free, No Added Sugar, 2.02 lb (Packaging May Vary)</p><p>$29.99 ($0.93 / Ounce)</p><a href="https://www.amazon.com/dp/B07PVKBGV3?tag=eloabder-20&linkCode=osi&th=1&psc=1">View Product</a></div><div class="product"><a href="https://www.amazon.com/dp/B0BHZTH6W6?tag=eloabder-20&linkCode=osi&th=1&psc=1"><img src="https://m.media-amazon.com/images/I/417Ray0wErL._SL500_.jpg" alt="Product Image"></a><p>Clean Simple Eats Simply Vanilla Whey Protein Powder, Natural Sweetened and Cold-Processed Whey Protein Powder, 20 Grams of Protein (30 Servings)</p><p>$59.99 ($1.72 / Ounce)</p><a href="https://www.amazon.com/dp/B0BHZTH6W6?tag=eloabder-20&linkCode=osi&th=1&psc=1">View Product</a></div>
<div class="product"><a href="https://www.amazon.com/dp/B008O47SI6?tag=eloabder-20&linkCode=osi&th=1&psc=1"><img src="https://m.media-amazon.com/images/I/31N3aA5EjQL._SL500_.jpg" alt="Product Image"></a><p>Optimum Nutrition Amino Energy - Pre Workout with Green Tea, BCAA, Amino Acids, Keto Friendly, Green Coffee Extract, Energy Powder - Watermelon, 30 Servings (Packaging May Vary)</p><p>$18.94 ($1.99 / Ounce)</p><a href="https://www.amazon.com/dp/B008O47SI6?tag=eloabder-20&linkCode=osi&th=1&psc=1">View Product</a></div><div class="product"><a href="https://www.amazon.com/dp/B07349CKML?tag=eloabder-20&linkCode=osi&th=1&psc=1"><img src="https://m.media-amazon.com/images/I/51-TkjI7KTL._SL500_.jpg" alt="Product Image"></a><p>Cellucor C4 Sport Pre Workout Powder Watermelon - Pre Workout Energy with Creatine + 135mg Caffeine and Beta-Alanine Performance Blend - NSF Certified for Sport 30 Servings</p><p>$21.92 ($3.09 / Ounce)</p><a href="https://www.amazon.com/dp/B07349CKML?tag=eloabder-20&linkCode=osi&th=1&psc=1">View Product</a></div><div class="product"><a href="https://www.amazon.com/dp/B00KZNOYDG?tag=eloabder-20&linkCode=osi&th=1&psc=1"><img src="https://m.media-amazon.com/images/I/41IXADaWxUL._SL500_.jpg" alt="Product Image"></a><p>BSN N.O.-XPLODE Pre Workout Supplement with Creatine, Beta-Alanine, and Energy, Flavor: Fruit Punch, 60 Servings</p><p>$46.99 ($1.20 / Ounce)</p><a href="https://www.amazon.com/dp/B00KZNOYDG?tag=eloabder-20&linkCode=osi&th=1&psc=1">View Product</a></div><div class="product"><a href="https://www.amazon.com/dp/B00PYB2X8C?tag=eloabder-20&linkCode=osi&th=1&psc=1"><img src="https://m.media-amazon.com/images/I/31NJiruIw-L._SL500_.jpg" alt="Product Image"></a><p>OPTIMUM NUTRITION Gold Standard Pre-Workout with Creatine, Beta-Alanine, and Caffeine for Energy, Flavor: Fruit Punch, 30 Servings</p><p>$24.99 ($2.36 / Ounce)</p><a href="https://www.amazon.com/dp/B00PYB2X8C?tag=eloabder-20&linkCode=osi&th=1&psc=1">View Product</a></div><div class="product"><a href="https://www.amazon.com/dp/B09HFMZ8MP?tag=eloabder-20&linkCode=osi&th=1&psc=1"><img src="https://m.media-amazon.com/images/I/41JwKA7bTxL._SL500_.jpg" alt="Product Image"></a><p>BSN N.O.-XPLODE Vaso Pre Workout Powder with 8g of L-Citulline and 3.2g Beta-Alanine and Energy, Flavor: Grape Fury, 24 Servings</p><p>$32.30 ($1.82 / Ounce)</p><a href="https://www.amazon.com/dp/B09HFMZ8MP?tag=eloabder-20&linkCode=osi&th=1&psc=1">View Product</a></div><div class="product"><a href="https://www.amazon.com/dp/B0CM9R6J4L?tag=eloabder-20&linkCode=osi&th=1&psc=1"><img src="https://m.media-amazon.com/images/I/51FnQa40ViL._SL500_.jpg" alt="Product Image"></a><p>Six Star Pre-Workout Powder for Men & Women, Fruit Punch (30 Servings) - Preworkout Explosion 2.0 Energy Powder Drink Mix with Beta-Alanine & Caffeine - Sports Nutrition Supplement Products</p><p>$17.97 ($1.89 / Ounce)</p><a href="https://www.amazon.com/dp/B0CM9R6J4L?tag=eloabder-20&linkCode=osi&th=1&psc=1">View Product</a></div><div class="product"><a href="https://www.amazon.com/dp/B07NC8BPV9?tag=eloabder-20&linkCode=osi&th=1&psc=1"><img src="https://m.media-amazon.com/images/I/51XzLEFzfTL._SL500_.jpg" alt="Product Image"></a><p>C4 Ripped Sport Pre Workout Powder Fruit Punch - NSF Certified for Sport + Sugar Free Preworkout Energy Supplement for Men & Women | 135mg Caffeine | 30 Servings</p><p>$25.49 ($2.83 / Ounce)</p><a href="https://www.amazon.com/dp/B07NC8BPV9?tag=eloabder-20&linkCode=osi&th=1&psc=1">View Product</a></div><div class="product"><a href="https://www.amazon.com/dp/B07TCCPZZL?tag=eloabder-20&linkCode=osi&th=1&psc=1"><img src="https://m.media-amazon.com/images/I/51WOAcjhkKL._SL500_.jpg" alt="Product Image"></a><p>Jacked Factory NITROSURGE Pre Workout Supplement - Endless Energy, Instant Strength Gains, Clear Focus, Intense Pumps - NO Booster & Preworkout Powder with Beta Alanine - 30 Servings, Cherry Limeade</p><p>$25.99 ($2.93 / Ounce)</p><a href="https://www.amazon.com/dp/B07TCCPZZL?tag=eloabder-20&linkCode=osi&th=1&psc=1">View Product</a></div><div class="product"><a href="https://www.amazon.com/dp/B01NBZFIQB?tag=eloabder-20&linkCode=osi&th=1&psc=1"><img src="https://m.media-amazon.com/images/I/51dF03izLhL._SL500_.jpg" alt="Product Image"></a><p>Cellucor C4 Original Pre Workout Powder Watermelon Sugar Free Preworkout Energy Supplement for Men & Women 150mg Caffeine + Beta Alanine + Creatine 30 Servings</p><p>$27.70 ($4.69 / Ounce)</p><a href="https://www.amazon.com/dp/B01NBZFIQB?tag=eloabder-20&linkCode=osi&th=1&psc=1">View Product</a></div><div class="product"><a href="https://www.amazon.com/dp/B07RTKNGXR?tag=eloabder-20&linkCode=osi&th=1&psc=1"><img src="https://m.media-amazon.com/images/I/41Xwx02KyWL._SL500_.jpg" alt="Product Image"></a><p>Animal Fury - Pre Workout Powder Supplement for Energy and Focus - 5g BCAA, 350mg Caffeine, Nitric Oxide, Without Creatine - Powerful Stimulant for Bodybuilders - Ice Pop, 30 count</p><p>$35.74 ($2.05 / Ounce)</p><a href="https://www.amazon.com/dp/B07RTKNGXR?tag=eloabder-20&linkCode=osi&th=1&psc=1">View Product</a></div>
<div class="product"><a href="https://www.amazon.com/dp/B00LALNIOI?tag=eloabder-20&linkCode=osi&th=1&psc=1"><img src="https://m.media-amazon.com/images/I/51iR75ufkkL._SL500_.jpg" alt="Product Image"></a><p>Xtend Original BCAA Powder Blue Raspberry Ice, Sugar Free Post Workout Muscle Recovery Drink with Amino Acids for Men & Women</p><p>$23.00 ($1.74 / Ounce)</p><a href="https://www.amazon.com/dp/B00LALNIOI?tag=eloabder-20&linkCode=osi&th=1&psc=1">View Product</a></div><div class="product"><a href="https://www.amazon.com/dp/B006G9TB68?tag=eloabder-20&linkCode=osi&th=1&psc=1"><img src="https://m.media-amazon.com/images/I/31N397czLaL._SL500_.jpg" alt="Product Image"></a><p>BSN Amino X Muscle Recovery & Endurance Powder with BCAAs, Intra Workout Support, 10 Grams of Amino Acids, Keto Friendly, Caffeine Free, Flavor: Grape, 30 Servings (Packaging May Vary)</p><p>$21.84 ($1.43 / Ounce)</p><a href="https://www.amazon.com/dp/B006G9TB68?tag=eloabder-20&linkCode=osi&th=1&psc=1">View Product</a></div><div class="product"><a href="https://www.amazon.com/dp/B07XQK9Z4J?tag=eloabder-20&linkCode=osi&th=1&psc=1"><img src="https://m.media-amazon.com/images/I/51rJWb5cFgL._SL500_.jpg" alt="Product Image"></a><p>Jacked Factory Growth Surge Creatine Post Workout w/L-Carnitine - Daily Muscle Builder & Recovery Supplement with Creatine Monohydrate, Betaine, L-Carnitine L-Tartrate - 30 Servings, Watermelon</p><p>$34.99 ($3.28 / Ounce)</p><a href="https://www.amazon.com/dp/B07XQK9Z4J?tag=eloabder-20&linkCode=osi&th=1&psc=1">View Product</a></div><div class="product"><a href="https://www.amazon.com/dp/B07GZR527B?tag=eloabder-20&linkCode=osi&th=1&psc=1"><img src="https://m.media-amazon.com/images/I/51v3Vr5pRPL._SL500_.jpg" alt="Product Image"></a><p>MHP Dark Matter Post Workout, Recovery Accelerator, w/Multi Phase Creatine, Waxy Maize Carbohydrate, 6g EAAs, Fruit Punch, 20 Servings, 55 Oz</p><p>$42.89 ($0.78 / Ounce)</p><a href="https://www.amazon.com/dp/B07GZR527B?tag=eloabder-20&linkCode=osi&th=1&psc=1">View Product</a></div><div class="product"><a href="https://www.amazon.com/dp/B01HGQZXIY?tag=eloabder-20&linkCode=osi&th=1&psc=1"><img src="https://m.media-amazon.com/images/I/41CbhAnReOL._SL500_.jpg" alt="Product Image"></a><p>Post JYM Active Matrix - Post-Workout with BCAA's, Glutamine, Creatine HCL, Beta-Alanine, and More | JYM Supplement Science | Mandarin Orange Flavor, 30 Servings, 1.3 Pound (Pack of 1)</p><p>$36.19 ($1.71 / Ounce)</p><a href="https://www.amazon.com/dp/B01HGQZXIY?tag=eloabder-20&linkCode=osi&th=1&psc=1">View Product</a></div><div class="product"><a href="https://www.amazon.com/dp/B098DLMBMS?tag=eloabder-20&linkCode=osi&th=1&psc=1"><img src="https://m.media-amazon.com/images/I/51RLaCxlU4L._SL500_.jpg" alt="Product Image"></a><p>Outwork Nutrition Recovery Supplement, Post Workout Recovery Powder & Muscle Builder for Men and Women, Recharge Muscles After Gym, Backed by Science, Orange Sherbet, 230 Gr</p><p>$44.97 ($5.55 / Ounce)</p><a href="https://www.amazon.com/dp/B098DLMBMS?tag=eloabder-20&linkCode=osi&th=1&psc=1">View Product</a></div><div class="product"><a href="https://www.amazon.com/dp/B08YLMK3F9?tag=eloabder-20&linkCode=osi&th=1&psc=1"><img src="https://m.media-amazon.com/images/I/51swm-gEAJL._SL500_.jpg" alt="Product Image"></a><p>LEGION Recharge Post Workout Supplement - All Natural Muscle Builder & Recovery Drink with Micronized Creatine Monohydrate. Naturally Sweetened & Flavored, Safe & Healthy (Fruit Punch, 30 Serve)</p><p>$39.99 ($4.25 / Ounce)</p><a href="https://www.amazon.com/dp/B08YLMK3F9?tag=eloabder-20&linkCode=osi&th=1&psc=1">View Product</a></div><div class="product"><a href="https://www.amazon.com/dp/B07YF991FX?tag=eloabder-20&linkCode=osi&th=1&psc=1"><img src="https://m.media-amazon.com/images/I/41HkkaqohbL._SL500_.jpg" alt="Product Image"></a><p>Post JYM Active Matrix, Post-Workout with BCAA's, Glutamine, Creatine HCL, Beta-Alanine and More, JYM Supplement Science, Blue Arctic Freeze, 30 Servings (22 Oz)</p><p>$43.19 ($1.96 / Ounce)</p><a href="https://www.amazon.com/dp/B07YF991FX?tag=eloabder-20&linkCode=osi&th=1&psc=1">View Product</a></div><div class="product"><a href="https://www.amazon.com/dp/B01HGQZXKW?tag=eloabder-20&linkCode=osi&th=1&psc=1"><img src="https://m.media-amazon.com/images/I/41HzdrRmWOL._SL500_.jpg" alt="Product Image"></a><p>Post JYM Active Matrix - Post-Workout with BCAA's, Glutamine, Creatine HCL, Beta-Alanine, and More | JYM Supplement Science | Rainbow Sherbert Flavor, 30 Servings, 21.2 oz.</p><p>$43.99 ($2.08 / Ounce)</p><a href="https://www.amazon.com/dp/B01HGQZXKW?tag=eloabder-20&linkCode=osi&th=1&psc=1">View Product</a></div><div class="product"><a href="https://www.amazon.com/dp/B0091PAE56?tag=eloabder-20&linkCode=osi&th=1&psc=1"><img src="https://m.media-amazon.com/images/I/51--ec7ZCmL._SL500_.jpg" alt="Product Image"></a><p>BSN CELLMASS 2.0 Post Workout Recovery with BCAA, Creatine, & Glutamine - Keto Friendly - Arctic Berry, (25 Servings) (1048058)</p><p>$44.04 ($2.53 / Ounce)</p><a href="https://www.amazon.com/dp/B0091PAE56?tag=eloabder-20&linkCode=osi&th=1&psc=1">View Product</a></div>
<div class="product"><a href="https://www.amazon.com/dp/B09FXVQ8WN?tag=eloabder-20&linkCode=osi&th=1&psc=1"><img src="https://m.media-amazon.com/images/I/510JImhpyNL._SL500_.jpg" alt="Product Image"></a><p>C4 Performance Energy Drink, STARBURST™ Strawberry, Sugar Free Pre Workout Carbonated Drink with no Artificial Colors or Dyes, (16 fl. oz Pack of 12)</p><p>$23.49</p><a href="https://www.amazon.com/dp/B09FXVQ8WN?tag=eloabder-20&linkCode=osi&th=1&psc=1">View Product</a></div><div class="product"><a href="https://www.amazon.com/dp/B08TRR5993?tag=eloabder-20&linkCode=osi&th=1&psc=1"><img src="https://m.media-amazon.com/images/I/51pAihf53iL._SL500_.jpg" alt="Product Image"></a><p>Reign Total Body Fuel, White Gummy Bear, Fitness & Performance Drink, 16 Fl Oz (Pack of 12)</p><p>$26.49 ($0.14 / Fl Oz)</p><a href="https://www.amazon.com/dp/B08TRR5993?tag=eloabder-20&linkCode=osi&th=1&psc=1">View Product</a></div><div class="product"><a href="https://www.amazon.com/dp/B07419F6KS?tag=eloabder-20&linkCode=osi&th=1&psc=1"><img src="https://m.media-amazon.com/images/I/51N5hyZzrTL._SL500_.jpg" alt="Product Image"></a><p>Bang Energy Peach Mango, Sugar-Free Energy Drink, 16-Ounce (Pack of 12)</p><p>$20.94 ($0.11 / Fl Oz)</p><a href="https://www.amazon.com/dp/B07419F6KS?tag=eloabder-20&linkCode=osi&th=1&psc=1">View Product</a></div><div class="product"><a href="https://www.amazon.com/dp/B09SRV8QHH?tag=eloabder-20&linkCode=osi&th=1&psc=1"><img src="https://m.media-amazon.com/images/I/51Iq4eGNL+L._SL500_.jpg" alt="Product Image"></a><p>C4 Ultimate | Pre Workout Sugar Free Energy Drink | Tri-Stim Experience with 300mg Caffeine + TeaCrine + Dynamine | Fruit Punch | 16oz (Pack of 12)</p><p>$30.96 ($0.16 / Fl Oz)</p><a href="https://www.amazon.com/dp/B09SRV8QHH?tag=eloabder-20&linkCode=osi&th=1&psc=1">View Product</a></div><div class="product"><a href="https://www.amazon.com/dp/B0883JN171?tag=eloabder-20&linkCode=osi&th=1&psc=1"><img src="https://m.media-amazon.com/images/I/51hzUTVaV2L._SL500_.jpg" alt="Product Image"></a><p>C4 Smart Energy Drink – Boost Focus and Energy with Zero Sugar, Natural Energy, and Nootropics - 200mg Caffeine - Peach Mango (12oz Pack of 12)</p><p>$22.49 ($0.16 / Fl Oz)</p><a href="https://www.amazon.com/dp/B0883JN171?tag=eloabder-20&linkCode=osi&th=1&psc=1">View Product</a></div><div class="product"><a href="https://www.amazon.com/dp/B07Q5CH24R?tag=eloabder-20&linkCode=osi&th=1&psc=1"><img src="https://m.media-amazon.com/images/I/51PJ4pPD9qL._SL500_.jpg" alt="Product Image"></a><p>Optimum Nutrition Amino Energy Sparkling Hydration Drink, Electrolytes, Caffeine, Amino Acids, BCAAs, Sugar Free, Juicy Cherry, 12 Fl Oz, 12 Pack (Packaging May Vary)</p><p>$29.98 ($0.21 / Fl Oz)</p><a href="https://www.amazon.com/dp/B07Q5CH24R?tag=eloabder-20&linkCode=osi&th=1&psc=1">View Product</a></div><div class="product"><a href="https://www.amazon.com/dp/B08JN8W7LV?tag=eloabder-20&linkCode=osi&th=1&psc=1"><img src="https://m.media-amazon.com/images/I/51hpaMqIQ2L._SL500_.jpg" alt="Product Image"></a><p>REIGN Inferno Watermelon Warlord, Thermogenic Fuel, Fitness and Performance Drink, 16 Fl Oz (Pack of 12)</p><p>$26.49 ($0.14 / Fl Oz)</p><a href="https://www.amazon.com/dp/B08JN8W7LV?tag=eloabder-20&linkCode=osi&th=1&psc=1">View Product</a></div><div class="product"><a href="https://www.amazon.com/dp/B00IB9RZSM?tag=eloabder-20&linkCode=osi&th=1&psc=1"><img src="https://m.media-amazon.com/images/I/516brFoV5hL._SL500_.jpg" alt="Product Image"></a><p>Monster Energy Energy Drink Import, 18.6 Ounce (Pack of 12)</p><p>$37.29 ($0.17 / Fl Oz)</p><a href="https://www.amazon.com/dp/B00IB9RZSM?tag=eloabder-20&linkCode=osi&th=1&psc=1">View Product</a></div><div class="product"><a href="https://www.amazon.com/dp/B0BSXPSQS4?tag=eloabder-20&linkCode=osi&th=1&psc=1"><img src="https://m.media-amazon.com/images/I/617RjyXgx9L._SL500_.jpg" alt="Product Image"></a><p>All Black Everything Sugar Free Energy Drink | Fruit Candy | 0 Calories | 12 Pack | 200mg Natural Caffeine | Pre-Workout Sport Drink for Men and Women</p><p>$19.99 ($0.15 / Fl Oz)</p><a href="https://www.amazon.com/dp/B0BSXPSQS4?tag=eloabder-20&linkCode=osi&th=1&psc=1">View Product</a></div><div class="product"><a href="https://www.amazon.com/dp/B003PFPFIE?tag=eloabder-20&linkCode=osi&th=1&psc=1"><img src="https://m.media-amazon.com/images/I/41VhMx5ZlcL._SL500_.jpg" alt="Product Image"></a><p>Red Bull Energy Drink, 8.4 Fl Oz, 24 Cans</p><p>$31.99 ($0.16 / Fl Oz)</p><a href="https://www.amazon.com/dp/B003PFPFIE?tag=eloabder-20&linkCode=osi&th=1&psc=1">View Product</a></div>
<div class="product"><a href="https://www.amazon.com/dp/B000GISTZ4?tag=eloabder-20&linkCode=osi&th=1&psc=1"><img src="https://m.media-amazon.com/images/I/41oF8bNCKHL._SL500_.jpg" alt="Product Image"></a><p>Optimum Nutrition Gold Standard 100% Whey Protein Powder, Vanilla Ice Cream, 2 Pound (Pack of 1) (Packaging May Vary)</p><p>$39.99 ($1.25 / Ounce)</p><a href="https://www.amazon.com/dp/B000GISTZ4?tag=eloabder-20&linkCode=osi&th=1&psc=1">View Product</a></div><div class="product"><a href="https://www.amazon.com/dp/B07DX89ZHN?tag=eloabder-20&linkCode=osi&th=1&psc=1"><img src="https://m.media-amazon.com/images/I/41INqodQzYL._SL500_.jpg" alt="Product Image"></a><p>Sports Research Triple Strength Omega 3 Fish Oil - Burpless Fish Oil Supplement w/EPA & DHA Fatty Acids from Single-Source Wild Alaska Pollock - 1250 mg, 90 ct</p><p>$26.95 ($0.30 / Count)</p><a href="https://www.amazon.com/dp/B07DX89ZHN?tag=eloabder-20&linkCode=osi&th=1&psc=1">View Product</a></div><div class="product"><a href="https://www.amazon.com/dp/B09Q9WCDY7?tag=eloabder-20&linkCode=osi&th=1&psc=1"><img src="https://m.media-amazon.com/images/I/51jC1zU+TFL._SL500_.jpg" alt="Product Image"></a><p>LMNT Zero Sugar Electrolytes - Sample Pack | Drink Mix | 8 Sticks</p><p>$14.99 ($1.87 / Count)</p><a href="https://www.amazon.com/dp/B09Q9WCDY7?tag=eloabder-20&linkCode=osi&th=1&psc=1">View Product</a></div><div class="product"><a href="https://www.amazon.com/dp/B08Y73HJF4?tag=eloabder-20&linkCode=osi&th=1&psc=1"><img src="https://m.media-amazon.com/images/I/51OTbGJtumL._SL500_.jpg" alt="Product Image"></a><p>Premier Protein, Protein Shake, 8 Flavor Variety Pack, 30g Protein, 1g Sugar, 24 Vitamins & Minerals, Nutrients to Support Immune Health 11.5 Fl Oz (8 Pack)</p><p>$27.98 ($3.50 / Fl Oz)</p><a href="https://www.amazon.com/dp/B08Y73HJF4?tag=eloabder-20&linkCode=osi&th=1&psc=1">View Product</a></div><div class="product"><a href="https://www.amazon.com/dp/B019TUCOF0?tag=eloabder-20&linkCode=osi&th=1&psc=1"><img src="https://m.media-amazon.com/images/I/51Rg20S-WxL._SL500_.jpg" alt="Product Image"></a><p>Orgain Organic Greens Powder + 50 Superfoods, Original - 1 Billion Probiotics for Digestive Health, Antioxidants, Vegan, Plant-Based, Gluten-Free, Non-GMO, Green Juice & Smoothie Drink Mix - 0.62lb</p><p>$15.50 ($1.57 / Ounce)</p><a href="https://www.amazon.com/dp/B019TUCOF0?tag=eloabder-20&linkCode=osi&th=1&psc=1">View Product</a></div><div class="product"><a href="https://www.amazon.com/dp/B002DYIZEE?tag=eloabder-20&linkCode=osi&th=1&psc=1"><img src="https://m.media-amazon.com/images/I/41KL1V59+6L._SL500_.jpg" alt="Product Image"></a><p>Optimum Nutrition Micronized Creatine Monohydrate Powder, Unflavored, Keto Friendly, 60 Servings (Packaging May Vary)</p><p>$17.00 ($1.60 / Ounce)</p><a href="https://www.amazon.com/dp/B002DYIZEE?tag=eloabder-20&linkCode=osi&th=1&psc=1">View Product</a></div><div class="product"><a href="https://www.amazon.com/dp/B019GU4ILQ?tag=eloabder-20&linkCode=osi&th=1&psc=1"><img src="https://m.media-amazon.com/images/I/51QLnQIgtZL._SL500_.jpg" alt="Product Image"></a><p>Nuun Sport: Electrolyte-Rich Sports Drink Tablets, Citrus Berry Mixed Flavor Pack, Box of 4 Count (40 servings), Sports Drink for Replenishment of Essential Electrolytes Lost Through Sweat</p><p>$21.20 ($0.53 / Count)</p><a href="https://www.amazon.com/dp/B019GU4ILQ?tag=eloabder-20&linkCode=osi&th=1&psc=1">View Product</a></div><div class="product"><a href="https://www.amazon.com/dp/B099HZG89P?tag=eloabder-20&linkCode=osi&th=1&psc=1"><img src="https://m.media-amazon.com/images/I/41KY2uQmtnL._SL500_.jpg" alt="Product Image"></a><p>Dymatize ISO100 Hydrolyzed Protein Powder, 100% Whey Isolate, 25g of Protein, 5.5g BCAAs, Gluten Free, Fast Absorbing, Easy Digesting, Fruity Pebbles, 20 Servings</p><p>$33.43 ($1.55 / Ounce)</p><a href="https://www.amazon.com/dp/B099HZG89P?tag=eloabder-20&linkCode=osi&th=1&psc=1">View Product</a></div><div class="product"><a href="https://www.amazon.com/dp/B0C351C9R4?tag=eloabder-20&linkCode=osi&th=1&psc=1"><img src="https://m.media-amazon.com/images/I/41LRAsJYQrL._SL500_.jpg" alt="Product Image"></a><p>Night Time Fat Burner Gummies with Zero Sugar for Sleep & Weight Loss Support | Hunger Suppressant & Metabolism Booster, Shred Belly Fat While You Sleep | Diet Supplement for Women & Men | 60 Ct.</p><p>$19.95 ($0.33 / Count)</p><a href="https://www.amazon.com/dp/B0C351C9R4?tag=eloabder-20&linkCode=osi&th=1&psc=1">View Product</a></div><div class="product"><a href="https://www.amazon.com/dp/B09B4DWNYQ?tag=eloabder-20&linkCode=osi&th=1&psc=1"><img src="https://m.media-amazon.com/images/I/41G2blG7rCL._SL500_.jpg" alt="Product Image"></a><p>Nutricost Nitric Oxide Booster 2250mg, 180 Capsules - 750mg Per Casule, 60 Servings - Gluten Free and Non-GMO</p><p>$14.88 ($0.08 / Count)</p><a href="https://www.amazon.com/dp/B09B4DWNYQ?tag=eloabder-20&linkCode=osi&th=1&psc=1">View Product</a></div>
<div class="product"><a href="https://www.amazon.com/dp/B00GJ82VK4?tag=eloabder-20&linkCode=osi&th=1&psc=1"><img src="https://m.media-amazon.com/images/I/51j2KOV9-+L._SL500_.jpg" alt="Product Image"></a><p>Pure Protein Bars, High Protein, Nutritious Snacks to Support Energy, Low Sugar, Gluten Free, Chocolate Peanut Butter, 1.76oz, 12 Count (Packaging May Vary)</p><p>$14.99 ($0.71 / Ounce)</p><a href="https://www.amazon.com/dp/B00GJ82VK4?tag=eloabder-20&linkCode=osi&th=1&psc=1">View Product</a></div><div class="product"><a href="https://www.amazon.com/dp/B00VRALNVW?tag=eloabder-20&linkCode=osi&th=1&psc=1"><img src="https://m.media-amazon.com/images/I/41p6QSCT9xL._SL500_.jpg" alt="Product Image"></a><p>MET-Rx Big 100 Colossal Protein Bars, Great as Healthy Meal Replacement, Snack, and Help Support Energy, Peanut Butter Pretzel, With Vitamin A, Vitamin C, and Zinc, 100 g, (Pack of 9)</p><p>$22.19 ($0.70 / Ounce)</p><a href="https://www.amazon.com/dp/B00VRALNVW?tag=eloabder-20&linkCode=osi&th=1&psc=1">View Product</a></div><div class="product"><a href="https://www.amazon.com/dp/B0C4V2ML1C?tag=eloabder-20&linkCode=osi&th=1&psc=1"><img src="https://m.media-amazon.com/images/I/51O7nHnFpcL._SL500_.jpg" alt="Product Image"></a><p>FITCRUNCH Snack Size Protein Bars, Designed by Robert Irvine, 6-Layer Baked Bar, 3g of Sugar, Gluten Free & Soft Cake Core (9 Count, Flavor Lovers)</p><p>$21.99 ($1.51 / Ounce)</p><a href="https://www.amazon.com/dp/B0C4V2ML1C?tag=eloabder-20&linkCode=osi&th=1&psc=1">View Product</a></div><div class="product"><a href="https://www.amazon.com/dp/B0764FYSNF?tag=eloabder-20&linkCode=osi&th=1&psc=1"><img src="https://m.media-amazon.com/images/I/51dOBG5gU9L._SL500_.jpg" alt="Product Image"></a><p>Quest Nutrition Birthday Cake Protein Bars, High Protein, Low Carb, Gluten Free, Keto Friendly, 12 Count</p><p>$24.72 ($0.97 / Ounce)</p><a href="https://www.amazon.com/dp/B0764FYSNF?tag=eloabder-20&linkCode=osi&th=1&psc=1">View Product</a></div><div class="product"><a href="https://www.amazon.com/dp/B09QHBBGJT?tag=eloabder-20&linkCode=osi&th=1&psc=1"><img src="https://m.media-amazon.com/images/I/51gdruf0zxL._SL500_.jpg" alt="Product Image"></a><p>CLIF Builders - Chocolate Peanut Butter Flavor - Protein Bars - Gluten-Free - Non-GMO - Low Glycemic - 20g Protein - 2.4 oz.</p><p>$19.93 ($0.69 / Ounce)</p><a href="https://www.amazon.com/dp/B09QHBBGJT?tag=eloabder-20&linkCode=osi&th=1&psc=1">View Product</a></div><div class="product"><a href="https://www.amazon.com/dp/B01N16U5PC?tag=eloabder-20&linkCode=osi&th=1&psc=1"><img src="https://m.media-amazon.com/images/I/41JDFtLrPtL._SL500_.jpg" alt="Product Image"></a><p>ONE Protein Bars, Maple Glazed Doughnut, Gluten Free Protein Bars with 20g Protein and 1g Sugar, Pantry Staples, 2.12 oz (12 Count)</p><p>$23.67 ($0.93 / Ounce)</p><a href="https://www.amazon.com/dp/B01N16U5PC?tag=eloabder-20&linkCode=osi&th=1&psc=1">View Product</a></div><div class="product"><a href="https://www.amazon.com/dp/B00T0BUBI6?tag=eloabder-20&linkCode=osi&th=1&psc=1"><img src="https://m.media-amazon.com/images/I/516TTwRT19L._SL500_.jpg" alt="Product Image"></a><p>Gatorade Whey Protein Recover Bars, Chocolate Chip, 2.8 ounce(Pack of 12)</p><p>$18.09 ($0.54 / Ounce)</p><a href="https://www.amazon.com/dp/B00T0BUBI6?tag=eloabder-20&linkCode=osi&th=1&psc=1">View Product</a></div>
<div class="product"><a href="https://www.amazon.com/dp/B0BGT67LM7?tag=eloabder-20&linkCode=osi&th=1&psc=1"><img src="https://m.media-amazon.com/images/I/41E+0pcyr-L._SL500_.jpg" alt="Product Image"></a><p>Horbäach Electrolyte Tablets | 200 Count | Vegetarian | Keto-Friendly | Non-GMO, and Gluten Free Hydration Supplement</p><p>$9.99 ($0.05 / Count)</p><a href="https://www.amazon.com/dp/B0BGT67LM7?tag=eloabder-20&linkCode=osi&th=1&psc=1">View Product</a></div><div class="product"><a href="https://www.amazon.com/dp/B07N7J4Y5B?tag=eloabder-20&linkCode=osi&th=1&psc=1"><img src="https://m.media-amazon.com/images/I/41Gr4sCZyuL._SL500_.jpg" alt="Product Image"></a><p>Complete Electrolyte Supplement Pills High Absorption | Cmax Potassium Chloride Magnesium Sodium Calcium Zinc | Boost Endurance Muscle Recovery Mental Focus | Salt Electrolytes Tablets | Keto Friendly</p><p>$17.99 ($0.18 / Count)</p><a href="https://www.amazon.com/dp/B07N7J4Y5B?tag=eloabder-20&linkCode=osi&th=1&psc=1">View Product</a></div><div class="product"><a href="https://www.amazon.com/dp/B09NS38Q41?tag=eloabder-20&linkCode=osi&th=1&psc=1"><img src="https://m.media-amazon.com/images/I/41Yr3qVgBZL._SL500_.jpg" alt="Product Image"></a><p>Nutricost Electrolyte Complex (Advanced Hydration with Real Salt®) 120 Capsules - 8 Hydrating Electrolytes & Vitamins, Gluten Free, Non-GMO, Vegetarian</p><p>$13.95 ($0.12 / Count)</p><a href="https://www.amazon.com/dp/B09NS38Q41?tag=eloabder-20&linkCode=osi&th=1&psc=1">View Product</a></div><div class="product"><a href="https://www.amazon.com/dp/B06W9F3X88?tag=eloabder-20&linkCode=osi&th=1&psc=1"><img src="https://m.media-amazon.com/images/I/51tCPf4Z1kL._SL500_.jpg" alt="Product Image"></a><p>Dr. Berg Zero Sugar Hydration Keto Electrolyte Powder - Enhanced w/ 1000 mg of Potassium & Real Pink Himalayan Salt (NOT Table Salt) - Raspberry & Lemon Flavor Hydration Drink Supplement - 50 Servings</p><p>$34.95 ($3.01 / Ounce)</p><a href="https://www.amazon.com/dp/B06W9F3X88?tag=eloabder-20&linkCode=osi&th=1&psc=1">View Product</a></div><div class="product"><a href="https://www.amazon.com/dp/B08CMLT2CB?tag=eloabder-20&linkCode=osi&th=1&psc=1"><img src="https://m.media-amazon.com/images/I/515teLQAs-L._SL500_.jpg" alt="Product Image"></a><p>KEY NUTRIENTS Electrolyte Tablets, 200 Capsules, Salt Tablets for Dehydration, Fasting Electrolytes Tablets - Salt Pills with Electrolytes, No Sugar, Gluten Free Hydration Tablets Made in USA</p><p>$17.99 ($0.09 / Count)</p><a href="https://www.amazon.com/dp/B08CMLT2CB?tag=eloabder-20&linkCode=osi&th=1&psc=1">View Product</a></div><div class="product"><a href="https://www.amazon.com/dp/B09J1MZSDH?tag=eloabder-20&linkCode=osi&th=1&psc=1"><img src="https://m.media-amazon.com/images/I/41y8lkbw9XL._SL500_.jpg" alt="Product Image"></a><p>SaltStick Electrolyte FastChews - Mixed Berry Chewable Electrolyte Tablets - Salt Tablets for Runners, Electrolyte Chews for Hydration - 60 Count</p><p>$16.95 ($0.28 / Count)</p><a href="https://www.amazon.com/dp/B09J1MZSDH?tag=eloabder-20&linkCode=osi&th=1&psc=1">View Product</a></div><div class="product"><a href="https://www.amazon.com/dp/B07KBD1MGS?tag=eloabder-20&linkCode=osi&th=1&psc=1"><img src="https://m.media-amazon.com/images/I/41carskjgTL._SL500_.jpg" alt="Product Image"></a><p>Keto Electrolyte Supplement (120 Capsules) Maximum Keto Electrolytes Supplements Pills w Real Salt®, B Vitamins, Magnesium and Potassium Supplement - Salt Pills & Electrolyte Tablets</p><p>$19.98 ($0.17 / Count)</p><a href="https://www.amazon.com/dp/B07KBD1MGS?tag=eloabder-20&linkCode=osi&th=1&psc=1">View Product</a></div><div class="product"><a href="https://www.amazon.com/dp/B002IY96B0?tag=eloabder-20&linkCode=osi&th=1&psc=1"><img src="https://m.media-amazon.com/images/I/41Rm0p5cebL._SL500_.jpg" alt="Product Image"></a><p>SaltStick Electrolyte Capsules with Vitamin D | Salt Pills with Electrolytes for Running, Endurance Sports Nutrition, Running Supplements | 100 Count Electrolyte Pills</p><p>$23.95 ($0.24 / Count)</p><a href="https://www.amazon.com/dp/B002IY96B0?tag=eloabder-20&linkCode=osi&th=1&psc=1">View Product</a></div><div class="product"><a href="https://www.amazon.com/dp/B09J7DHYR9?tag=eloabder-20&linkCode=osi&th=1&psc=1"><img src="https://m.media-amazon.com/images/I/41VeenSQ-oL._SL500_.jpg" alt="Product Image"></a><p>Keto Chow - Electrolyte Hydration Drops - Keto Diets & Intermittent Fasting - Immune Support - Gluten & Sugar Free - Paleo - Sodium, Magnesium, Potassium & Trace Minerals - Unflavored - 4 fl oz</p><p>$14.95 ($3.74 / Fl Oz)</p><a href="https://www.amazon.com/dp/B09J7DHYR9?tag=eloabder-20&linkCode=osi&th=1&psc=1">View Product</a></div><div class="product"><a href="https://www.amazon.com/dp/B0B7SFQSCJ?tag=eloabder-20&linkCode=osi&th=1&psc=1"><img src="https://m.media-amazon.com/images/I/41Lf0a5xK6L._SL500_.jpg" alt="Product Image"></a><p>Vitassium Electrolyte Capsules, Electrolytes for Dietary Management of POTS Syndrome Symptoms (500mg Sodium - 100mg Potassium), Unflavored, 100 Buffered Salt Pills</p><p>$23.99 ($0.24 / Count)</p><a href="https://www.amazon.com/dp/B0B7SFQSCJ?tag=eloabder-20&linkCode=osi&th=1&psc=1">View Product</a></div>
<div class="product"><a href="https://www.amazon.com/dp/B094QB6PH6?tag=eloabder-20&linkCode=osi&th=1&psc=1"><img src="https://m.media-amazon.com/images/I/51t-JLtma+L._SL500_.jpg" alt="Product Image"></a><p>DripDrop Hydration Juicy Variety Pack Electrolyte Drink Mix Single-Serve Powder Packets- Grape, Fruit Punch, Strawberry Lemonade, Cherry - 32 Servings</p><p>$28.08 ($2.51 / Ounce)</p><a href="https://www.amazon.com/dp/B094QB6PH6?tag=eloabder-20&linkCode=osi&th=1&psc=1">View Product</a></div><div class="product"><a href="https://www.amazon.com/dp/B08XQZX9K3?tag=eloabder-20&linkCode=osi&th=1&psc=1"><img src="https://m.media-amazon.com/images/I/41FOX9WcMDL._SL500_.jpg" alt="Product Image"></a><p>Ultima Replenisher Daily Electrolyte Drink Mix – Original Variety, 20 Stickpacks – Hydration Packets with 6 Electrolytes & Minerals – Keto Friendly, Vegan, Non- GMO & Sugar-Free Electrolyte Powder</p><p>$20.99 ($8.40 / Ounce)</p><a href="https://www.amazon.com/dp/B08XQZX9K3?tag=eloabder-20&linkCode=osi&th=1&psc=1">View Product</a></div><div class="product"><a href="https://www.amazon.com/dp/B0C285PPND?tag=eloabder-20&linkCode=osi&th=1&psc=1"><img src="https://m.media-amazon.com/images/I/51aYsH48FUL._SL500_.jpg" alt="Product Image"></a><p>KEY NUTRIENTS Multivitamin Hydration Packets - 5 Delicious Flavors - Electrolytes Powder Packets No Sugar - Endurance & Energy Supplement - 10 Pack - No Calories, Gluten Free, Keto - Made in USA</p><p>$9.99 ($1.00 / Ounce)</p><a href="https://www.amazon.com/dp/B0C285PPND?tag=eloabder-20&linkCode=osi&th=1&psc=1">View Product</a></div><div class="product"><a href="https://www.amazon.com/dp/B09GKX9J39?tag=eloabder-20&linkCode=osi&th=1&psc=1"><img src="https://m.media-amazon.com/images/I/51eQYndOTPL._SL500_.jpg" alt="Product Image"></a><p>HydroMATE Electrolytes Powder Drink Mix Packets Hydration Accelerator Low Sugar Rapid Party Recovery Plus Vitamin C Variety Pack 30 Count</p><p>$35.95 ($4.75 / Ounce)</p><a href="https://www.amazon.com/dp/B09GKX9J39?tag=eloabder-20&linkCode=osi&th=1&psc=1">View Product</a></div><div class="product"><a href="https://www.amazon.com/dp/B0CG7W485N?tag=eloabder-20&linkCode=osi&th=1&psc=1"><img src="https://m.media-amazon.com/images/I/41kd-5r1UFL._SL500_.jpg" alt="Product Image"></a><p>Liquid I.V.® Hydration Multiplier® Best Sellers - Lemon Lime, Passion Fruit, Strawberry, Tropical Punch - Hydration Powder Packets, Electrolyte Powder Drink Mix, 16 Servings (Pack of 1)</p><p>$27.99 ($3.10 / Ounce)</p><a href="https://www.amazon.com/dp/B0CG7W485N?tag=eloabder-20&linkCode=osi&th=1&psc=1">View Product</a></div><div class="product"><a href="https://www.amazon.com/dp/B0D434LLZ1?tag=eloabder-20&linkCode=osi&th=1&psc=1"><img src="https://m.media-amazon.com/images/I/41DIcfxPEiL._SL500_.jpg" alt="Product Image"></a><p>PRIME HYDRATION+ Sticks VARIETY PACK | Hydration Powder Single Serve Sticks | Electrolyte Powder On The Go | Low Sugar | Caffeine-Free | Vegan | 30 Sticks</p><p>$13.49 ($1.38 / Ounce)</p><a href="https://www.amazon.com/dp/B0D434LLZ1?tag=eloabder-20&linkCode=osi&th=1&psc=1">View Product</a></div><div class="product"><a href="https://www.amazon.com/dp/B09BD8GZ8L?tag=eloabder-20&linkCode=osi&th=1&psc=1"><img src="https://m.media-amazon.com/images/I/51z4LIeLsXL._SL500_.jpg" alt="Product Image"></a><p>Nectar Hydration Packets - Electrolytes Powder Packets - Sugar Free & 0 Calorie - Organic Fruit Liquid Daily IV Hydrate Packets for Dehydration Relief and Rehydration (Variety 30 Pack)</p><p>$26.91 ($8.41 / Ounce)</p><a href="https://www.amazon.com/dp/B09BD8GZ8L?tag=eloabder-20&linkCode=osi&th=1&psc=1">View Product</a></div><div class="product"><a href="https://www.amazon.com/dp/B0BZS1JZTF?tag=eloabder-20&linkCode=osi&th=1&psc=1"><img src="https://m.media-amazon.com/images/I/513c8QIalQL._SL500_.jpg" alt="Product Image"></a><p>Venture Pal Sugar Free Electrolyte Powder Packets - Liquid Daily IV Drink Mix for Rapid Hydration & Party Recovery | 5 Vitamins & 7 Electrolytes| Keto Friendly | Non-GMO | Certified Vegan | 16 Sticks</p><p>$14.99 ($2.68 / Ounce)</p><a href="https://www.amazon.com/dp/B0BZS1JZTF?tag=eloabder-20&linkCode=osi&th=1&psc=1">View Product</a></div><div class="product"><a href="https://www.amazon.com/dp/B09TTRXVXY?tag=eloabder-20&linkCode=osi&th=1&psc=1"><img src="https://m.media-amazon.com/images/I/51-Hty3EojL._SL500_.jpg" alt="Product Image"></a><p>DripDrop Hydration - Tropical Variety Pack - Electrolyte Drink Mix Single Serve Hydration Powder Packets - Mango, Açaí, Passion Fruit, Piña Colada | Non-GMO, Gluten Free, Vegan | 32 Sticks</p><p>$35.99 ($3.19 / Ounce)</p><a href="https://www.amazon.com/dp/B09TTRXVXY?tag=eloabder-20&linkCode=osi&th=1&psc=1">View Product</a></div><div class="product"><a href="https://www.amazon.com/dp/B08TZM8S1F?tag=eloabder-20&linkCode=osi&th=1&psc=1"><img src="https://m.media-amazon.com/images/I/51c0To4vzgL._SL500_.jpg" alt="Product Image"></a><p>DripDrop Hydration - Bold Variety Pack - Electrolyte Drink Mix Single Serve Hydration Powder Packets - Watermelon, Berry, Lemon, Orange | Non-GMO, Gluten Free, Vegan | 16 Sticks</p><p>$18.99 ($3.37 / Ounce)</p><a href="https://www.amazon.com/dp/B08TZM8S1F?tag=eloabder-20&linkCode=osi&th=1&psc=1">View Product</a></div>
<div class="product"><a href="https://www.amazon.com/dp/B002DYIZCQ?tag=eloabder-20&linkCode=osi&th=1&psc=1"><img src="https://m.media-amazon.com/images/I/41YOlEKr10L._SL500_.jpg" alt="Product Image"></a><p>Optimum Nutrition L-Glutamine Muscle Recovery Capsules, 1000mg, 240 Count (Package May Vary)</p><p>$16.01 ($0.07 / Count)</p><a href="https://www.amazon.com/dp/B002DYIZCQ?tag=eloabder-20&linkCode=osi&th=1&psc=1">View Product</a></div><div class="product"><a href="https://www.amazon.com/dp/B00LALNIOI?tag=eloabder-20&linkCode=osi&th=1&psc=1"><img src="https://m.media-amazon.com/images/I/51iR75ufkkL._SL500_.jpg" alt="Product Image"></a><p>Xtend Original BCAA Powder Blue Raspberry Ice, Sugar Free Post Workout Muscle Recovery Drink with Amino Acids for Men & Women</p><p>$23.00 ($1.74 / Ounce)</p><a href="https://www.amazon.com/dp/B00LALNIOI?tag=eloabder-20&linkCode=osi&th=1&psc=1">View Product</a></div><div class="product"><a href="https://www.amazon.com/dp/B0CCVYQTKL?tag=eloabder-20&linkCode=osi&th=1&psc=1"><img src="https://m.media-amazon.com/images/I/41hoEk6V0jL._SL500_.jpg" alt="Product Image"></a><p>Animal Recovery Chews, Fast Acting Recovery with BCAA, Taurine and Glutamine for Muscle Repair and Hydration - Convenient and Delicious Chews Format</p><p>$28.73 ($0.24 / Count)</p><a href="https://www.amazon.com/dp/B0CCVYQTKL?tag=eloabder-20&linkCode=osi&th=1&psc=1">View Product</a></div><div class="product"><a href="https://www.amazon.com/dp/B006G9TB68?tag=eloabder-20&linkCode=osi&th=1&psc=1"><img src="https://m.media-amazon.com/images/I/31N397czLaL._SL500_.jpg" alt="Product Image"></a><p>BSN Amino X Muscle Recovery & Endurance Powder with BCAAs, Intra Workout Support, 10 Grams of Amino Acids, Keto Friendly, Caffeine Free, Flavor: Grape, 30 Servings (Packaging May Vary)</p><p>$21.84 ($1.43 / Ounce)</p><a href="https://www.amazon.com/dp/B006G9TB68?tag=eloabder-20&linkCode=osi&th=1&psc=1">View Product</a></div><div class="product"><a href="https://www.amazon.com/dp/B0CGXQ4XX9?tag=eloabder-20&linkCode=osi&th=1&psc=1"><img src="https://m.media-amazon.com/images/I/41mhwOrYR7L._SL500_.jpg" alt="Product Image"></a><p>Creatine + Glutamine - Creatine Supplement with L-Glutamine for Muscle Recovery, Muscle Growth, Increased Strength, Enhanced Energy Output, and Gut Health - 30 Servings, Unflavored</p><p>$24.99 ($2.27 / Ounce)</p><a href="https://www.amazon.com/dp/B0CGXQ4XX9?tag=eloabder-20&linkCode=osi&th=1&psc=1">View Product</a></div><div class="product"><a href="https://www.amazon.com/dp/B092LH46KV?tag=eloabder-20&linkCode=osi&th=1&psc=1"><img src="https://m.media-amazon.com/images/I/410M+qXqBBL._SL500_.jpg" alt="Product Image"></a><p>OLLY Muscle Recovery Sleep Gummies, Sleep and Sore Muscle Support, 3mg Melatonin, Tart Cherry, Vitamin D, Berry Flavor - 40 Count</p><p>$15.99 ($0.40 / Count)</p><a href="https://www.amazon.com/dp/B092LH46KV?tag=eloabder-20&linkCode=osi&th=1&psc=1">View Product</a></div><div class="product"><a href="https://www.amazon.com/dp/B00IUHMKJ4?tag=eloabder-20&linkCode=osi&th=1&psc=1"><img src="https://m.media-amazon.com/images/I/411mLs+hrpL._SL500_.jpg" alt="Product Image"></a><p>Glutamine Powder | MuscleTech 100% Pure L Glutamine Powder | Post Workout Recovery Drink | L-Glutamine Powder for Men & Women | Muscle Recovery | Unflavored (60 Servings)</p><p>$14.99 ($1.42 / Ounce)</p><a href="https://www.amazon.com/dp/B00IUHMKJ4?tag=eloabder-20&linkCode=osi&th=1&psc=1">View Product</a></div><div class="product"><a href="https://www.amazon.com/dp/B07BV6Y72J?tag=eloabder-20&linkCode=osi&th=1&psc=1"><img src="https://m.media-amazon.com/images/I/519lywUI0PL._SL500_.jpg" alt="Product Image"></a><p>XTEND Sport BCAA Powder Blue Raspberry Ice - Electrolyte Powder for Recovery & Hydration with Amino Acids - 30 Servings</p><p>$21.39 ($1.75 / Ounce)</p><a href="https://www.amazon.com/dp/B07BV6Y72J?tag=eloabder-20&linkCode=osi&th=1&psc=1">View Product</a></div><div class="product"><a href="https://www.amazon.com/dp/B003CHTPW2?tag=eloabder-20&linkCode=osi&th=1&psc=1"><img src="https://m.media-amazon.com/images/I/41znVFkPPGL._SL500_.jpg" alt="Product Image"></a><p>Animal PM - Zinc, Magnesium, Vitamin B6, GABA + AKG, Immune and Recovery Complex, Sleep & Relaxation, Night time Anabolic Stack Supply Pills, 30 Count</p><p>$39.94 ($1.33 / Count)</p><a href="https://www.amazon.com/dp/B003CHTPW2?tag=eloabder-20&linkCode=osi&th=1&psc=1">View Product</a></div>
<div class="product"><a href="https://www.amazon.com/dp/B08RPB34NR?tag=eloabder-20&linkCode=osi&th=1&psc=1"><img src="https://m.media-amazon.com/images/I/51GlheVabKL._SL500_.jpg" alt="Product Image"></a><p>8 in 1 Immune Support Booster Supplement with Echinacea, Vitamin C and Zinc 50mg, Vitamin D 5000 IU, Turmeric Curcumin & Ginger, B6, Elderberry 120 Count (Pack of 2)</p><p>$29.95 ($0.25 / Count)</p><a href="https://www.amazon.com/dp/B08RPB34NR?tag=eloabder-20&linkCode=osi&th=1&psc=1">View Product</a></div><div class="product"><a href="https://www.amazon.com/dp/B08KHZQTML?tag=eloabder-20&linkCode=osi&th=1&psc=1"><img src="https://m.media-amazon.com/images/I/41Sxje928sL._SL500_.jpg" alt="Product Image"></a><p>Nature's Bounty Immune 24 Hour +, The only Vitamin C with 24 Hour Immune Support from Ester C, Rapid Release Softgels, 50 Count</p><p>$10.98 ($0.22 / Count)</p><a href="https://www.amazon.com/dp/B08KHZQTML?tag=eloabder-20&linkCode=osi&th=1&psc=1">View Product</a></div><div class="product"><a href="https://www.amazon.com/dp/B093P29P79?tag=eloabder-20&linkCode=osi&th=1&psc=1"><img src="https://m.media-amazon.com/images/I/419UA39m4vL._SL500_.jpg" alt="Product Image"></a><p>8 in 1 Immune Support with Quercetin Zinc 50mg Vitamin C 1000mg Vitamin D3 5000 IU and Elderberry Echinacea Ginger for Adults Kids - VIT D Immunity Defense Booster Supplement Veg Capsules Made in USA</p><p>$24.95 ($0.42 / Count)</p><a href="https://www.amazon.com/dp/B093P29P79?tag=eloabder-20&linkCode=osi&th=1&psc=1">View Product</a></div><div class="product"><a href="https://www.amazon.com/dp/B00MJ7VL1O?tag=eloabder-20&linkCode=osi&th=1&psc=1"><img src="https://m.media-amazon.com/images/I/41ErKDwzpHL._SL500_.jpg" alt="Product Image"></a><p>Nature’s Way Sambucus Elderberry Immune Gummies, Daily Immune Support for Kids and Adults*, with Vitamin C, Vitamin D3, Zinc, Gluten Free, Vegetarian, 60 Gummies (Packaging May Vary)</p><p>$14.97 ($0.25 / Count)</p><a href="https://www.amazon.com/dp/B00MJ7VL1O?tag=eloabder-20&linkCode=osi&th=1&psc=1">View Product</a></div><div class="product"><a href="https://www.amazon.com/dp/B086PHR52V?tag=eloabder-20&linkCode=osi&th=1&psc=1"><img src="https://m.media-amazon.com/images/I/519QOCq89xL._SL500_.jpg" alt="Product Image"></a><p>Viva Naturals Elderberry with Vitamin C and Zinc for Adults - 5 in 1 Sambucus Black Elderberry Capsules with Vitamin D3 5000 IU, Elderberries Immune Support Supplement 2 Months Supply Pills</p><p>$24.95 ($0.21 / Count)</p><a href="https://www.amazon.com/dp/B086PHR52V?tag=eloabder-20&linkCode=osi&th=1&psc=1">View Product</a></div><div class="product"><a href="https://www.amazon.com/dp/B087JNQ4X8?tag=eloabder-20&linkCode=osi&th=1&psc=1"><img src="https://m.media-amazon.com/images/I/41KqQHK5+vL._SL500_.jpg" alt="Product Image"></a><p>Immuneti - Advanced Immune Defense, 6-in-1 Powerful Blend of Vitamin C, Vitamin D3, Zinc, Elderberries, Garlic Bulb, Echinacea - Supports Overall Health, Provides Vital Nutrients & Antioxidants</p><p>$19.50 ($0.32 / Count)</p><a href="https://www.amazon.com/dp/B087JNQ4X8?tag=eloabder-20&linkCode=osi&th=1&psc=1">View Product</a></div><div class="product"><a href="https://www.amazon.com/dp/B019ND0DU6?tag=eloabder-20&linkCode=osi&th=1&psc=1"><img src="https://m.media-amazon.com/images/I/3164NVjFiiL._SL500_.jpg" alt="Product Image"></a><p>Propolis Throat Spray by Beekeeper's Naturals - 95% Bee Propolis Extract, Natural Immune Support & Sore Throat Relief - Antioxidants, Keto, Paleo, Gluten-Free (1.06 oz)(Pack of 1)</p><p>$11.19 ($10.56 / Fl Oz)</p><a href="https://www.amazon.com/dp/B019ND0DU6?tag=eloabder-20&linkCode=osi&th=1&psc=1">View Product</a></div><div class="product"><a href="https://www.amazon.com/dp/B09ZYN6Z5R?tag=eloabder-20&linkCode=osi&th=1&psc=1"><img src="https://m.media-amazon.com/images/I/61CzAf44o4L._SL500_.jpg" alt="Product Image"></a><p>12 in 1 Premium Immune Defense Vitamins - Immune Supplement w/ Vitamin D3 5000 IU Vitamin С 1000mg Zinс 50mg - Luxe Choice for Premium Immune Support - With Echinacea Elderberry and Ginger - 120 Caps</p><p>$29.95 ($29.95 / Count)</p><a href="https://www.amazon.com/dp/B09ZYN6Z5R?tag=eloabder-20&linkCode=osi&th=1&psc=1">View Product</a></div><div class="product"><a href="https://www.amazon.com/dp/B08CBBHPTF?tag=eloabder-20&linkCode=osi&th=1&psc=1"><img src="https://m.media-amazon.com/images/I/41U8ywAfz1L._SL500_.jpg" alt="Product Image"></a><p>A Dose of Immunity Quercetin with Vitamin C and Zinc, Vitamin D, 500mg Quercetin Bromelain with Echinacea & B Vitamins, Lung Immune Support Supplement 7 in 1 Immunity Defense Booster (60 Count)</p><p>$19.95 ($0.33 / Count)</p><a href="https://www.amazon.com/dp/B08CBBHPTF?tag=eloabder-20&linkCode=osi&th=1&psc=1">View Product</a></div>
<div class="product"><a href="https://www.amazon.com/dp/B07BQKPMFM?tag=eloabder-20&linkCode=osi&th=1&psc=1"><img src="https://m.media-amazon.com/images/I/41wd8y0vdBL._SL500_.jpg" alt="Product Image"></a><p>Amazon Basic Care Cold and Flu Relief, Daytime and Nighttime Combo Pack Softgels, Powerful Cold Medicine for Day and Night Multi-Symptom Relief, 48 Count(Pack of 1)</p><p>$9.12 ($0.19 / Count)</p><a href="https://www.amazon.com/dp/B07BQKPMFM?tag=eloabder-20&linkCode=osi&th=1&psc=1">View Product</a></div><div class="product"><a href="https://www.amazon.com/dp/B0078W0QOI?tag=eloabder-20&linkCode=osi&th=1&psc=1"><img src="https://m.media-amazon.com/images/I/41a0ryy5RyL._SL500_.jpg" alt="Product Image"></a><p>Boiron Oscillococcinum For Relief From Flu-Like Symptoms Of Body Aches, Headache, Fever, Chills, And Fatigue - 30 Count</p><p>$21.41 ($0.71 / Count)</p><a href="https://www.amazon.com/dp/B0078W0QOI?tag=eloabder-20&linkCode=osi&th=1&psc=1">View Product</a></div><div class="product"><a href="https://www.amazon.com/dp/B07JLJ6BMB?tag=eloabder-20&linkCode=osi&th=1&psc=1"><img src="https://m.media-amazon.com/images/I/51guDUtAo+L._SL500_.jpg" alt="Product Image"></a><p>Amazon Basic Care Vapor Ice Day and Night Severe Cold and Flu Relief Caplets, Maximum Strength Medicine, Combo Pack, 48 Count</p><p>$9.11 ($0.19 / Count)</p><a href="https://www.amazon.com/dp/B07JLJ6BMB?tag=eloabder-20&linkCode=osi&th=1&psc=1">View Product</a></div><div class="product"><a href="https://www.amazon.com/dp/B07JKZBDKY?tag=eloabder-20&linkCode=osi&th=1&psc=1"><img src="https://m.media-amazon.com/images/I/41OQ53sLzxL._SL500_.jpg" alt="Product Image"></a><p>Amazon Basic Care Daytime Cold and Flu Relief Liquid Caps Softgel, Non-Drowsy Cold Medicine, Relief of Pain, Fever, Cough, Sore Throat, Nasal Congestion, 48 Count</p><p>$9.12 ($0.19 / Count)</p><a href="https://www.amazon.com/dp/B07JKZBDKY?tag=eloabder-20&linkCode=osi&th=1&psc=1">View Product</a></div><div class="product"><a href="https://www.amazon.com/dp/B074F297S8?tag=eloabder-20&linkCode=osi&th=1&psc=1"><img src="https://m.media-amazon.com/images/I/41UiNrPUPqS._SL500_.jpg" alt="Product Image"></a><p>Amazon Basic Care Night Time Cold & Flu Liquid, Cherry, 12 fl oz (Pack of 1)</p><p>$5.98 ($0.50 / Fl Oz)</p><a href="https://www.amazon.com/dp/B074F297S8?tag=eloabder-20&linkCode=osi&th=1&psc=1">View Product</a></div><div class="product"><a href="https://www.amazon.com/dp/B00796NI1Q?tag=eloabder-20&linkCode=osi&th=1&psc=1"><img src="https://m.media-amazon.com/images/I/514OfGO3KpL._SL500_.jpg" alt="Product Image"></a><p>Vicks DayQuil & NyQuil Co-Pack, Cold & Flu Medicine, Powerful Multi-Symptom Daytime & Nighttime Relief for Headache, Fever, Sore Throat, Minor Aches & Pains, & Cough, 72ct</p><p>$23.33 ($0.32 / Count)</p><a href="https://www.amazon.com/dp/B00796NI1Q?tag=eloabder-20&linkCode=osi&th=1&psc=1">View Product</a></div><div class="product"><a href="https://www.amazon.com/dp/B084HD4P7G?tag=eloabder-20&linkCode=osi&th=1&psc=1"><img src="https://m.media-amazon.com/images/I/51Y9eC+02cL._SL500_.jpg" alt="Product Image"></a><p>Sambucol Cold and Flu Relief Tablets - Homeopathic Cold Medicine, Cold Remedy for Adults, Black Elderberry for Colds, Zinc Cold Remedy - 60 Count</p><p>$19.48 ($0.32 / Count)</p><a href="https://www.amazon.com/dp/B084HD4P7G?tag=eloabder-20&linkCode=osi&th=1&psc=1">View Product</a></div><div class="product"><a href="https://www.amazon.com/dp/B01HI7WQRW?tag=eloabder-20&linkCode=osi&th=1&psc=1"><img src="https://m.media-amazon.com/images/I/51jAgEb8O0L._SL500_.jpg" alt="Product Image"></a><p>Tylenol Cold + Flu Severe Day & Night Caplets for Fever, Pain, Cough & Congestion Relief, 24 Count</p><p>$7.29 ($0.30 / count)</p><a href="https://www.amazon.com/dp/B01HI7WQRW?tag=eloabder-20&linkCode=osi&th=1&psc=1">View Product</a></div><div class="product"><a href="https://www.amazon.com/dp/B09GS4SQ4P?tag=eloabder-20&linkCode=osi&th=1&psc=1"><img src="https://m.media-amazon.com/images/I/51mHDeOOoUL._SL500_.jpg" alt="Product Image"></a><p>Tylenol Cold + Flu Severe Medicine Caplets for Cold & Flu Symptom Relief, Fever Reducer, Pain Reliever, Cough Suppressant, Nasal Decongestant & Expectorant with Acetaminophen, 2 pks of 24 ct ea, 48 ct</p><p>$13.79 ($0.29 / Count)</p><a href="https://www.amazon.com/dp/B09GS4SQ4P?tag=eloabder-20&linkCode=osi&th=1&psc=1">View Product</a></div><div class="product"><a href="https://www.amazon.com/dp/B001ES8GGC?tag=eloabder-20&linkCode=osi&th=1&psc=1"><img src="https://m.media-amazon.com/images/I/41V6p7SdMTL._SL500_.jpg" alt="Product Image"></a><p>Sambucol Cold and Flu Relief Tablets - Homeopathic Cold Medicine, Cold Remedy for Adults, Black Elderberry for Colds, Zinc Cold Remedy - 30 Count</p><p>$9.74 ($0.32 / Count)</p><a href="https://www.amazon.com/dp/B001ES8GGC?tag=eloabder-20&linkCode=osi&th=1&psc=1">View Product</a></div>
<div class="product"><a href="https://www.amazon.com/dp/B07S1BZXVW?tag=eloabder-20&linkCode=osi&th=1&psc=1"><img src="https://m.media-amazon.com/images/I/41KfCe6maEL._SL500_.jpg" alt="Product Image"></a><p>HealthA2Z® Allergy Relief | Cetirizine 10mg | All Day Allergy Relief | Indoor & Outdoor | Relief from Itchy Throat, Sneezing, Runny Noses (250 Count (Pack of 1))</p><p>$8.75 ($0.04 / Count)</p><a href="https://www.amazon.com/dp/B07S1BZXVW?tag=eloabder-20&linkCode=osi&th=1&psc=1">View Product</a></div><div class="product"><a href="https://www.amazon.com/dp/B074F19XB8?tag=eloabder-20&linkCode=osi&th=1&psc=1"><img src="https://m.media-amazon.com/images/I/412oY-CSVJL._SL500_.jpg" alt="Product Image"></a><p>Amazon Basic Care Complete Allergy Relief, Diphenhydramine HCl 25 mg, Relieves Symptoms, Antihistamine Tablets, 400 Count</p><p>$7.64 ($0.02 / Count)</p><a href="https://www.amazon.com/dp/B074F19XB8?tag=eloabder-20&linkCode=osi&th=1&psc=1">View Product</a></div><div class="product"><a href="https://www.amazon.com/dp/B087CBHR9W?tag=eloabder-20&linkCode=osi&th=1&psc=1"><img src="https://m.media-amazon.com/images/I/41+XRnnkAXL._SL500_.jpg" alt="Product Image"></a><p>HealthA2Z Fexofenadine Hydrochloride 180mg, Antihistamine for Allergy Relief, Non-Drowsy, 24-Hour Antihistamine for Allergy Relief (120 Count (Pack of 1))</p><p>$21.25 ($0.18 / Count)</p><a href="https://www.amazon.com/dp/B087CBHR9W?tag=eloabder-20&linkCode=osi&th=1&psc=1">View Product</a></div><div class="product"><a href="https://www.amazon.com/dp/B00HE66ZUC?tag=eloabder-20&linkCode=osi&th=1&psc=1"><img src="https://m.media-amazon.com/images/I/510MmBSuAfL._SL500_.jpg" alt="Product Image"></a><p>GoodSense Allergy Relief Loratadine Tablets 10 mg, Compare to Claritin, Antihistamine, 24 Hour Allergy Relief, 365 Count</p><p>$12.99 ($0.04 / Count)</p><a href="https://www.amazon.com/dp/B00HE66ZUC?tag=eloabder-20&linkCode=osi&th=1&psc=1">View Product</a></div><div class="product"><a href="https://www.amazon.com/dp/B074F18H5N?tag=eloabder-20&linkCode=osi&th=1&psc=1"><img src="https://m.media-amazon.com/images/I/41SMpawpNjL._SL500_.jpg" alt="Product Image"></a><p>Amazon Basic Care Allergy Relief Loratadine Tablets 10 mg, 300 Count</p><p>$16.72 ($0.06 / Count)</p><a href="https://www.amazon.com/dp/B074F18H5N?tag=eloabder-20&linkCode=osi&th=1&psc=1">View Product</a></div><div class="product"><a href="https://www.amazon.com/dp/B083VVT61S?tag=eloabder-20&linkCode=osi&th=1&psc=1"><img src="https://m.media-amazon.com/images/I/41BJ8O5m3RL._SL500_.jpg" alt="Product Image"></a><p>Amazon Basic Care 24 Hour Allergy Relief, Levocetirizine Dihydrochloride Tablets, 5 mg, Antihistamine, Relieves Sneezing, Runny Nose, Itchy Nose or Throat and Itchy, Watery Eyes, 80 Count</p><p>$16.31 ($0.20 / Count)</p><a href="https://www.amazon.com/dp/B083VVT61S?tag=eloabder-20&linkCode=osi&th=1&psc=1">View Product</a></div><div class="product"><a href="https://www.amazon.com/dp/B087Z6TKD9?tag=eloabder-20&linkCode=osi&th=1&psc=1"><img src="https://m.media-amazon.com/images/I/41hMESBq3wL._SL500_.jpg" alt="Product Image"></a><p>HealthA2Z® Allergy Relief | Loratadine 10mg | Antihistamine | Non-Drowsy | Relief from Itchy Throat, Sneezing, Runny Noses | 24-Hours Allergy Medicine (300 Tablets)</p><p>$12.45 ($0.04 / Count)</p><a href="https://www.amazon.com/dp/B087Z6TKD9?tag=eloabder-20&linkCode=osi&th=1&psc=1">View Product</a></div><div class="product"><a href="https://www.amazon.com/dp/B002ZX8X2C?tag=eloabder-20&linkCode=osi&th=1&psc=1"><img src="https://m.media-amazon.com/images/I/41ZzxDs5LOL._SL500_.jpg" alt="Product Image"></a><p>berkley jensen 24 Hour Allergy Relief (365-Count), 10 mg Cetirizine Hydrochloride Antihistamine - Fast Allergy Medicine for Indoor & Outdoor Allergies, Easy-Swallow Tablets, Compare to Zyrtec</p><p>$15.48 ($0.04 / Count)</p><a href="https://www.amazon.com/dp/B002ZX8X2C?tag=eloabder-20&linkCode=osi&th=1&psc=1">View Product</a></div><div class="product"><a href="https://www.amazon.com/dp/B07KFPLDGB?tag=eloabder-20&linkCode=osi&th=1&psc=1"><img src="https://m.media-amazon.com/images/I/41OAP+hMYjL._SL500_.jpg" alt="Product Image"></a><p>ValuMeds 24-Hour Allergy Medicine (300-Count) Antihistamine for Pollen, Hay Fever, Dry, Itchy Eyes, Allergies | Cetirizine HCl 10mg Caplets, Compare to Zyrtec</p><p>$19.99 ($0.07 / Count)</p><a href="https://www.amazon.com/dp/B07KFPLDGB?tag=eloabder-20&linkCode=osi&th=1&psc=1">View Product</a></div><div class="product"><a href="https://www.amazon.com/dp/B07TBPNT1F?tag=eloabder-20&linkCode=osi&th=1&psc=1"><img src="https://m.media-amazon.com/images/I/41I4wuxq+WL._SL500_.jpg" alt="Product Image"></a><p>Rite Aid Antihistamine Allergy Relief with Diphenhydramine | Allergy Medicine | Easy-to-Swallow Small Tablet Size Allergy Relief | Common Cold & Respiratory Allergy Medication (365 Count)</p><p>$13.99 ($0.04 / Count)</p><a href="https://www.amazon.com/dp/B07TBPNT1F?tag=eloabder-20&linkCode=osi&th=1&psc=1">View Product</a></div>
<div class="product"><a href="https://www.amazon.com/dp/B074F2H9VT?tag=eloabder-20&linkCode=osi&th=1&psc=1"><img src="https://m.media-amazon.com/images/I/31h55XAq3BL._SL500_.jpg" alt="Product Image"></a><p>Amazon Basic Care Extra Strength Pain Relief, Acetaminophen Caplets, 500 mg, 200 Count</p><p>$4.79 ($0.02 / Count)</p><a href="https://www.amazon.com/dp/B074F2H9VT?tag=eloabder-20&linkCode=osi&th=1&psc=1">View Product</a></div><div class="product"><a href="https://www.amazon.com/dp/B0BTMWW333?tag=eloabder-20&linkCode=osi&th=1&psc=1"><img src="https://m.media-amazon.com/images/I/515qvsGXGOL._SL500_.jpg" alt="Product Image"></a><p>Absorbine Jr. PRO Maximum Strength Lidocaine Roll-On for Fast Nerve and Muscle Pain Relief</p><p>$12.97 ($5.19 / Ounce)</p><a href="https://www.amazon.com/dp/B0BTMWW333?tag=eloabder-20&linkCode=osi&th=1&psc=1">View Product</a></div><div class="product"><a href="https://www.amazon.com/dp/B01AB4U6PI?tag=eloabder-20&linkCode=osi&th=1&psc=1"><img src="https://m.media-amazon.com/images/I/41rff0KTJnL._SL500_.jpg" alt="Product Image"></a><p>Salonpas Pain Relieving Patch for Back, Neck, Shoulder, Knee Pain and Muscle Soreness - 8 Hour Pain Relief - 60 Count</p><p>$10.34 ($0.17 / Count)</p><a href="https://www.amazon.com/dp/B01AB4U6PI?tag=eloabder-20&linkCode=osi&th=1&psc=1">View Product</a></div><div class="product"><a href="https://www.amazon.com/dp/B00L45KPG4?tag=eloabder-20&linkCode=osi&th=1&psc=1"><img src="https://m.media-amazon.com/images/I/41H-+cQjC8L._SL500_.jpg" alt="Product Image"></a><p>Bayer Extra Strength 500mg Aspirin Plus Caffeine for Powerful Pain Relief, 200 Coated Caplets</p><p>$17.17 ($0.09 / Count)</p><a href="https://www.amazon.com/dp/B00L45KPG4?tag=eloabder-20&linkCode=osi&th=1&psc=1">View Product</a></div><div class="product"><a href="https://www.amazon.com/dp/B074F297T8?tag=eloabder-20&linkCode=osi&th=1&psc=1"><img src="https://m.media-amazon.com/images/I/41LYjDMDVUL._SL500_.jpg" alt="Product Image"></a><p>Amazon Basic Care Ibuprofen Tablets 200 mg, Pain Reliever/Fever Reducer, Body Aches, Headache, Arthritis Pain Relief and More, 500 Count (Pack of 1)</p><p>$9.01 ($0.02 / Count)</p><a href="https://www.amazon.com/dp/B074F297T8?tag=eloabder-20&linkCode=osi&th=1&psc=1">View Product</a></div><div class="product"><a href="https://www.amazon.com/dp/B01HI7WP0U?tag=eloabder-20&linkCode=osi&th=1&psc=1"><img src="https://m.media-amazon.com/images/I/41W2gWWMMvL._SL500_.jpg" alt="Product Image"></a><p>Tylenol Extra Strength Acetaminophen Rapid Release Gels, Pain Reliever & Fever Reducer, 100 ct</p><p>$10.60 ($0.11 / Count)</p><a href="https://www.amazon.com/dp/B01HI7WP0U?tag=eloabder-20&linkCode=osi&th=1&psc=1">View Product</a></div><div class="product"><a href="https://www.amazon.com/dp/B01LXFEY6H?tag=eloabder-20&linkCode=osi&th=1&psc=1"><img src="https://m.media-amazon.com/images/I/31hLnewBXIL._SL500_.jpg" alt="Product Image"></a><p>Biofreeze Pain Relief Gel, Arthritis Pain Reliver, Knee & Lower Back Pain Relief, Sore Muscle Relief, Neck Pain Relief, Pharmacist Recommended, FSA Eligible, 3 FL OZ Biofreeze Menthol Gel</p><p>$10.03 ($3.34 / Ounce)</p><a href="https://www.amazon.com/dp/B01LXFEY6H?tag=eloabder-20&linkCode=osi&th=1&psc=1">View Product</a></div><div class="product"><a href="https://www.amazon.com/dp/B074F2FSX4?tag=eloabder-20&linkCode=osi&th=1&psc=1"><img src="https://m.media-amazon.com/images/I/41NsmqTCfVL._SL500_.jpg" alt="Product Image"></a><p>Amazon Basic Care Naproxen Sodium Tablets 220 mg, Pain Reliever/Fever Reducer (NSAID), Muscular Aches, Backache, Headache, Toothache, Minor Arthritis Pain Relief and More, 300 Count</p><p>$14.99 ($0.05 / Count)</p><a href="https://www.amazon.com/dp/B074F2FSX4?tag=eloabder-20&linkCode=osi&th=1&psc=1">View Product</a></div><div class="product"><a href="https://www.amazon.com/dp/B0077VYSYY?tag=eloabder-20&linkCode=osi&th=1&psc=1"><img src="https://m.media-amazon.com/images/I/41SHrlfMFdL._SL500_.jpg" alt="Product Image"></a><p>Tylenol 8 Hour Arthritis Pain Tablets with Acetaminophen for Joint Pain, 100 ct</p><p>$9.99 ($0.10 / Count)</p><a href="https://www.amazon.com/dp/B0077VYSYY?tag=eloabder-20&linkCode=osi&th=1&psc=1">View Product</a></div>
<div class="product"><a href="https://www.amazon.com/dp/B07L1PHSY9?tag=eloabder-20&linkCode=osi&th=1&psc=1"><img src="https://m.media-amazon.com/images/I/41u9g+RZFLL._SL500_.jpg" alt="Product Image"></a><p>Differin Acne Treatment Gel, 30 Day Supply, Retinoid Treatment for Face with 0.1% Adapalene, Gentle Skin Care for Acne Prone Sensitive Skin, 15g Tube</p><p>$13.99 ($27.98 / Ounce)</p><a href="https://www.amazon.com/dp/B07L1PHSY9?tag=eloabder-20&linkCode=osi&th=1&psc=1">View Product</a></div><div class="product"><a href="https://www.amazon.com/dp/B00JGX9C6A?tag=eloabder-20&linkCode=osi&th=1&psc=1"><img src="https://m.media-amazon.com/images/I/41NAf+cSWHL._SL500_.jpg" alt="Product Image"></a><p>La Roche-Posay Effaclar Dermatological 3 Step Acne Treatment System, Salicylic Acid Acne Cleanser, Pore Refining Toner, and Benzoyl Peroxide Spot Treatment for Sensitive Skin, 2-Month Supply</p><p>$33.99 ($4.53 / Fl Oz)</p><a href="https://www.amazon.com/dp/B00JGX9C6A?tag=eloabder-20&linkCode=osi&th=1&psc=1">View Product</a></div><div class="product"><a href="https://www.amazon.com/dp/B097WMCYYJ?tag=eloabder-20&linkCode=osi&th=1&psc=1"><img src="https://m.media-amazon.com/images/I/41jj-LdIBUL._SL500_.jpg" alt="Product Image"></a><p>CeraVe Salicylic Acid Acne Treatment with Glycolic Acid and Lactic Acid | AHA/BHA Acne Gel for Face to Control and Clear Breakouts |1.35 Ounce</p><p>$16.79 ($12.44 / Ounce)</p><a href="https://www.amazon.com/dp/B097WMCYYJ?tag=eloabder-20&linkCode=osi&th=1&psc=1">View Product</a></div><div class="product"><a href="https://www.amazon.com/dp/B0014VTOAQ?tag=eloabder-20&linkCode=osi&th=1&psc=1"><img src="https://m.media-amazon.com/images/I/41N+MLQ+2XL._SL500_.jpg" alt="Product Image"></a><p>AcneFree Terminator 10 Acne Spot Treatment with Benzoyl Peroxide 10% Maximum Strength Acne Cream Treatment, 1 Ounce - Pack Of 1</p><p>$5.47</p><a href="https://www.amazon.com/dp/B0014VTOAQ?tag=eloabder-20&linkCode=osi&th=1&psc=1">View Product</a></div><div class="product"><a href="https://www.amazon.com/dp/B081KL2QYJ?tag=eloabder-20&linkCode=osi&th=1&psc=1"><img src="https://m.media-amazon.com/images/I/41lAxZhYs0L._SL500_.jpg" alt="Product Image"></a><p>PanOxyl Acne Foaming Wash Benzoyl Peroxide 10% Maximum Strength Antimicrobial, 5.5 Oz</p><p>$9.77 ($1.78 / Ounce)</p><a href="https://www.amazon.com/dp/B081KL2QYJ?tag=eloabder-20&linkCode=osi&th=1&psc=1">View Product</a></div><div class="product"><a href="https://www.amazon.com/dp/B00NR1YVYU?tag=eloabder-20&linkCode=osi&th=1&psc=1"><img src="https://m.media-amazon.com/images/I/41WxZvl58rL._SL500_.jpg" alt="Product Image"></a><p>Neutrogena Rapid Clear Stubborn Acne Spot Treatment Gel with Maximum Strength 10% Benzoyl Peroxide Acne Treatment Medication, Pimple Cream for Acne Prone Skin Care, 1 oz</p><p>$10.77</p><a href="https://www.amazon.com/dp/B00NR1YVYU?tag=eloabder-20&linkCode=osi&th=1&psc=1">View Product</a></div><div class="product"><a href="https://www.amazon.com/dp/B0CNTRJW9G?tag=eloabder-20&linkCode=osi&th=1&psc=1"><img src="https://m.media-amazon.com/images/I/41YvgjNyqcL._SL500_.jpg" alt="Product Image"></a><p>Thayers Double Action Acne Serum with Salicylic Acid, Acne Treatment Face Serum with 2% Salicylic Acid and Niacinamide, Soothing and Non-Stripping Skin Care, 1 Fl Oz</p><p>$19.91</p><a href="https://www.amazon.com/dp/B0CNTRJW9G?tag=eloabder-20&linkCode=osi&th=1&psc=1">View Product</a></div><div class="product"><a href="https://www.amazon.com/dp/B00KZ22ED4?tag=eloabder-20&linkCode=osi&th=1&psc=1"><img src="https://m.media-amazon.com/images/I/51mwQIxf2EL._SL500_.jpg" alt="Product Image"></a><p>Clean & Clear Persa-Gel 10 Oil-Free Acne Spot Treatment with Maximum Strength 10% Benzoyl Peroxide, Topical Pimple Cream & Acne Gel Medication for Face Acne, Fragrance-Free, 1 fl. oz</p><p>$5.97</p><a href="https://www.amazon.com/dp/B00KZ22ED4?tag=eloabder-20&linkCode=osi&th=1&psc=1">View Product</a></div><div class="product"><a href="https://www.amazon.com/dp/B0C11DJ94K?tag=eloabder-20&linkCode=osi&th=1&psc=1"><img src="https://m.media-amazon.com/images/I/41Kx46z6LXL._SL500_.jpg" alt="Product Image"></a><p>PanOxyl Adapalene 0.1% Leave-On Gel, 30 Day Supply, Retinoid Gel Acne Treatment, Acne Prone Skin, Oil Free, Fragrance Free, 0.5 oz</p><p>$11.98</p><a href="https://www.amazon.com/dp/B0C11DJ94K?tag=eloabder-20&linkCode=osi&th=1&psc=1">View Product</a></div>
<div class="product"><a href="https://www.amazon.com/dp/B08T7DSZYD?tag=eloabder-20&linkCode=osi&th=1&psc=1"><img src="https://m.media-amazon.com/images/I/41WwUSxcyGL._SL500_.jpg" alt="Product Image"></a><p>e.l.f. SKIN Hydrated Ever After Skincare Mini Kit, Cleanser, Makeup Remover, Moisturiser & Eye Cream For Hydrating Skin, Airplane-Friendly Sizes</p><p>$19.95</p><a href="https://www.amazon.com/dp/B08T7DSZYD?tag=eloabder-20&linkCode=osi&th=1&psc=1">View Product</a></div><div class="product"><a href="https://www.amazon.com/dp/B00PBX3L7K?tag=eloabder-20&linkCode=osi&th=1&psc=1"><img src="https://m.media-amazon.com/images/I/31OiAm-FA8L._SL500_.jpg" alt="Product Image"></a><p>COSRX Snail Mucin 96% Power Repairing Essence 3.38 fl.oz 100ml, Hydrating Serum for Face with Snail Secretion Filtrate for Dull Skin & Fine Lines, Korean Skincare</p><p>$14.99 ($4.43 / Fl Oz)</p><a href="https://www.amazon.com/dp/B00PBX3L7K?tag=eloabder-20&linkCode=osi&th=1&psc=1">View Product</a></div><div class="product"><a href="https://www.amazon.com/dp/B0BS8Y2FLK?tag=eloabder-20&linkCode=osi&th=1&psc=1"><img src="https://m.media-amazon.com/images/I/41CX-bGjaRL._SL500_.jpg" alt="Product Image"></a><p>PEAUAMIE Under Eye Patches (30 Pairs) Gold Eye Mask and Hyaluronic Acid Eye Patches for puffy eyes,Rose Eye Masks for Dark Circles and Puffiness under eye skin care Smooth Wrinkles products</p><p>$9.99 ($0.33 / Count)</p><a href="https://www.amazon.com/dp/B0BS8Y2FLK?tag=eloabder-20&linkCode=osi&th=1&psc=1">View Product</a></div><div class="product"><a href="https://www.amazon.com/dp/B0B3SCM1L6?tag=eloabder-20&linkCode=osi&th=1&psc=1"><img src="https://m.media-amazon.com/images/I/21DSG-pHeQL._SL500_.jpg" alt="Product Image"></a><p>Tower 28 SOS Daily Rescue Facial Spray for Sensitive Skin, Hypochlorous Acid Spray Helps Reduce Redness and Breakouts, Soothing pH Balancing Toner for Face, 1 FL Oz</p><p>$12.00 ($12.00 / Fl Oz)</p><a href="https://www.amazon.com/dp/B0B3SCM1L6?tag=eloabder-20&linkCode=osi&th=1&psc=1">View Product</a></div><div class="product"><a href="https://www.amazon.com/dp/B093Z2HVJC?tag=eloabder-20&linkCode=osi&th=1&psc=1"><img src="https://m.media-amazon.com/images/I/3109c558JgL._SL500_.jpg" alt="Product Image"></a><p>Glow Recipe PHA + BHA Face Toner - Korean Skin Care Toner, Pore Minimizer & Facial Exfoliator for Glass Skin - Tightening & Hydrating Skincare with Hyaluronic Acid & Watermelon (40ml)</p><p>$16.00 ($11.85 / Fl Oz)</p><a href="https://www.amazon.com/dp/B093Z2HVJC?tag=eloabder-20&linkCode=osi&th=1&psc=1">View Product</a></div><div class="product"><a href="https://www.amazon.com/dp/B0BSZ23FTF?tag=eloabder-20&linkCode=osi&th=1&psc=1"><img src="https://m.media-amazon.com/images/I/31GRN7P2p8L._SL500_.jpg" alt="Product Image"></a><p>Bubble Skincare Slam Dunk Face Moisturizer - Hydrating Face Cream for Dry Skin Made with Vitamin E + Aloe Vera Juice for a Glowing Complexion - Skin Care with Blue Light Protection (50ml)</p><p>$14.98 ($8.81 / Ounce)</p><a href="https://www.amazon.com/dp/B0BSZ23FTF?tag=eloabder-20&linkCode=osi&th=1&psc=1">View Product</a></div><div class="product"><a href="https://www.amazon.com/dp/B0BJ74DJXG?tag=eloabder-20&linkCode=osi&th=1&psc=1"><img src="https://m.media-amazon.com/images/I/31RefDglMLL._SL500_.jpg" alt="Product Image"></a><p>BYOMA Moisturizing Gel Cream - Barrier Repair Cream/Gel Face Lotion with Niacinamide and Green Tea - Ceramide Face Moisturizer for Dry Skin - Alcohol Free, Oil Free Face Moisturizer - 1.69 fl. oz</p><p>$14.99 ($8.52 / Ounce)</p><a href="https://www.amazon.com/dp/B0BJ74DJXG?tag=eloabder-20&linkCode=osi&th=1&psc=1">View Product</a></div><div class="product"><a href="https://www.amazon.com/dp/B0BSYX57T2?tag=eloabder-20&linkCode=osi&th=1&psc=1"><img src="https://m.media-amazon.com/images/I/31ssRlEo5QL._SL500_.jpg" alt="Product Image"></a><p>Bubble Skincare Bounce Back Balancing Facial Toner Mist - Hydrating Toner Spray + Pore Minimizer Made with Sea Water and Niacinamide to Help Improve Texture & Radiance (55ml)</p><p>$12.99 ($7.22 / Fl Oz)</p><a href="https://www.amazon.com/dp/B0BSYX57T2?tag=eloabder-20&linkCode=osi&th=1&psc=1">View Product</a></div><div class="product"><a href="https://www.amazon.com/dp/B002LC9OES?tag=eloabder-20&linkCode=osi&th=1&psc=1"><img src="https://m.media-amazon.com/images/I/31WdAeiccEL._SL500_.jpg" alt="Product Image"></a><p>Mario Badescu Facial Spray with Aloe, Herbs and Rose Water for All Skin Types, Face Mist that Hydrates, Rejuvenates & Clarifies, 4 FL OZ</p><p>$8.00 ($2.00 / Fl Oz)</p><a href="https://www.amazon.com/dp/B002LC9OES?tag=eloabder-20&linkCode=osi&th=1&psc=1">View Product</a></div>
<div class="product"><a href="https://www.amazon.com/dp/B01N9SPQHQ?tag=eloabder-20&linkCode=osi&th=1&psc=1"><img src="https://m.media-amazon.com/images/I/41NHgWAaYAL._SL500_.jpg" alt="Product Image"></a><p>La Roche-Posay Toleriane Double Repair Face Moisturizer, Daily Moisturizer Face Cream with Ceramide and Niacinamide for All Skin Types, Oil Free, Fragrance Free</p><p>$23.99 ($7.10 / Fl Oz)</p><a href="https://www.amazon.com/dp/B01N9SPQHQ?tag=eloabder-20&linkCode=osi&th=1&psc=1">View Product</a></div><div class="product"><a href="https://www.amazon.com/dp/B00TTD9BRC?tag=eloabder-20&linkCode=osi&th=1&psc=1"><img src="https://m.media-amazon.com/images/I/41Kc6H7fboL._SL500_.jpg" alt="Product Image"></a><p>CeraVe Moisturizing Cream | Body and Face Moisturizer for Dry Skin | Body Cream with Hyaluronic Acid and Ceramides | Daily Moisturizer | Oil-Free | Fragrance Free | Non-Comedogenic | 19 Ounce</p><p>$17.78 ($0.94 / Ounce)</p><a href="https://www.amazon.com/dp/B00TTD9BRC?tag=eloabder-20&linkCode=osi&th=1&psc=1">View Product</a></div><div class="product"><a href="https://www.amazon.com/dp/B07RK4HST7?tag=eloabder-20&linkCode=osi&th=1&psc=1"><img src="https://m.media-amazon.com/images/I/412DGoW35mL._SL500_.jpg" alt="Product Image"></a><p>CeraVe Daily Moisturizing Lotion for Dry Skin | Body Lotion & Face Moisturizer with Hyaluronic Acid and Ceramides | Daily Moisturizer | Fragrance Free | Oil-Free | 19 Ounce</p><p>$18.50 ($0.97 / Fl Oz)</p><a href="https://www.amazon.com/dp/B07RK4HST7?tag=eloabder-20&linkCode=osi&th=1&psc=1">View Product</a></div><div class="product"><a href="https://www.amazon.com/dp/B08127SC4G?tag=eloabder-20&linkCode=osi&th=1&psc=1"><img src="https://m.media-amazon.com/images/I/31lAajvgToL._SL500_.jpg" alt="Product Image"></a><p>e.l.f. SKIN Holy Hydration! Face Cream, Moisturizer For Nourishing & Plumping Skin, Infused With Hyaluronic Acid, Vegan & Cruelty-Free, 1.8 Oz</p><p>$13.00 ($7.39 / Ounce)</p><a href="https://www.amazon.com/dp/B08127SC4G?tag=eloabder-20&linkCode=osi&th=1&psc=1">View Product</a></div><div class="product"><a href="https://www.amazon.com/dp/B01LEJ5MSK?tag=eloabder-20&linkCode=osi&th=1&psc=1"><img src="https://m.media-amazon.com/images/I/418xEMrk6LL._SL500_.jpg" alt="Product Image"></a><p>COSRX Snail Mucin 92% Repair Cream, Daily Face Gel Moisturizer for Dry Skin, Acne-prone, Sensitive Skin, Not Tested on Animals, No Parabens, Korean Skincare (3.52 Fl Oz (Pack of 1))</p><p>$15.50 ($4.40 / Fl Oz)</p><a href="https://www.amazon.com/dp/B01LEJ5MSK?tag=eloabder-20&linkCode=osi&th=1&psc=1">View Product</a></div><div class="product"><a href="https://www.amazon.com/dp/B000YJ2SLG?tag=eloabder-20&linkCode=osi&th=1&psc=1"><img src="https://m.media-amazon.com/images/I/31J9bWXnQ+L._SL500_.jpg" alt="Product Image"></a><p>CeraVe Daily Moisturizing Lotion for Dry Skin | Body Lotion & Face Moisturizer with Hyaluronic Acid and Ceramides | Daily Moisturizer | Fragrance Free | Oil-Free | 12 Ounce</p><p>$13.68 ($1.14 / Fl Oz)</p><a href="https://www.amazon.com/dp/B000YJ2SLG?tag=eloabder-20&linkCode=osi&th=1&psc=1">View Product</a></div><div class="product"><a href="https://www.amazon.com/dp/B003QXZWYW?tag=eloabder-20&linkCode=osi&th=1&psc=1"><img src="https://m.media-amazon.com/images/I/41zdDGRaw0L._SL500_.jpg" alt="Product Image"></a><p>La Roche-Posay Lipikar AP+ Triple Repair Moisturizing Cream | Face & Body Lotion For Dry Skin | Shea Butter & Niacinamide Moisturizer | Gentle Face & Body Cream For Dry, Rough & Sensitive Skin</p><p>$19.99 ($1.48 / Fl Oz)</p><a href="https://www.amazon.com/dp/B003QXZWYW?tag=eloabder-20&linkCode=osi&th=1&psc=1">View Product</a></div><div class="product"><a href="https://www.amazon.com/dp/B01D1DQSIA?tag=eloabder-20&linkCode=osi&th=1&psc=1"><img src="https://m.media-amazon.com/images/I/21x7SimOZ2L._SL500_.jpg" alt="Product Image"></a><p>e.l.f. SKIN Daily Hydration Moisturizer, Ultra-Hydrating Formula, Infused with Aloe, Jojoba Oil & Shea Butter, Vegan & Cruelty-Free, 2.53 Fl Oz</p><p>$8.00 ($3.16 / Fl Oz)</p><a href="https://www.amazon.com/dp/B01D1DQSIA?tag=eloabder-20&linkCode=osi&th=1&psc=1">View Product</a></div><div class="product"><a href="https://www.amazon.com/dp/B08BW46XXK?tag=eloabder-20&linkCode=osi&th=1&psc=1"><img src="https://m.media-amazon.com/images/I/41oCJ4BF8oL._SL500_.jpg" alt="Product Image"></a><p>Vanicream Daily Facial Moisturizer With Ceramides and Hyaluronic Acid - Formulated Without Common Irritants for Those with Sensitive Skin, 3 fl oz (Pack of 1)</p><p>$12.97 ($4.32 / Fl Oz)</p><a href="https://www.amazon.com/dp/B08BW46XXK?tag=eloabder-20&linkCode=osi&th=1&psc=1">View Product</a></div>
<div class="product"><a href="https://www.amazon.com/dp/B01N34XW93?tag=eloabder-20&linkCode=osi&th=1&psc=1"><img src="https://m.media-amazon.com/images/I/31OMOTCxlmL._SL500_.jpg" alt="Product Image"></a><p>La Roche-Posay Toleriane Purifying Foaming Facial Cleanser, Oil Free Face Wash for Oily Skin and for Sensitive Skin with Niacinamide, Pore Cleanser Won’t Dry Out Skin, Unscented</p><p>$17.99 ($1.33 / Fl Oz)</p><a href="https://www.amazon.com/dp/B01N34XW93?tag=eloabder-20&linkCode=osi&th=1&psc=1">View Product</a></div><div class="product"><a href="https://www.amazon.com/dp/B01MSSDEPK?tag=eloabder-20&linkCode=osi&th=1&psc=1"><img src="https://m.media-amazon.com/images/I/41YuSwjJUIL._SL500_.jpg" alt="Product Image"></a><p>CeraVe Hydrating Facial Cleanser | Moisturizing Face Wash For Dry Skin | Hyaluronic Acid + Ceramides + Glycerin | Hydrating Cleanser For Normal To Dry Skin | National Eczema Assosiation Certified</p><p>$15.48 ($0.97 / Fl Oz)</p><a href="https://www.amazon.com/dp/B01MSSDEPK?tag=eloabder-20&linkCode=osi&th=1&psc=1">View Product</a></div><div class="product"><a href="https://www.amazon.com/dp/B01N7T7JKJ?tag=eloabder-20&linkCode=osi&th=1&psc=1"><img src="https://m.media-amazon.com/images/I/31VXK3y1KYL._SL500_.jpg" alt="Product Image"></a><p>La Roche-Posay Toleriane Hydrating Gentle Face Cleanser, Daily Facial Cleanser with Niacinamide and Ceramides for Sensitive Skin, Moisturizing Face Wash for Normal to Dry Skin, Fragrance Free</p><p>$17.99 ($1.33 / Fl Oz)</p><a href="https://www.amazon.com/dp/B01N7T7JKJ?tag=eloabder-20&linkCode=osi&th=1&psc=1">View Product</a></div><div class="product"><a href="https://www.amazon.com/dp/B0BVV8BNYJ?tag=eloabder-20&linkCode=osi&th=1&psc=1"><img src="https://m.media-amazon.com/images/I/31+iZsiR-5L._SL500_.jpg" alt="Product Image"></a><p>ANUA Heartleaf Quercetinol Pore Deep Cleansing Foam, Facial Cleanser, for Double Cleansing, BHA, Hyaluronic Acid, Glycerin, Face Wash, Blackhead Remover, Korean Skincare (150ml/5.07 fl.oz.)</p><p>$13.00 ($2.56 / Fl Oz)</p><a href="https://www.amazon.com/dp/B0BVV8BNYJ?tag=eloabder-20&linkCode=osi&th=1&psc=1">View Product</a></div><div class="product"><a href="https://www.amazon.com/dp/B01N1LL62W?tag=eloabder-20&linkCode=osi&th=1&psc=1"><img src="https://m.media-amazon.com/images/I/41kwN8dWWzL._SL500_.jpg" alt="Product Image"></a><p>CeraVe Foaming Facial Cleanser | Daily Face Wash for Oily Skin with Hyaluronic Acid, Ceramides, and Niacinamide| Fragrance Free | 16 Fluid Ounce</p><p>$15.48 ($0.97 / Fl Oz)</p><a href="https://www.amazon.com/dp/B01N1LL62W?tag=eloabder-20&linkCode=osi&th=1&psc=1">View Product</a></div><div class="product"><a href="https://www.amazon.com/dp/B00U1YCRD8?tag=eloabder-20&linkCode=osi&th=1&psc=1"><img src="https://m.media-amazon.com/images/I/31LVb8KvKwL._SL500_.jpg" alt="Product Image"></a><p>CeraVe SA Cleanser | Salicylic Acid Cleanser with Hyaluronic Acid, Niacinamide & Ceramides| BHA Exfoliant for Face | Fragrance Free Non-Comedogenic | 8 Ounce</p><p>$12.37 ($1.55 / Ounce)</p><a href="https://www.amazon.com/dp/B00U1YCRD8?tag=eloabder-20&linkCode=osi&th=1&psc=1">View Product</a></div><div class="product"><a href="https://www.amazon.com/dp/B08T7DY96H?tag=eloabder-20&linkCode=osi&th=1&psc=1"><img src="https://m.media-amazon.com/images/I/31GlLn5TR+L._SL500_.jpg" alt="Product Image"></a><p>e.l.f., Holy Hydration! Daily Cleanser, Wash away Excess Oil, Impurities, and Makeup…</p><p>$6.00 ($1.62 / Fl Oz)</p><a href="https://www.amazon.com/dp/B08T7DY96H?tag=eloabder-20&linkCode=osi&th=1&psc=1">View Product</a></div><div class="product"><a href="https://www.amazon.com/dp/B00QY1XZ4W?tag=eloabder-20&linkCode=osi&th=1&psc=1"><img src="https://m.media-amazon.com/images/I/319pG+OQZxL._SL500_.jpg" alt="Product Image"></a><p>Vanicream Gentle Facial Cleanser with Pump Dispenser - 8 fl oz - Formulated Without Common Irritants for Those with Sensitive Skin</p><p>$8.86 ($1.11 / Fl Oz)</p><a href="https://www.amazon.com/dp/B00QY1XZ4W?tag=eloabder-20&linkCode=osi&th=1&psc=1">View Product</a></div><div class="product"><a href="https://www.amazon.com/dp/B09Y4HHY1P?tag=eloabder-20&linkCode=osi&th=1&psc=1"><img src="https://m.media-amazon.com/images/I/41Crw80Q3yL._SL500_.jpg" alt="Product Image"></a><p>Cetaphil Face Wash, Daily Facial Cleanser for Sensitive, Combination to Oily Skin, NEW 16 oz, Fragrance Free, Gentle Foaming, Soap Free, Hypoallergenic (Packaging May Vary)</p><p>$11.97 ($0.75 / Fl Oz)</p><a href="https://www.amazon.com/dp/B09Y4HHY1P?tag=eloabder-20&linkCode=osi&th=1&psc=1">View Product</a></div><div class="product"><a href="https://www.amazon.com/dp/B018A0BO92?tag=eloabder-20&linkCode=osi&th=1&psc=1"><img src="https://m.media-amazon.com/images/I/41nYuiskSoL._SL500_.jpg" alt="Product Image"></a><p>Youth To The People Facial Cleanser - Kale and Green Tea Cleanser - Gentle Face Wash, Makeup Remover + Pore Minimizer for All Skin Types - Vegan (8oz)</p><p>$39.00 ($4.88 / Fl Oz)</p><a href="https://www.amazon.com/dp/B018A0BO92?tag=eloabder-20&linkCode=osi&th=1&psc=1">View Product</a></div>
<div class="product"><a href="https://www.amazon.com/dp/B08CMS8P67?tag=eloabder-20&linkCode=osi&th=1&psc=1"><img src="https://m.media-amazon.com/images/I/31LVyuSsJEL._SL500_.jpg" alt="Product Image"></a><p>Anua Heartleaf 77 Soothing Toner I pH 5.5 Trouble Care, Calming Skin, Refreshing, Hydrating, Purifying, Cruelty Free, Vegan,(250ml / 8.45 fl.oz.)</p><p>$13.90 ($1.64 / Fl Oz)</p><a href="https://www.amazon.com/dp/B08CMS8P67?tag=eloabder-20&linkCode=osi&th=1&psc=1">View Product</a></div><div class="product"><a href="https://www.amazon.com/dp/B07K23HV61?tag=eloabder-20&linkCode=osi&th=1&psc=1"><img src="https://m.media-amazon.com/images/I/31KkgEtoFiL._SL500_.jpg" alt="Product Image"></a><p>I'm from Rice Toner, Milky Toner for Glowing Skin, 77.78% Korean Rice, Glow Essence with Niacinamide, Hydrating for Dry, Dull, Combination Skin, Vegan, Fragrance Free, Glass Skin 5.07 Fl Oz</p><p>$13.00 ($2.56 / Fl Oz)</p><a href="https://www.amazon.com/dp/B07K23HV61?tag=eloabder-20&linkCode=osi&th=1&psc=1">View Product</a></div><div class="product"><a href="https://www.amazon.com/dp/B08C2BLPD2?tag=eloabder-20&linkCode=osi&th=1&psc=1"><img src="https://m.media-amazon.com/images/I/41ncEXrr5XL._SL500_.jpg" alt="Product Image"></a><p>Good Molecules Niacinamide Brightening Toner - Facial Toner with Niacinamide, Vitamin C and Arbutin for Even Tone, Enlarged Pores - Skincare for Face</p><p>$14.00 ($3.50 / Fl Oz)</p><a href="https://www.amazon.com/dp/B08C2BLPD2?tag=eloabder-20&linkCode=osi&th=1&psc=1">View Product</a></div><div class="product"><a href="https://www.amazon.com/dp/B07BYJF7L7?tag=eloabder-20&linkCode=osi&th=1&psc=1"><img src="https://m.media-amazon.com/images/I/31+G3Xc+J7L._SL500_.jpg" alt="Product Image"></a><p>SOME BY MI AHA BHA PHA 30 Days Miracle Toner - 5.07Oz, 150ml - Mild Exfoliating Korean Toner for First Skin Care Step - Daily Blackhead Removing Pore Minimizer for Face Skin Texture - Korean Skin Care</p><p>$9.60 ($1.89 / Fl Oz)</p><a href="https://www.amazon.com/dp/B07BYJF7L7?tag=eloabder-20&linkCode=osi&th=1&psc=1">View Product</a></div><div class="product"><a href="https://www.amazon.com/dp/B00LO2RO7K?tag=eloabder-20&linkCode=osi&th=1&psc=1"><img src="https://m.media-amazon.com/images/I/31Wb52+KYzL._SL500_.jpg" alt="Product Image"></a><p>La Roche-Posay Effaclar Clarifying Solution Acne Toner with Salicylic Acid and Glycolic Acid, Pore Refining Oily Skin Toner, Gentle Exfoliant to Unclog Pores and Remove Dead Skin Cells</p><p>$16.99 ($2.51 / Fl Oz)</p><a href="https://www.amazon.com/dp/B00LO2RO7K?tag=eloabder-20&linkCode=osi&th=1&psc=1">View Product</a></div><div class="product"><a href="https://www.amazon.com/dp/B07THCMGFP?tag=eloabder-20&linkCode=osi&th=1&psc=1"><img src="https://m.media-amazon.com/images/I/31n-zByuthL._SL500_.jpg" alt="Product Image"></a><p>Haruharu Wonder Black Rice Hyaluronic Toner 5.1 fl.oz / 150ml | Face Moisturizer, Facial Toner for All Skin Types | Vegan, Cruelty Free, EWG-Green</p><p>$13.50 ($2.65 / Fl Oz)</p><a href="https://www.amazon.com/dp/B07THCMGFP?tag=eloabder-20&linkCode=osi&th=1&psc=1">View Product</a></div><div class="product"><a href="https://www.amazon.com/dp/B008EPPIQ4?tag=eloabder-20&linkCode=osi&th=1&psc=1"><img src="https://m.media-amazon.com/images/I/31-lQL0AkZL._SL500_.jpg" alt="Product Image"></a><p>Paula's Choice Skin Balancing Pore-Reducing Toner for Combination and Oily Skin, Minimizes Large Pores, 6.4 Fluid Ounce Bottle</p><p>$26.00 ($4.06 / Fl Oz)</p><a href="https://www.amazon.com/dp/B008EPPIQ4?tag=eloabder-20&linkCode=osi&th=1&psc=1">View Product</a></div><div class="product"><a href="https://www.amazon.com/dp/B073P6BPF5?tag=eloabder-20&linkCode=osi&th=1&psc=1"><img src="https://m.media-amazon.com/images/I/31hqlVDLizL._SL500_.jpg" alt="Product Image"></a><p>COSRX AHA/BHA Treatment Toner 5.07 fl.oz/ 150ml, Facial Exfoliating Spray for Whiteheads, Pores, & Uneven Skin, Korean Toner, Not Tested on Animals, No Parabens, No Sulfates, Korean Skincare</p><p>$11.89 ($2.33 / Fl Oz)</p><a href="https://www.amazon.com/dp/B073P6BPF5?tag=eloabder-20&linkCode=osi&th=1&psc=1">View Product</a></div><div class="product"><a href="https://www.amazon.com/dp/B0BNC5ZF3T?tag=eloabder-20&linkCode=osi&th=1&psc=1"><img src="https://m.media-amazon.com/images/I/31ZMbyd3gbL._SL500_.jpg" alt="Product Image"></a><p>Neutrogena Alcohol-Free Gentle Daily Fragrance-Free Face Toner to Tone & Refresh Skin, Toner Gently Removes Impurities & Reconditions Skin, Hypoallergenic, 8 fl. oz</p><p>$6.27 ($0.78 / Fl Oz)</p><a href="https://www.amazon.com/dp/B0BNC5ZF3T?tag=eloabder-20&linkCode=osi&th=1&psc=1">View Product</a></div>
<div class="product"><a href="https://www.amazon.com/dp/B00PBX3L7K?tag=eloabder-20&linkCode=osi&th=1&psc=1"><img src="https://m.media-amazon.com/images/I/31OiAm-FA8L._SL500_.jpg" alt="Product Image"></a><p>COSRX Snail Mucin 96% Power Repairing Essence 3.38 fl.oz 100ml, Hydrating Serum for Face with Snail Secretion Filtrate for Dull Skin & Fine Lines, Korean Skincare</p><p>$14.99 ($4.43 / Fl Oz)</p><a href="https://www.amazon.com/dp/B00PBX3L7K?tag=eloabder-20&linkCode=osi&th=1&psc=1">View Product</a></div><div class="product"><a href="https://www.amazon.com/dp/B07QFHZZZL?tag=eloabder-20&linkCode=osi&th=1&psc=1"><img src="https://m.media-amazon.com/images/I/41I2Z44ByOL._SL500_.jpg" alt="Product Image"></a><p>The Ordinary Face Serum Set! Caffeine Solution 5%+EGCG! Hyaluronic Acid 2%+B5! Niacinamide 10% + Zinc 1%! Help Fight Visible Blemishes And Improve The Look Of Skin Texture&Radiance</p><p>$26.00</p><a href="https://www.amazon.com/dp/B07QFHZZZL?tag=eloabder-20&linkCode=osi&th=1&psc=1">View Product</a></div><div class="product"><a href="https://www.amazon.com/dp/B08TM8DLFJ?tag=eloabder-20&linkCode=osi&th=1&psc=1"><img src="https://m.media-amazon.com/images/I/41g0Mg7pRIL._SL500_.jpg" alt="Product Image"></a><p>Good Molecules Hyaluronic Acid Serum - Hydrating, Non-greasy formula to Moisturize, Plump - 1% HA, Anti-aging, Water-Based Skincare for Face</p><p>$6.00 ($6.00 / Fl Oz)</p><a href="https://www.amazon.com/dp/B08TM8DLFJ?tag=eloabder-20&linkCode=osi&th=1&psc=1">View Product</a></div><div class="product"><a href="https://www.amazon.com/dp/B07VWSN95S?tag=eloabder-20&linkCode=osi&th=1&psc=1"><img src="https://m.media-amazon.com/images/I/411Y0nzh9zL._SL500_.jpg" alt="Product Image"></a><p>CeraVe Retinol Serum for Post-Acne Marks and Skin Texture | Pore Refining, Resurfacing, Brightening Facial Serum with Retinol and Niacinamide | Fragrance Free, Paraben Free & Non-Comedogenic| 1 Oz</p><p>$15.99</p><a href="https://www.amazon.com/dp/B07VWSN95S?tag=eloabder-20&linkCode=osi&th=1&psc=1">View Product</a></div><div class="product"><a href="https://www.amazon.com/dp/B08R994Q1L?tag=eloabder-20&linkCode=osi&th=1&psc=1"><img src="https://m.media-amazon.com/images/I/418KUv8uVkL._SL500_.jpg" alt="Product Image"></a><p>Good Molecules Niacinamide Serum - 10% Niacinamide Balancing B3 Facial Serum for Acne, Tone, Texture - Brightening and Hydrating Skincare for Face</p><p>$6.00</p><a href="https://www.amazon.com/dp/B08R994Q1L?tag=eloabder-20&linkCode=osi&th=1&psc=1">View Product</a></div><div class="product"><a href="https://www.amazon.com/dp/B014PGEEO2?tag=eloabder-20&linkCode=osi&th=1&psc=1"><img src="https://m.media-amazon.com/images/I/51v+djIfQGL._SL500_.jpg" alt="Product Image"></a><p>Tree of Life Facial Skin Care Set, Brightening, Firming, Hydrating, Dry Face, Dermatologist Tested - Trio Power Kit, Vitamin C, Retinol and Hyaluronic Acid, 3 count of 1 Fl Oz</p><p>$29.99 ($10.00 / Fl Oz)</p><a href="https://www.amazon.com/dp/B014PGEEO2?tag=eloabder-20&linkCode=osi&th=1&psc=1">View Product</a></div><div class="product"><a href="https://www.amazon.com/dp/B0BSP4T13Z?tag=eloabder-20&linkCode=osi&th=1&psc=1"><img src="https://m.media-amazon.com/images/I/31+EypNmjsL._SL500_.jpg" alt="Product Image"></a><p>e.l.f. SKIN Holy Hydration! Triple Bounce Serum, 1.7% Hyaluronic Acid Serum For Plump, Bouncy Skin, Great For Hydrating Dry Skin</p><p>$12.00 ($11.88 / Fl Oz)</p><a href="https://www.amazon.com/dp/B0BSP4T13Z?tag=eloabder-20&linkCode=osi&th=1&psc=1">View Product</a></div><div class="product"><a href="https://www.amazon.com/dp/B086VKZZZY?tag=eloabder-20&linkCode=osi&th=1&psc=1"><img src="https://m.media-amazon.com/images/I/31l7jUL7jOL._SL500_.jpg" alt="Product Image"></a><p>Beauty of Joseon Glow Serum Propolis and Niacinamide Hydrating Facial Soothing Moisturizer for Irritated Uneven Skin Tone, Korean Skin Care 30ml, 1 fl.oz</p><p>$10.50 ($10.40 / Fl Oz)</p><a href="https://www.amazon.com/dp/B086VKZZZY?tag=eloabder-20&linkCode=osi&th=1&psc=1">View Product</a></div><div class="product"><a href="https://www.amazon.com/dp/B0CLLV2T1P?tag=eloabder-20&linkCode=osi&th=1&psc=1"><img src="https://m.media-amazon.com/images/I/31ZBa-zgbjL._SL500_.jpg" alt="Product Image"></a><p>Anua 10% Niacinamide+ 4% Tranexamic Acid Serum, Ceramide, Hyaluronic Acid, Vitamin B12 natural color, for Sensitive skin, Korean Glass Skin, Fragrance-Free (30ml /1.01 fl.oz.)</p><p>$16.20 ($16.04 / Fl Oz)</p><a href="https://www.amazon.com/dp/B0CLLV2T1P?tag=eloabder-20&linkCode=osi&th=1&psc=1">View Product</a></div>
<div class="product"><a href="https://www.amazon.com/dp/B07C5SS6YD?tag=eloabder-20&linkCode=osi&th=1&psc=1"><img src="https://m.media-amazon.com/images/I/31tzIszvgAL._SL500_.jpg" alt="Product Image"></a><p>Paula's Choice Skin Perfecting 2% BHA Liquid Salicylic Acid Exfoliant, Gentle Facial Exfoliator for Blackheads, Large Pores, Wrinkles & Fine Lines, Travel Size, 1 Fluid Ounce</p><p>$14.00</p><a href="https://www.amazon.com/dp/B07C5SS6YD?tag=eloabder-20&linkCode=osi&th=1&psc=1">View Product</a></div><div class="product"><a href="https://www.amazon.com/dp/B07VW3YSWH?tag=eloabder-20&linkCode=osi&th=1&psc=1"><img src="https://m.media-amazon.com/images/I/410j9ZFktHL._SL500_.jpg" alt="Product Image"></a><p>Tree Hut Vitamin C Shea Sugar Scrub, 18 oz, Ultra Hydrating and Exfoliating Scrub for Nourishing Essential Body Care</p><p>$8.49 ($0.47 / Ounce)</p><a href="https://www.amazon.com/dp/B07VW3YSWH?tag=eloabder-20&linkCode=osi&th=1&psc=1">View Product</a></div><div class="product"><a href="https://www.amazon.com/dp/B001VMJSCW?tag=eloabder-20&linkCode=osi&th=1&psc=1"><img src="https://m.media-amazon.com/images/I/31N7x4-aJAL._SL500_.jpg" alt="Product Image"></a><p>Dermalogica Daily Microfoliant, Face Exfoliator Scrub Powder with Salicylic Acid and Papaya Enzyme, Achieve Brighter, Smoother Skin Daily, 0.45 Oz</p><p>$19.00 ($42.22 / Ounce)</p><a href="https://www.amazon.com/dp/B001VMJSCW?tag=eloabder-20&linkCode=osi&th=1&psc=1">View Product</a></div><div class="product"><a href="https://www.amazon.com/dp/B08T4FLJQZ?tag=eloabder-20&linkCode=osi&th=1&psc=1"><img src="https://m.media-amazon.com/images/I/616xNWcTosL._SL500_.jpg" alt="Product Image"></a><p>Dove Scrub Brown Sugar & Coconut Butter For Silky Smooth Skin Body Scrub Exfoliates & Restores Skin's Natural Nutrients 10.5 oz</p><p>$6.97 ($0.66 / Ounce)</p><a href="https://www.amazon.com/dp/B08T4FLJQZ?tag=eloabder-20&linkCode=osi&th=1&psc=1">View Product</a></div><div class="product"><a href="https://www.amazon.com/dp/B098RBCQ4Z?tag=eloabder-20&linkCode=osi&th=1&psc=1"><img src="https://m.media-amazon.com/images/I/41G9AnCfxcL._SL500_.jpg" alt="Product Image"></a><p>CeraVe Skin Renewing Nightly Exfoliating Treatment | Anti Aging Face Serum with Glycolic Acid, Lactic Acid, and Ceramides| Dark Spot Corrector for Face | 1.7 Oz</p><p>$23.86 ($14.04 / Ounce)</p><a href="https://www.amazon.com/dp/B098RBCQ4Z?tag=eloabder-20&linkCode=osi&th=1&psc=1">View Product</a></div><div class="product"><a href="https://www.amazon.com/dp/B09HH8R1T8?tag=eloabder-20&linkCode=osi&th=1&psc=1"><img src="https://m.media-amazon.com/images/I/51wBTGbcqkL._SL500_.jpg" alt="Product Image"></a><p>UJFQBH 3 Pieces African Bath Sponge African Net Long Net Bath Sponge Exfoliating Shower Body Scrubber Back Scrubber Skin Smoother,Great for Daily Use (Pink,Yellow,Purple)</p><p>$7.99 ($2.66 / Count)</p><a href="https://www.amazon.com/dp/B09HH8R1T8?tag=eloabder-20&linkCode=osi&th=1&psc=1">View Product</a></div><div class="product"><a href="https://www.amazon.com/dp/B004GEV9JW?tag=eloabder-20&linkCode=osi&th=1&psc=1"><img src="https://m.media-amazon.com/images/I/41MgyDfHXfL._SL500_.jpg" alt="Product Image"></a><p>Buf-Puf Gentle Facial Sponge, Dermatologist Developed, Removes Deep Down Dirt & Makeup That Causes Breakouts and Blackheads, Reusable, Exfoliating, 1 Count</p><p>$8.71</p><a href="https://www.amazon.com/dp/B004GEV9JW?tag=eloabder-20&linkCode=osi&th=1&psc=1">View Product</a></div><div class="product"><a href="https://www.amazon.com/dp/B07RP2JLLM?tag=eloabder-20&linkCode=osi&th=1&psc=1"><img src="https://m.media-amazon.com/images/I/41Mvnnv-AYL._SL500_.jpg" alt="Product Image"></a><p>Dermasuri Deep Exfoliating Glove for Face - Exfoliating Mitt Face Scrub and Dead Skin Remover - Face Scrubber for Men & Women - Face & Neck Skincare - Face Exfoliator Tool - Shower & Dry Use (1 Pack)</p><p>$11.99</p><a href="https://www.amazon.com/dp/B07RP2JLLM?tag=eloabder-20&linkCode=osi&th=1&psc=1">View Product</a></div><div class="product"><a href="https://www.amazon.com/dp/B00EL11LW0?tag=eloabder-20&linkCode=osi&th=1&psc=1"><img src="https://m.media-amazon.com/images/I/51FWqFdc30L._SL500_.jpg" alt="Product Image"></a><p>Dermasuri Deep Exfoliating Glove for Shower - Exfoliating Mitt Body Scrubber - Skin Exfoliator & Dead Skin Remover - Keratosis Pilaris Scrub - Spray Tan Remover - Korean Skincare for Body (1 Pack)</p><p>$14.99</p><a href="https://www.amazon.com/dp/B00EL11LW0?tag=eloabder-20&linkCode=osi&th=1&psc=1">View Product</a></div>
<div class="product"><a href="https://www.amazon.com/dp/B08C7HDF1F?tag=eloabder-20&linkCode=osi&th=1&psc=1"><img src="https://m.media-amazon.com/images/I/51v5EoPjf3L._SL500_.jpg" alt="Product Image"></a><p>NNPCBT 100PCS 3 Ply Black Disposable Face Mask Filter Protection Face Masks</p><p>$9.98 ($0.10 / Count)</p><a href="https://www.amazon.com/dp/B08C7HDF1F?tag=eloabder-20&linkCode=osi&th=1&psc=1">View Product</a></div><div class="product"><a href="https://www.amazon.com/dp/B08YPGJB4P?tag=eloabder-20&linkCode=osi&th=1&psc=1"><img src="https://m.media-amazon.com/images/I/51k8JL9QgbL._SL500_.jpg" alt="Product Image"></a><p>PURE GEM [Pack of 100] Single Use Disposable Blue Face Mask, Soft on Skin, 3-ply Masks Facial Cover with Elastic Earloops Great For Home, Office, School, and Outdoors</p><p>$9.99</p><a href="https://www.amazon.com/dp/B08YPGJB4P?tag=eloabder-20&linkCode=osi&th=1&psc=1">View Product</a></div><div class="product"><a href="https://www.amazon.com/dp/B089TX3BPY?tag=eloabder-20&linkCode=osi&th=1&psc=1"><img src="https://m.media-amazon.com/images/I/41qr1sidczL._SL500_.jpg" alt="Product Image"></a><p>Hygenix 3ply Disposable Face Masks PFE 99% Filter Quality Tested by a US lab (Pack of 50 Pcs)</p><p>$11.99 ($0.24 / Count)</p><a href="https://www.amazon.com/dp/B089TX3BPY?tag=eloabder-20&linkCode=osi&th=1&psc=1">View Product</a></div><div class="product"><a href="https://www.amazon.com/dp/B07FPJHPX1?tag=eloabder-20&linkCode=osi&th=1&psc=1"><img src="https://m.media-amazon.com/images/I/51uNOnTpxTL._SL500_.jpg" alt="Product Image"></a><p>Celavi Essence Facial Sheet Face Mask Variety Set Classic Authentic Korean Moisturizing Skincare (12-Packs)</p><p>$9.40 ($0.78 / Count)</p><a href="https://www.amazon.com/dp/B07FPJHPX1?tag=eloabder-20&linkCode=osi&th=1&psc=1">View Product</a></div><div class="product"><a href="https://www.amazon.com/dp/B001NSYSSI?tag=eloabder-20&linkCode=osi&th=1&psc=1"><img src="https://m.media-amazon.com/images/I/41C2JcEy+gL._SL500_.jpg" alt="Product Image"></a><p>Dynarex Procedure Masks - Triple-Pleated Face Masks with Ear Loops & Nose Strip - Disposable Medical Mask, Face Protection for Hospital - 50 per Box– Blue</p><p>$4.65 ($0.09 / Count)</p><a href="https://www.amazon.com/dp/B001NSYSSI?tag=eloabder-20&linkCode=osi&th=1&psc=1">View Product</a></div><div class="product"><a href="https://www.amazon.com/dp/B0CST165XX?tag=eloabder-20&linkCode=osi&th=1&psc=1"><img src="https://m.media-amazon.com/images/I/51Dp23BHVUL._SL500_.jpg" alt="Product Image"></a><p>Disposable Face Mask Adults Colors - 100 Pack Individually Wrapped,4 Ply Protection Face Masks,Colored Facemask Disposable,Breathable and Comfortable Safety Masks for Women & Men</p><p>$9.99</p><a href="https://www.amazon.com/dp/B0CST165XX?tag=eloabder-20&linkCode=osi&th=1&psc=1">View Product</a></div><div class="product"><a href="https://www.amazon.com/dp/B0722LVW3B?tag=eloabder-20&linkCode=osi&th=1&psc=1"><img src="https://m.media-amazon.com/images/I/51Vm0lozSIL._SL500_.jpg" alt="Product Image"></a><p>DERMAL 24 Combo Pack A Collagen Essence Korean Face Mask - Hydrating & Soothing Facial Mask with Panthenol - Hypoallergenic Self Care Sheet Mask for All Skin Types - Natural Home Spa Treatment Mask</p><p>$16.99 ($0.71 / Count)</p><a href="https://www.amazon.com/dp/B0722LVW3B?tag=eloabder-20&linkCode=osi&th=1&psc=1">View Product</a></div><div class="product"><a href="https://www.amazon.com/dp/B09DVFZVFB?tag=eloabder-20&linkCode=osi&th=1&psc=1"><img src="https://m.media-amazon.com/images/I/51Cp8DVpRFL._SL500_.jpg" alt="Product Image"></a><p>Egook Black Disposable Face Masks, 100 Pack 3 Ply Protection Face Mask, Soft Breathable Disposable Masks For Adults, Male-Female, Teenagers, Daily Use, Outdoors, School and Office</p><p>$10.99 ($0.11 / Count)</p><a href="https://www.amazon.com/dp/B09DVFZVFB?tag=eloabder-20&linkCode=osi&th=1&psc=1">View Product</a></div><div class="product"><a href="https://www.amazon.com/dp/B09M8G4JS8?tag=eloabder-20&linkCode=osi&th=1&psc=1"><img src="https://m.media-amazon.com/images/I/41Hxl6dhT1L._SL500_.jpg" alt="Product Image"></a><p>ZIYE 100 Pcs Multicolor Disposable Face Masks, Breathable Non-woven Multicolor Mask Facial Mouth Cover 3 Layer with Nose Clip Elastic Earloop 4Color</p><p>$11.79 ($0.12 / Count)</p><a href="https://www.amazon.com/dp/B09M8G4JS8?tag=eloabder-20&linkCode=osi&th=1&psc=1">View Product</a></div>
<div class="product"><a href="https://www.amazon.com/dp/B01MQXX9US?tag=eloabder-20&linkCode=osi&th=1&psc=1"><img src="https://m.media-amazon.com/images/I/41Zi7BP15NL._SL500_.jpg" alt="Product Image"></a><p>Banana Boat Sport Ultra SPF 50 Sunscreen Spray Twin Pack | Banana Boat Sunscreen Spray SPF 50, Spray On Sunscreen, Water Resistant Sunscreen, Oxybenzone Free Sunscreen Pack, 6oz each</p><p>$13.97 ($1.16 / Ounce)</p><a href="https://www.amazon.com/dp/B01MQXX9US?tag=eloabder-20&linkCode=osi&th=1&psc=1">View Product</a></div><div class="product"><a href="https://www.amazon.com/dp/B005IHT94S?tag=eloabder-20&linkCode=osi&th=1&psc=1"><img src="https://m.media-amazon.com/images/I/31YAXVCRMAL._SL500_.jpg" alt="Product Image"></a><p>Neutrogena Ultra Sheer Dry-Touch Water Resistant and Non-Greasy Sunscreen Lotion with Broad Spectrum SPF 70, 3 Fl Oz (Pack of 1)</p><p>$9.58 ($3.19 / Fl Oz)</p><a href="https://www.amazon.com/dp/B005IHT94S?tag=eloabder-20&linkCode=osi&th=1&psc=1">View Product</a></div><div class="product"><a href="https://www.amazon.com/dp/B076GZX3KL?tag=eloabder-20&linkCode=osi&th=1&psc=1"><img src="https://m.media-amazon.com/images/I/41BQoEZMuTL._SL500_.jpg" alt="Product Image"></a><p>Neutrogena Sunscreen Spray, Ultra Sheer ® Body Mist, Broad Spectrum SPF 70, Non-Greasy Water Resistant Body Sunscreen Mist, Non-Comedogenic, 5 oz (Pack of 3)</p><p>$23.50 ($1.57 / Ounce)</p><a href="https://www.amazon.com/dp/B076GZX3KL?tag=eloabder-20&linkCode=osi&th=1&psc=1">View Product</a></div><div class="product"><a href="https://www.amazon.com/dp/B002MSN3QQ?tag=eloabder-20&linkCode=osi&th=1&psc=1"><img src="https://m.media-amazon.com/images/I/3100avaA74L._SL500_.jpg" alt="Product Image"></a><p>EltaMD UV Clear Face Sunscreen, Oil Free Sunscreen with Zinc Oxide, Dermatologist Recommended Sunscreen, 1.7 oz Pump</p><p>$43.00 ($25.29 / Ounce)</p><a href="https://www.amazon.com/dp/B002MSN3QQ?tag=eloabder-20&linkCode=osi&th=1&psc=1">View Product</a></div><div class="product"><a href="https://www.amazon.com/dp/B078BC1NJ6?tag=eloabder-20&linkCode=osi&th=1&psc=1"><img src="https://m.media-amazon.com/images/I/51V4LMN2zEL._SL500_.jpg" alt="Product Image"></a><p>Coppertone Sport Sunscreen Spray SPF 50, Water Resistant Spray Sunscreen, Broad Spectrum SPF 50 Sunscreen, Bulk Sunscreen Pack, 5.5 Oz Bottle, Pack of 3</p><p>$20.63 ($1.25 / Ounce)</p><a href="https://www.amazon.com/dp/B078BC1NJ6?tag=eloabder-20&linkCode=osi&th=1&psc=1">View Product</a></div><div class="product"><a href="https://www.amazon.com/dp/B004D2DR0Q?tag=eloabder-20&linkCode=osi&th=1&psc=1"><img src="https://m.media-amazon.com/images/I/41QwzCWNnFL._SL500_.jpg" alt="Product Image"></a><p>Neutrogena Ultra Sheer Dry-Touch Water Resistant and Non-Greasy Sunscreen Lotion with Broad Spectrum SPF 45, TSA-Compliant travel Size, 3 Fl Oz, Pack of 2, 6 Fl Oz</p><p>$13.99 ($2.33 / Fl Oz)</p><a href="https://www.amazon.com/dp/B004D2DR0Q?tag=eloabder-20&linkCode=osi&th=1&psc=1">View Product</a></div><div class="product"><a href="https://www.amazon.com/dp/B074WBHHYY?tag=eloabder-20&linkCode=osi&th=1&psc=1"><img src="https://m.media-amazon.com/images/I/41uIcq6eNrL._SL500_.jpg" alt="Product Image"></a><p>Coppertone Sport Sunscreen Spray SPF 50, Water Resistant Spray Sunscreen, Broad Spectrum SPF 50 Sunscreen, Bulk Sunscreen Pack, 5.5 Oz Bottle, Pack of 2</p><p>$14.49 ($1.32 / Ounce)</p><a href="https://www.amazon.com/dp/B074WBHHYY?tag=eloabder-20&linkCode=osi&th=1&psc=1">View Product</a></div><div class="product"><a href="https://www.amazon.com/dp/B00AEN4QZ8?tag=eloabder-20&linkCode=osi&th=1&psc=1"><img src="https://m.media-amazon.com/images/I/31QMrCJPoeL._SL500_.jpg" alt="Product Image"></a><p>Neutrogena Beach Defense Water-Resistant Face & Body SPF 70 Sunscreen Lotion with Broad Spectrum UVA/UVB Protection, Oil-Free Fast-Absorbing Sunscreen Lotion, Oxybenzone-Free, 6.7 oz</p><p>$9.09 ($1.36 / Fl Oz)</p><a href="https://www.amazon.com/dp/B00AEN4QZ8?tag=eloabder-20&linkCode=osi&th=1&psc=1">View Product</a></div>
<div class="product"><a href="https://www.amazon.com/dp/B0BBSP2JNQ?tag=eloabder-20&linkCode=osi&th=1&psc=1"><img src="https://m.media-amazon.com/images/I/51qb7tiAJgL._SL500_.jpg" alt="Product Image"></a><p>SimplyVital Face Moisturizer Collagen Cream - Anti Aging Neck and Décolleté - Made in USA Day & Night Face Cream - Moisturizing, Lifting & Recovery – 1.7oz</p><p>$22.89 ($13.46 / Fl Oz)</p><a href="https://www.amazon.com/dp/B0BBSP2JNQ?tag=eloabder-20&linkCode=osi&th=1&psc=1">View Product</a></div><div class="product"><a href="https://www.amazon.com/dp/B0C9H6PD9B?tag=eloabder-20&linkCode=osi&th=1&psc=1"><img src="https://m.media-amazon.com/images/I/51MQp9qtYZL._SL500_.jpg" alt="Product Image"></a><p>Collagen Face Moisturizer with Airless Pump - Collagen Botanical Stem Cells Cream for Skin with Retinol, Niacinamide, Hyaluronic Acid - Anti-Aging Day & Night Cream - Made in USA (1.7 Oz)</p><p>$14.99 ($8.82 / Ounce)</p><a href="https://www.amazon.com/dp/B0C9H6PD9B?tag=eloabder-20&linkCode=osi&th=1&psc=1">View Product</a></div><div class="product"><a href="https://www.amazon.com/dp/B07XJ7XWLW?tag=eloabder-20&linkCode=osi&th=1&psc=1"><img src="https://m.media-amazon.com/images/I/41NLZaGIIvL._SL500_.jpg" alt="Product Image"></a><p>CeraVe Anti Aging Retinol Serum | Cream Serum for Smoothing Fine Lines and Skin Brightening | With Retinol, Hyaluronic Acid, Niacinamide, and Ceramides | 1 Ounce</p><p>$21.49</p><a href="https://www.amazon.com/dp/B07XJ7XWLW?tag=eloabder-20&linkCode=osi&th=1&psc=1">View Product</a></div><div class="product"><a href="https://www.amazon.com/dp/B008EKY8VK?tag=eloabder-20&linkCode=osi&th=1&psc=1"><img src="https://m.media-amazon.com/images/I/417CElRN9WL._SL500_.jpg" alt="Product Image"></a><p>L'Oreal Paris Revitalift Triple Power Anti-Aging Face Moisturizer, Pro Retinol, Hyaluronic Acid & Vitamin C to Reduce Wrinkles, Firm & Brighten Skin, 1.7 Oz</p><p>$23.49 ($13.82 / Ounce)</p><a href="https://www.amazon.com/dp/B008EKY8VK?tag=eloabder-20&linkCode=osi&th=1&psc=1">View Product</a></div><div class="product"><a href="https://www.amazon.com/dp/B00PBX3L7K?tag=eloabder-20&linkCode=osi&th=1&psc=1"><img src="https://m.media-amazon.com/images/I/31OiAm-FA8L._SL500_.jpg" alt="Product Image"></a><p>COSRX Snail Mucin 96% Power Repairing Essence 3.38 fl.oz 100ml, Hydrating Serum for Face with Snail Secretion Filtrate for Dull Skin & Fine Lines, Korean Skincare</p><p>$14.99 ($4.43 / Fl Oz)</p><a href="https://www.amazon.com/dp/B00PBX3L7K?tag=eloabder-20&linkCode=osi&th=1&psc=1">View Product</a></div><div class="product"><a href="https://www.amazon.com/dp/B09JMDLSJR?tag=eloabder-20&linkCode=osi&th=1&psc=1"><img src="https://m.media-amazon.com/images/I/41dzg8Cq95L._SL500_.jpg" alt="Product Image"></a><p>RoC Retinol Correxion Deep Wrinkle Serum Facial Cleanser with Niacinamide for Anti-Aging and Fine Lines, Long-Wear Makeup Remover, Fragrance Free Skin Care, Opthalmologist Tested, 6 Ounces</p><p>$9.99 ($1.66 / Fl Oz)</p><a href="https://www.amazon.com/dp/B09JMDLSJR?tag=eloabder-20&linkCode=osi&th=1&psc=1">View Product</a></div><div class="product"><a href="https://www.amazon.com/dp/B000QCN3QA?tag=eloabder-20&linkCode=osi&th=1&psc=1"><img src="https://m.media-amazon.com/images/I/31DCQYJ+zHL._SL500_.jpg" alt="Product Image"></a><p>VitaMedica Anti-Aging Formula 4-in-1 Health and Beauty Supplement | Anti Aging Supplement for Women and Men | Healthy Hair, Skin, and Nails | Natural Energy & Restful Sleep | 30 AM & PM Packets</p><p>$66.65 ($2.22 / Count)</p><a href="https://www.amazon.com/dp/B000QCN3QA?tag=eloabder-20&linkCode=osi&th=1&psc=1">View Product</a></div><div class="product"><a href="https://www.amazon.com/dp/B014PGEEO2?tag=eloabder-20&linkCode=osi&th=1&psc=1"><img src="https://m.media-amazon.com/images/I/51v+djIfQGL._SL500_.jpg" alt="Product Image"></a><p>Tree of Life Facial Skin Care Set, Brightening, Firming, Hydrating, Dry Face, Dermatologist Tested - Trio Power Kit, Vitamin C, Retinol and Hyaluronic Acid, 3 count of 1 Fl Oz</p><p>$29.99 ($10.00 / Fl Oz)</p><a href="https://www.amazon.com/dp/B014PGEEO2?tag=eloabder-20&linkCode=osi&th=1&psc=1">View Product</a></div><div class="product"><a href="https://www.amazon.com/dp/B0CWVN2PKH?tag=eloabder-20&linkCode=osi&th=1&psc=1"><img src="https://m.media-amazon.com/images/I/41qIK3gKbEL._SL500_.jpg" alt="Product Image"></a><p>EnaSkin Retinol Cream for Wrinkles: Face Collagen Cream for Tightening Skin - Anti Aging Facial Moisturizer Day and Night for Women and Men 1.7 Fl OZ</p><p>$15.91 ($9.36 / Fl Oz)</p><a href="https://www.amazon.com/dp/B0CWVN2PKH?tag=eloabder-20&linkCode=osi&th=1&psc=1">View Product</a></div><div class="product"><a href="https://www.amazon.com/dp/B002JDUMFO?tag=eloabder-20&linkCode=osi&th=1&psc=1"><img src="https://m.media-amazon.com/images/I/41h3+tOcptL._SL500_.jpg" alt="Product Image"></a><p>L’Oréal Paris Collagen Daily Face Moisturizer, Reduce Wrinkles, Face Cream 1.7 oz</p><p>$8.98 ($5.28 / Ounce)</p><a href="https://www.amazon.com/dp/B002JDUMFO?tag=eloabder-20&linkCode=osi&th=1&psc=1">View Product</a></div>
<div class="product"><a href="https://www.amazon.com/dp/B073CWSQ51?tag=eloabder-20&linkCode=osi&th=1&psc=1"><img src="https://m.media-amazon.com/images/I/41lIHxirIkL._SL500_.jpg" alt="Product Image"></a><p>COLOR WOW Dream Coat Supernatural Spray, 6.7 Fl Oz – Keep Your Hair Frizz-Free and Shiny No Matter the Weather with Award-Winning Anti-Humidity Treatment</p><p>$28.00 ($4.18 / Fl Oz)</p><a href="https://www.amazon.com/dp/B073CWSQ51?tag=eloabder-20&linkCode=osi&th=1&psc=1">View Product</a></div><div class="product"><a href="https://www.amazon.com/dp/B000N758A2?tag=eloabder-20&linkCode=osi&th=1&psc=1"><img src="https://m.media-amazon.com/images/I/41YSvL8jS6L._SL500_.jpg" alt="Product Image"></a><p>OGX Nourishing + Coconut Milk Anti-Breakage Serum, 4 Fl Oz</p><p>$7.97 ($1.99 / Fl Oz)</p><a href="https://www.amazon.com/dp/B000N758A2?tag=eloabder-20&linkCode=osi&th=1&psc=1">View Product</a></div><div class="product"><a href="https://www.amazon.com/dp/B00AINMFAC?tag=eloabder-20&linkCode=osi&th=1&psc=1"><img src="https://m.media-amazon.com/images/I/41D7x04cFtL._SL500_.jpg" alt="Product Image"></a><p>Nizoral Anti-Dandruff Shampoo with 1% Ketoconazole, Fresh Scent, 7 Fl Oz</p><p>$15.88 ($2.27 / Fl Oz)</p><a href="https://www.amazon.com/dp/B00AINMFAC?tag=eloabder-20&linkCode=osi&th=1&psc=1">View Product</a></div><div class="product"><a href="https://www.amazon.com/dp/B014G3WK9U?tag=eloabder-20&linkCode=osi&th=1&psc=1"><img src="https://m.media-amazon.com/images/I/41dsKa5OaNL._SL500_.jpg" alt="Product Image"></a><p>OLLY Undeniable Beauty Gummy, For Hair, Skin, Nails, Biotin, Vitamin C, Keratin, Chewable Supplement, Grapefruit, 30 Day Supply - 60 Count</p><p>$12.88 ($0.21 / Count)</p><a href="https://www.amazon.com/dp/B014G3WK9U?tag=eloabder-20&linkCode=osi&th=1&psc=1">View Product</a></div><div class="product"><a href="https://www.amazon.com/dp/B01LTIAUAG?tag=eloabder-20&linkCode=osi&th=1&psc=1"><img src="https://m.media-amazon.com/images/I/414cIBskUjL._SL500_.jpg" alt="Product Image"></a><p>Cantu Leave-In Conditioning Repair Cream with Argan Oil, 16 oz (Packaging May Vary)</p><p>$6.48 ($0.40 / Ounce)</p><a href="https://www.amazon.com/dp/B01LTIAUAG?tag=eloabder-20&linkCode=osi&th=1&psc=1">View Product</a></div>
<div class="product"><a href="https://www.amazon.com/dp/B00AINMFAC?tag=eloabder-20&linkCode=osi&th=1&psc=1"><img src="https://m.media-amazon.com/images/I/41D7x04cFtL._SL500_.jpg" alt="Product Image"></a><p>Nizoral Anti-Dandruff Shampoo with 1% Ketoconazole, Fresh Scent, 7 Fl Oz</p><p>$15.88 ($2.27 / Fl Oz)</p><a href="https://www.amazon.com/dp/B00AINMFAC?tag=eloabder-20&linkCode=osi&th=1&psc=1">View Product</a></div><div class="product"><a href="https://www.amazon.com/dp/B00ADRH2OM?tag=eloabder-20&linkCode=osi&th=1&psc=1"><img src="https://m.media-amazon.com/images/I/413WPcPNDbL._SL500_.jpg" alt="Product Image"></a><p>OGX Thick & Full + Biotin & Collagen Volumizing Shampoo, Nutrient-Infused Hair Shampoo with Vitamin B7 Biotin Gives Hair Volume & Body for 72+ Hours, Sulfate-Free Surfactants, 13 fl. oz</p><p>$6.97 ($0.54 / Fl Oz)</p><a href="https://www.amazon.com/dp/B00ADRH2OM?tag=eloabder-20&linkCode=osi&th=1&psc=1">View Product</a></div><div class="product"><a href="https://www.amazon.com/dp/B008J2GP9G?tag=eloabder-20&linkCode=osi&th=1&psc=1"><img src="https://m.media-amazon.com/images/I/31BkIKu3HgL._SL500_.jpg" alt="Product Image"></a><p>OGX Renewing Argan Oil of Morocco Shampoo - Strengthens and Repairs Dry, Damaged Hair - Paraben-Free, Sulfate-Free - 25.4 fl. oz</p><p>$11.99 ($0.47 / Fl Oz)</p><a href="https://www.amazon.com/dp/B008J2GP9G?tag=eloabder-20&linkCode=osi&th=1&psc=1">View Product</a></div><div class="product"><a href="https://www.amazon.com/dp/B082YG62JM?tag=eloabder-20&linkCode=osi&th=1&psc=1"><img src="https://m.media-amazon.com/images/I/31c5qlF0nYL._SL500_.jpg" alt="Product Image"></a><p>Acure Shampoo 100% Vegan, Ultra Hydrating Moisture & Omega Fatty Acids, , Yellow Argan Oil & Pumpkin, 8 Fl Oz</p><p>$9.99 ($1.25 / Fl Oz)</p><a href="https://www.amazon.com/dp/B082YG62JM?tag=eloabder-20&linkCode=osi&th=1&psc=1">View Product</a></div><div class="product"><a href="https://www.amazon.com/dp/B008OL3WZC?tag=eloabder-20&linkCode=osi&th=1&psc=1"><img src="https://m.media-amazon.com/images/I/31ePAzWLH8L._SL500_.jpg" alt="Product Image"></a><p>Avalon Organics Scalp Treatment Tea Tree Shampoo, Encourages Scalp Well-Being and Leaves Hair Soft, 32 Fluid Ounces</p><p>$17.69 ($0.55 / Fl Oz)</p><a href="https://www.amazon.com/dp/B008OL3WZC?tag=eloabder-20&linkCode=osi&th=1&psc=1">View Product</a></div><div class="product"><a href="https://www.amazon.com/dp/B0006FMK98?tag=eloabder-20&linkCode=osi&th=1&psc=1"><img src="https://m.media-amazon.com/images/I/31y1U0kzgQL._SL500_.jpg" alt="Product Image"></a><p>Vanicream Shampoo – pH Balanced Mild Formula Effective For All Hair Types and Sensitive Scalps - Free of Fragrance, Lanolin, and Parabens – 12 Fl Oz</p><p>$12.93 ($1.08 / Ounce)</p><a href="https://www.amazon.com/dp/B0006FMK98?tag=eloabder-20&linkCode=osi&th=1&psc=1">View Product</a></div><div class="product"><a href="https://www.amazon.com/dp/B00OO0J9UY?tag=eloabder-20&linkCode=osi&th=1&psc=1"><img src="https://m.media-amazon.com/images/I/6111IvzP9vL._SL500_.jpg" alt="Product Image"></a><p>SheaMoisture Intensive Hydration Shampoo for Dry, Damaged Hair Manuka Honey and Mafura Oil Sulfate-Free 13 oz</p><p>$10.61 ($0.82 / Fl Oz)</p><a href="https://www.amazon.com/dp/B00OO0J9UY?tag=eloabder-20&linkCode=osi&th=1&psc=1">View Product</a></div><div class="product"><a href="https://www.amazon.com/dp/B004LT9EDU?tag=eloabder-20&linkCode=osi&th=1&psc=1"><img src="https://m.media-amazon.com/images/I/311kQY8LxlL._SL500_.jpg" alt="Product Image"></a><p>Vanicream Shampoo For Sensitive Skin 12 OZ (Pack of 3)</p><p>$30.37 ($0.84 / Fl Oz)</p><a href="https://www.amazon.com/dp/B004LT9EDU?tag=eloabder-20&linkCode=osi&th=1&psc=1">View Product</a></div>
<div class="product"><a href="https://www.amazon.com/dp/B00ADR6M2U?tag=eloabder-20&linkCode=osi&th=1&psc=1"><img src="https://m.media-amazon.com/images/I/41m-SPUM-nL._SL500_.jpg" alt="Product Image"></a><p>OGX Thick & Full + Biotin & Collagen Volumizing Conditioner, Nutrient-Infused Conditioner with Vitamin B7 Biotin Gives Hair Volume & Body for 72+ Hours, Sulfate-Free Surfactants, 13 fl. Oz</p><p>$6.97 ($0.54 / Fl Oz)</p><a href="https://www.amazon.com/dp/B00ADR6M2U?tag=eloabder-20&linkCode=osi&th=1&psc=1">View Product</a></div><div class="product"><a href="https://www.amazon.com/dp/B000VEJVCI?tag=eloabder-20&linkCode=osi&th=1&psc=1"><img src="https://m.media-amazon.com/images/I/21qrX8H4+-L._SL500_.jpg" alt="Product Image"></a><p>Paul Mitchell The Conditioner Original Leave-In, Balances Moisture, For All Hair Types, 16.9 fl. oz.</p><p>$21.00 ($1.24 / Fl Oz)</p><a href="https://www.amazon.com/dp/B000VEJVCI?tag=eloabder-20&linkCode=osi&th=1&psc=1">View Product</a></div><div class="product"><a href="https://www.amazon.com/dp/B0128QFSPK?tag=eloabder-20&linkCode=osi&th=1&psc=1"><img src="https://m.media-amazon.com/images/I/31lrVfnasLL._SL500_.jpg" alt="Product Image"></a><p>OGX Quenching + Coconut Curls Curl-Defining Conditioner, Nourishing Curly Hair Conditioner with Coconut /Citrus Oil & Honey, Paraben-Free with Sulfate-Free Surfactants, 13oz</p><p>$6.97 ($0.54 / Fl Oz)</p><a href="https://www.amazon.com/dp/B0128QFSPK?tag=eloabder-20&linkCode=osi&th=1&psc=1">View Product</a></div><div class="product"><a href="https://www.amazon.com/dp/B00OVQO66S?tag=eloabder-20&linkCode=osi&th=1&psc=1"><img src="https://m.media-amazon.com/images/I/61S7x6GUaFL._SL500_.jpg" alt="Product Image"></a><p>SheaMoisture Conditioner Intensive Hydration for Dry, Damaged Hair Manuka Honey and Mafura Oil to Nourish and Soften Hair 13 oz</p><p>$10.97 ($0.84 / Fl Oz)</p><a href="https://www.amazon.com/dp/B00OVQO66S?tag=eloabder-20&linkCode=osi&th=1&psc=1">View Product</a></div><div class="product"><a href="https://www.amazon.com/dp/B0048F38DY?tag=eloabder-20&linkCode=osi&th=1&psc=1"><img src="https://m.media-amazon.com/images/I/41GrHa75nWL._SL500_.jpg" alt="Product Image"></a><p>OGX Renewing + Argan Oil of Morocco Conditioner, Repair Conditioner & Argan Oil Helps Strengthen & Repair Dry, Damaged Hair, Paraben-Free, Sulfate-Free Surfactants, 13 fl. oz</p><p>$6.97 ($0.54 / Fl Oz)</p><a href="https://www.amazon.com/dp/B0048F38DY?tag=eloabder-20&linkCode=osi&th=1&psc=1">View Product</a></div><div class="product"><a href="https://www.amazon.com/dp/B000TG850M?tag=eloabder-20&linkCode=osi&th=1&psc=1"><img src="https://m.media-amazon.com/images/I/31TYCRS9xuL._SL500_.jpg" alt="Product Image"></a><p>OGX Nourishing + Coconut Milk Conditioner, Hydrating & Restoring Conditioner Moisturizes for Soft Hair After the First Use, Parabens-Free, Sulfate-Free Surfactants, 13 fl. Oz</p><p>$6.97 ($0.54 / Fl Oz)</p><a href="https://www.amazon.com/dp/B000TG850M?tag=eloabder-20&linkCode=osi&th=1&psc=1">View Product</a></div><div class="product"><a href="https://www.amazon.com/dp/B004KATJVC?tag=eloabder-20&linkCode=osi&th=1&psc=1"><img src="https://m.media-amazon.com/images/I/41UlYEg4A8L._SL500_.jpg" alt="Product Image"></a><p>Ever Straightening + Brazilian Keratin Therapy Hair-Smoothing Conditioner with Coconut Oil, Cocoa Butter & Avocado Oil, Paraben-Free, Sulfate-Free Surfactants</p><p>$10.28 ($0.79 / Fl Oz)</p><a href="https://www.amazon.com/dp/B004KATJVC?tag=eloabder-20&linkCode=osi&th=1&psc=1">View Product</a></div><div class="product"><a href="https://www.amazon.com/dp/B00V6GPXZO?tag=eloabder-20&linkCode=osi&th=1&psc=1"><img src="https://m.media-amazon.com/images/I/41PW2fckFML._SL500_.jpg" alt="Product Image"></a><p>SheaMoisture Conditioner 100% Pure Jamaican Black Castor Oil to Intensely Smooth and Nourish Hair with Shea Butter, Peppermint and Apple Cider Vinegar 13 oz</p><p>$10.97 ($0.84 / Fl Oz)</p><a href="https://www.amazon.com/dp/B00V6GPXZO?tag=eloabder-20&linkCode=osi&th=1&psc=1">View Product</a></div>
<div class="product"><a href="https://www.amazon.com/dp/B092DNPHC9?tag=eloabder-20&linkCode=osi&th=1&psc=1"><img src="https://m.media-amazon.com/images/I/31Zj5b1TUCL._SL500_.jpg" alt="Product Image"></a><p>Olaplex No. 8 Bond Intense Moisture Hair Mask, Adds Smoothness & Nourishes for Visibily Healthy Hair, For All Hair Types & Treats Damaged Hair, 3.3 fl oz</p><p>$30.00 ($9.09 / Fl Oz)</p><a href="https://www.amazon.com/dp/B092DNPHC9?tag=eloabder-20&linkCode=osi&th=1&psc=1">View Product</a></div><div class="product"><a href="https://www.amazon.com/dp/B000ZLVUYO?tag=eloabder-20&linkCode=osi&th=1&psc=1"><img src="https://m.media-amazon.com/images/I/41CNAwwnEqL._SL500_.jpg" alt="Product Image"></a><p>It's A 10 Haircare Miracle Hair Mask - 8 oz. - 1ct</p><p>$24.45 ($3.06 / Fl Oz)</p><a href="https://www.amazon.com/dp/B000ZLVUYO?tag=eloabder-20&linkCode=osi&th=1&psc=1">View Product</a></div><div class="product"><a href="https://www.amazon.com/dp/B002WTC37A?tag=eloabder-20&linkCode=osi&th=1&psc=1"><img src="https://m.media-amazon.com/images/I/41yD1U1SpnL._SL500_.jpg" alt="Product Image"></a><p>Macadamia Natural Deep Repair Hair Masque, 8 OZ</p><p>$17.99 ($2.25 / Fl Oz)</p><a href="https://www.amazon.com/dp/B002WTC37A?tag=eloabder-20&linkCode=osi&th=1&psc=1">View Product</a></div><div class="product"><a href="https://www.amazon.com/dp/B00OAMTSJ8?tag=eloabder-20&linkCode=osi&th=1&psc=1"><img src="https://m.media-amazon.com/images/I/41ua15rJPxL._SL500_.jpg" alt="Product Image"></a><p>Sheamoisture Manuka Honey &Mafura Oil Intensive Hydration Treatment Masque, 12 Oz</p><p>$12.97</p><a href="https://www.amazon.com/dp/B00OAMTSJ8?tag=eloabder-20&linkCode=osi&th=1&psc=1">View Product</a></div><div class="product"><a href="https://www.amazon.com/dp/B07TGFLLSJ?tag=eloabder-20&linkCode=osi&th=1&psc=1"><img src="https://m.media-amazon.com/images/I/41Va7L-8m7L._SL500_.jpg" alt="Product Image"></a><p>OGX Argan Oil of Morocco Hair Mask for Damaged Hair, Extra Strength, 168 g</p><p>$15.55</p><a href="https://www.amazon.com/dp/B07TGFLLSJ?tag=eloabder-20&linkCode=osi&th=1&psc=1">View Product</a></div><div class="product"><a href="https://www.amazon.com/dp/B004FS3V8Q?tag=eloabder-20&linkCode=osi&th=1&psc=1"><img src="https://m.media-amazon.com/images/I/31O0HaFNsbL._SL500_.jpg" alt="Product Image"></a><p>Enjoy 8 oz Hair Mask</p><p>$31.95 ($3.99 / Ounce)</p><a href="https://www.amazon.com/dp/B004FS3V8Q?tag=eloabder-20&linkCode=osi&th=1&psc=1">View Product</a></div><div class="product"><a href="https://www.amazon.com/dp/B008V9PJQM?tag=eloabder-20&linkCode=osi&th=1&psc=1"><img src="https://m.media-amazon.com/images/I/41VJXqQrgNL._SL500_.jpg" alt="Product Image"></a><p>Dominican Magic Revitalizing Hair Mask, 32 Oz, 32 Ounces</p><p>$7.99 ($0.25 / ounce)</p><a href="https://www.amazon.com/dp/B008V9PJQM?tag=eloabder-20&linkCode=osi&th=1&psc=1">View Product</a></div><div class="product"><a href="https://www.amazon.com/dp/B07GHR836B?tag=eloabder-20&linkCode=osi&th=1&psc=1"><img src="https://m.media-amazon.com/images/I/31BZXnZ885L._SL500_.jpg" alt="Product Image"></a><p>Oway Moisturizing Hair Mask 5oz/150ml</p><p>$26.41 ($5.28 / Fl Oz)</p><a href="https://www.amazon.com/dp/B07GHR836B?tag=eloabder-20&linkCode=osi&th=1&psc=1">View Product</a></div>
<div class="product"><a href="https://www.amazon.com/dp/B0C3MZSP2N?tag=eloabder-20&linkCode=osi&th=1&psc=1"><img src="https://m.media-amazon.com/images/I/41NeXyV7-JL._SL500_.jpg" alt="Product Image"></a><p>Handcraft Blends Castor Oil with Rosemary and Peppermint in Glass Bottle - 4 Fl Oz - 100% Pure and Natural - Curl Relaxer for Tight Curls - Premium Grade for Hair Growth, Eyelashes, Eyebrows</p><p>$5.99 ($1.50 / Fl Oz)</p><a href="https://www.amazon.com/dp/B0C3MZSP2N?tag=eloabder-20&linkCode=osi&th=1&psc=1">View Product</a></div><div class="product"><a href="https://www.amazon.com/dp/B0BBSDNX7W?tag=eloabder-20&linkCode=osi&th=1&psc=1"><img src="https://m.media-amazon.com/images/I/41Y91vJb1TL._SL500_.jpg" alt="Product Image"></a><p>Handcraft Blends Castor Oil with Rosemary Oil - 8 Fl Oz - 100% Pure and Natural - Premium Grade Oil for Hair Growth, Eyelashes and Eyebrows - Carrier Oil - Hair and Body Oil</p><p>$8.99 ($1.12 / Fl Oz)</p><a href="https://www.amazon.com/dp/B0BBSDNX7W?tag=eloabder-20&linkCode=osi&th=1&psc=1">View Product</a></div><div class="product"><a href="https://www.amazon.com/dp/B00DS842HS?tag=eloabder-20&linkCode=osi&th=1&psc=1"><img src="https://m.media-amazon.com/images/I/51mbPIwfl-L._SL500_.jpg" alt="Product Image"></a><p>Viva Naturals Organic Coconut Oil - Unrefined, Cold-Pressed Extra Virgin Coconut Oil, USDA Organic and Non-GMO Cooking Oil, Great as Hair Oil and Skin Oil, 16 fl oz</p><p>$8.99 ($0.56 / Ounce)</p><a href="https://www.amazon.com/dp/B00DS842HS?tag=eloabder-20&linkCode=osi&th=1&psc=1">View Product</a></div><div class="product"><a href="https://www.amazon.com/dp/B0019LTGOU?tag=eloabder-20&linkCode=osi&th=1&psc=1"><img src="https://m.media-amazon.com/images/I/31pK3I8DkWL._SL500_.jpg" alt="Product Image"></a><p>NOW Solutions, Organic Jojoba Oil, Moisturizing Multi-Purpose Oil for Face, Hair and Body, 4-Ounce</p><p>$10.99 ($2.75 / Fl Oz)</p><a href="https://www.amazon.com/dp/B0019LTGOU?tag=eloabder-20&linkCode=osi&th=1&psc=1">View Product</a></div><div class="product"><a href="https://www.amazon.com/dp/B0746LMDTY?tag=eloabder-20&linkCode=osi&th=1&psc=1"><img src="https://m.media-amazon.com/images/I/51nIqj8XrvL._SL500_.jpg" alt="Product Image"></a><p>Pure Carrier Oils for Essential Oils - DIY Skin Care Set with Hair Oils Skin Oils for Body Care Moisturizers for Face and Body plus Nail Care - Anti Aging Skin Care DIY Beauty Products Carrier Oil Set</p><p>$24.95 ($1.25 / Fl Oz)</p><a href="https://www.amazon.com/dp/B0746LMDTY?tag=eloabder-20&linkCode=osi&th=1&psc=1">View Product</a></div><div class="product"><a href="https://www.amazon.com/dp/B000N758A2?tag=eloabder-20&linkCode=osi&th=1&psc=1"><img src="https://m.media-amazon.com/images/I/41YSvL8jS6L._SL500_.jpg" alt="Product Image"></a><p>OGX Nourishing + Coconut Milk Anti-Breakage Serum, 4 Fl Oz</p><p>$7.97 ($1.99 / Fl Oz)</p><a href="https://www.amazon.com/dp/B000N758A2?tag=eloabder-20&linkCode=osi&th=1&psc=1">View Product</a></div><div class="product"><a href="https://www.amazon.com/dp/B00449OCLG?tag=eloabder-20&linkCode=osi&th=1&psc=1"><img src="https://m.media-amazon.com/images/I/41WY4q-xk8L._SL500_.jpg" alt="Product Image"></a><p>Dr. Miracle's Daily Moisturizing Gro Oil, Blended with Vitamins A, D, E, Avocado & Aloe Vera For Healthy Hair Growth, 4 Ounce</p><p>$8.45 ($8.45 / Count)</p><a href="https://www.amazon.com/dp/B00449OCLG?tag=eloabder-20&linkCode=osi&th=1&psc=1">View Product</a></div><div class="product"><a href="https://www.amazon.com/dp/B004Z209HS?tag=eloabder-20&linkCode=osi&th=1&psc=1"><img src="https://m.media-amazon.com/images/I/41iZC2aD-zL._SL500_.jpg" alt="Product Image"></a><p>PURA D'OR 4 Oz ORGANIC Moroccan Argan Oil - USDA Certified 100% Pure & Cold Pressed Virgin Premium Grade Natural Moisturizer Treatment For Dry, Damaged Skin, Hair, Face, Body & Scalp - Men & Women</p><p>$12.99 ($3.25 / Fl Oz)</p><a href="https://www.amazon.com/dp/B004Z209HS?tag=eloabder-20&linkCode=osi&th=1&psc=1">View Product</a></div><div class="product"><a href="https://www.amazon.com/dp/B06WWP6JCT?tag=eloabder-20&linkCode=osi&th=1&psc=1"><img src="https://m.media-amazon.com/images/I/61PyBZdDJGL._SL500_.jpg" alt="Product Image"></a><p>Pantene Gold Series Intense Hydrating Oil Treatment, 3.2 Fl Oz – Hair Oil Infused with Rich Argan Oil for Beautiful, Shiny Hair - Dye, Paraben and Sulfate Free Formula</p><p>$7.88 ($2.46 / Fl Oz)</p><a href="https://www.amazon.com/dp/B06WWP6JCT?tag=eloabder-20&linkCode=osi&th=1&psc=1">View Product</a></div>
<div class="product"><a href="https://www.amazon.com/dp/B073CWSQ51?tag=eloabder-20&linkCode=osi&th=1&psc=1"><img src="https://m.media-amazon.com/images/I/41lIHxirIkL._SL500_.jpg" alt="Product Image"></a><p>COLOR WOW Dream Coat Supernatural Spray, 6.7 Fl Oz – Keep Your Hair Frizz-Free and Shiny No Matter the Weather with Award-Winning Anti-Humidity Treatment</p><p>$28.00 ($4.18 / Fl Oz)</p><a href="https://www.amazon.com/dp/B073CWSQ51?tag=eloabder-20&linkCode=osi&th=1&psc=1">View Product</a></div><div class="product"><a href="https://www.amazon.com/dp/B00AIL783I?tag=eloabder-20&linkCode=osi&th=1&psc=1"><img src="https://m.media-amazon.com/images/I/31H0Iw6tmZL._SL500_.jpg" alt="Product Image"></a><p>CHI Straight Guard Smoothing Styling Cream, Eliminates Frizz For Sleek & Shiny Hair, Maximum Control, 8.5 Oz</p><p>$8.00 ($0.94 / Fl Oz)</p><a href="https://www.amazon.com/dp/B00AIL783I?tag=eloabder-20&linkCode=osi&th=1&psc=1">View Product</a></div><div class="product"><a href="https://www.amazon.com/dp/B0D1CWXQWT?tag=eloabder-20&linkCode=osi&th=1&psc=1"><img src="https://m.media-amazon.com/images/I/31fcMYGOs6L._SL500_.jpg" alt="Product Image"></a><p>JVN Styling Cream, Air Dry, 2 Fluid Ounces, Frizzy Hair, Heat Protection, Sulfate and Silicone Free, Grapefruit Scent, Light Hold for All Hair Types, Textures</p><p>$14.00 ($7.00 / Fl Oz)</p><a href="https://www.amazon.com/dp/B0D1CWXQWT?tag=eloabder-20&linkCode=osi&th=1&psc=1">View Product</a></div><div class="product"><a href="https://www.amazon.com/dp/B017UYDYUG?tag=eloabder-20&linkCode=osi&th=1&psc=1"><img src="https://m.media-amazon.com/images/I/21qFhPdMgAL._SL500_.jpg" alt="Product Image"></a><p>Moroccanoil Smoothing Lotion, 2.5 oz, Fragrance Originale</p><p>$16.00 ($6.40 / Fl Oz)</p><a href="https://www.amazon.com/dp/B017UYDYUG?tag=eloabder-20&linkCode=osi&th=1&psc=1">View Product</a></div><div class="product"><a href="https://www.amazon.com/dp/B00016X3LG?tag=eloabder-20&linkCode=osi&th=1&psc=1"><img src="https://m.media-amazon.com/images/I/31AxkJPvPBL._SL500_.jpg" alt="Product Image"></a><p>GIOVANNI More Body Hair Thickener - Volumizing Styling Gel, Hair Thickener, Plumps Hair, Seals Split Ends, Adds Shine, Paraben-Free, Color Safe, Infused with Natural Botanical Ingredients - 6.8 oz</p><p>$9.37 ($1.38 / Fl Oz)</p><a href="https://www.amazon.com/dp/B00016X3LG?tag=eloabder-20&linkCode=osi&th=1&psc=1">View Product</a></div><div class="product"><a href="https://www.amazon.com/dp/B0094KPK70?tag=eloabder-20&linkCode=osi&th=1&psc=1"><img src="https://m.media-amazon.com/images/I/31gFDiqADHL._SL500_.jpg" alt="Product Image"></a><p>Miss Jessie's Pillow Soft Curls Unisex Lotion 8.5 oz</p><p>$17.99 ($2.12 / Fl Oz)</p><a href="https://www.amazon.com/dp/B0094KPK70?tag=eloabder-20&linkCode=osi&th=1&psc=1">View Product</a></div><div class="product"><a href="https://www.amazon.com/dp/B084RXGVG3?tag=eloabder-20&linkCode=osi&th=1&psc=1"><img src="https://m.media-amazon.com/images/I/3163uXgZ6WL._SL500_.jpg" alt="Product Image"></a><p>tgin Rose Water Defining Styling Gel for Natural hair - Curls - Waves - Low porosity hair - Fine hair 13OZ</p><p>$15.99 ($1.23 / Fl Oz)</p><a href="https://www.amazon.com/dp/B084RXGVG3?tag=eloabder-20&linkCode=osi&th=1&psc=1">View Product</a></div><div class="product"><a href="https://www.amazon.com/dp/B0167HOOEC?tag=eloabder-20&linkCode=osi&th=1&psc=1"><img src="https://m.media-amazon.com/images/I/51z28ow-ggL._SL500_.jpg" alt="Product Image"></a><p>Smooth Viking Hair Clay for Men - Strong Hold, Clay Pomade, Hair Paste, Styling Clay with Matte Finish, Made in USA, 2oz</p><p>$12.99 ($6.50 / Ounce)</p><a href="https://www.amazon.com/dp/B0167HOOEC?tag=eloabder-20&linkCode=osi&th=1&psc=1">View Product</a></div><div class="product"><a href="https://www.amazon.com/dp/B000EM79OY?tag=eloabder-20&linkCode=osi&th=1&psc=1"><img src="https://m.media-amazon.com/images/I/31+r0L+wcnL._SL500_.jpg" alt="Product Image"></a><p>CHI Infra Gel, Firm Hair Gel To Protect From Heat Styling, Provides Shine & Control to Hair, Sulfate & Paraben-Free, 8 Oz</p><p>$8.47 ($1.06 / Fl Oz)</p><a href="https://www.amazon.com/dp/B000EM79OY?tag=eloabder-20&linkCode=osi&th=1&psc=1">View Product</a></div><div class="product"><a href="https://www.amazon.com/dp/B001ET78CO?tag=eloabder-20&linkCode=osi&th=1&psc=1"><img src="https://m.media-amazon.com/images/I/41wwrnGzlVL._SL500_.jpg" alt="Product Image"></a><p>GIOVANNI L.A. Hold Styling Gel - Strong Hold, Hair Gel for Women and Men, Vegan, No Parabens or Phthalates, Infused with Natural Botanical Ingredients, Lightweight Hair Styling Gel - 6.8 oz (3 Pack)</p><p>$24.55 ($1.20 / Fl Oz)</p><a href="https://www.amazon.com/dp/B001ET78CO?tag=eloabder-20&linkCode=osi&th=1&psc=1">View Product</a></div>
<div class="product"><a href="https://www.amazon.com/dp/B004INIW1Y?tag=eloabder-20&linkCode=osi&th=1&psc=1"><img src="https://m.media-amazon.com/images/I/51QXVxOgEkL._SL500_.jpg" alt="Product Image"></a><p>L'Oreal Paris Excellence Creme Permanent Hair Color, 4 Dark Brown, 100 percent Gray Coverage Hair Dye, Pack of 1</p><p>$8.18</p><a href="https://www.amazon.com/dp/B004INIW1Y?tag=eloabder-20&linkCode=osi&th=1&psc=1">View Product</a></div><div class="product"><a href="https://www.amazon.com/dp/B00TUL0GSQ?tag=eloabder-20&linkCode=osi&th=1&psc=1"><img src="https://m.media-amazon.com/images/I/51Z6T-J+UbL._SL500_.jpg" alt="Product Image"></a><p>Schwarzkopf Keratin Color Permanent Hair Color, 4.0 Cappuccino, 1 Application - Professionally Inspired Permanent Hair Dye, for up to 80% Less Breakage vs Untreated Hair and up to 100% Gray Coverage</p><p>$11.89</p><a href="https://www.amazon.com/dp/B00TUL0GSQ?tag=eloabder-20&linkCode=osi&th=1&psc=1">View Product</a></div><div class="product"><a href="https://www.amazon.com/dp/B000KOHSQA?tag=eloabder-20&linkCode=osi&th=1&psc=1"><img src="https://m.media-amazon.com/images/I/51voB2QwdLL._SL500_.jpg" alt="Product Image"></a><p>L'Oreal Paris Couleur Experte 2-Step Home Hair Color and Highlights Kit, French Éclair</p><p>$14.23</p><a href="https://www.amazon.com/dp/B000KOHSQA?tag=eloabder-20&linkCode=osi&th=1&psc=1">View Product</a></div><div class="product"><a href="https://www.amazon.com/dp/B004GZQO8M?tag=eloabder-20&linkCode=osi&th=1&psc=1"><img src="https://m.media-amazon.com/images/I/41gBBUpXqjL._SL500_.jpg" alt="Product Image"></a><p>L'Oreal Paris Excellence Creme Permanent Triple Care Hair Color, 02 Extra Light Natural Blonde, Gray Coverage For Up to 8 Weeks, All Hair Types, Pack of 1</p><p>$10.97</p><a href="https://www.amazon.com/dp/B004GZQO8M?tag=eloabder-20&linkCode=osi&th=1&psc=1">View Product</a></div><div class="product"><a href="https://www.amazon.com/dp/B00006JN4F?tag=eloabder-20&linkCode=osi&th=1&psc=1"><img src="https://m.media-amazon.com/images/I/41jW9Cg-xeL._SL500_.jpg" alt="Product Image"></a><p>L'Oréal Paris Superior Preference Fade-Defying + Shine Permanent Hair Color, LB01 Extra Light Ash Blonde, Hair Dye Kit (Pack of 1)</p><p>$11.97</p><a href="https://www.amazon.com/dp/B00006JN4F?tag=eloabder-20&linkCode=osi&th=1&psc=1">View Product</a></div><div class="product"><a href="https://www.amazon.com/dp/B006ZR8VWG?tag=eloabder-20&linkCode=osi&th=1&psc=1"><img src="https://m.media-amazon.com/images/I/41dNB-WvCHL._SL500_.jpg" alt="Product Image"></a><p>Just For Men Easy Comb-In Color Mens Hair Dye, Easy No Mix Application with Comb Applicator - Real Black, A-55, Pack of 1</p><p>$9.97</p><a href="https://www.amazon.com/dp/B006ZR8VWG?tag=eloabder-20&linkCode=osi&th=1&psc=1">View Product</a></div><div class="product"><a href="https://www.amazon.com/dp/B00TUM9J1U?tag=eloabder-20&linkCode=osi&th=1&psc=1"><img src="https://m.media-amazon.com/images/I/51E1RMofd3L._SL500_.jpg" alt="Product Image"></a><p>Schwarzkopf Keratin Color Permanent Hair Color Cream, 7.5 Caramel Blonde (Packaging May Vary)</p><p>$11.89</p><a href="https://www.amazon.com/dp/B00TUM9J1U?tag=eloabder-20&linkCode=osi&th=1&psc=1">View Product</a></div><div class="product"><a href="https://www.amazon.com/dp/B000KOU7FE?tag=eloabder-20&linkCode=osi&th=1&psc=1"><img src="https://m.media-amazon.com/images/I/51BV0dgoMnL._SL500_.jpg" alt="Product Image"></a><p>L'Oreal Paris Feria Multi-Faceted Shimmering Permanent Hair Color, B61 Downtown Brown (Hi-Lift Cool Brown), Pack of 1, Hair Dye</p><p>$11.97</p><a href="https://www.amazon.com/dp/B000KOU7FE?tag=eloabder-20&linkCode=osi&th=1&psc=1">View Product</a></div><div class="product"><a href="https://www.amazon.com/dp/B0073SBONO?tag=eloabder-20&linkCode=osi&th=1&psc=1"><img src="https://m.media-amazon.com/images/I/41oU31KsEDL._SL500_.jpg" alt="Product Image"></a><p>John Frieda Precision Foam Colour, Blue Black 2A</p><p>$11.92</p><a href="https://www.amazon.com/dp/B0073SBONO?tag=eloabder-20&linkCode=osi&th=1&psc=1">View Product</a></div><div class="product"><a href="https://www.amazon.com/dp/B003AYEGG2?tag=eloabder-20&linkCode=osi&th=1&psc=1"><img src="https://m.media-amazon.com/images/I/510O5FPLsoL._SL500_.jpg" alt="Product Image"></a><p>Clairol Root Touch-Up by Nice'n Easy Permanent Hair Dye, 5 Medium Brown Hair Color, Pack of 2</p><p>$20.43 ($9.29 / Fl Oz)</p><a href="https://www.amazon.com/dp/B003AYEGG2?tag=eloabder-20&linkCode=osi&th=1&psc=1">View Product</a></div>
<div class="product"><a href="https://www.amazon.com/dp/B08H6V3Q5Y?tag=eloabder-20&linkCode=osi&th=1&psc=1"><img src="https://m.media-amazon.com/images/I/41NgYqBP9PL._SL500_.jpg" alt="Product Image"></a><p>Kitsch Elastic Hair Ties for Women - Thick Hair Ties No Damage, Soft Rubber Bands for Hair, Hair Bands for Women's Hair & Ponytail Holders, Hair Elastics, Small Hair Ties for Thick Hair (20pcs, Blush)</p><p>$7.93 ($0.40 / Count)</p><a href="https://www.amazon.com/dp/B08H6V3Q5Y?tag=eloabder-20&linkCode=osi&th=1&psc=1">View Product</a></div><div class="product"><a href="https://www.amazon.com/dp/B07FP3686J?tag=eloabder-20&linkCode=osi&th=1&psc=1"><img src="https://m.media-amazon.com/images/I/51KOSA5dFEL._SL500_.jpg" alt="Product Image"></a><p>Kitsch Spiral Hair Ties for Women - No Crease Hair Coils for Thick and Thin Hair | No Damage Phone Cord Hair Ties, 8pcs (Brunette)</p><p>$7.99 ($1.00 / Count)</p><a href="https://www.amazon.com/dp/B07FP3686J?tag=eloabder-20&linkCode=osi&th=1&psc=1">View Product</a></div><div class="product"><a href="https://www.amazon.com/dp/B0769N355B?tag=eloabder-20&linkCode=osi&th=1&psc=1"><img src="https://m.media-amazon.com/images/I/41fwNvdy+GL._SL500_.jpg" alt="Product Image"></a><p>Kitsch Metal Hair Clip - Large Claw Clips for Thick Hair, Hematite, Cute Women's Hair Accessory, Hair Clips for Long Hair, 1 Count</p><p>$7.99 ($7.99 / Count)</p><a href="https://www.amazon.com/dp/B0769N355B?tag=eloabder-20&linkCode=osi&th=1&psc=1">View Product</a></div><div class="product"><a href="https://www.amazon.com/dp/B005CSYTCU?tag=eloabder-20&linkCode=osi&th=1&psc=1"><img src="https://m.media-amazon.com/images/I/41og7wvl2GL._SL500_.jpg" alt="Product Image"></a><p>GOODY Ouchless Womens Polyband Elastic Hair Tie - 250 Count, Clear - Fine Hair Accessories to Style With Ease and Keep Your Hair Secured - Perfect for Fun and Unique Hairstyles - Pain-Free</p><p>$4.54 ($0.02 / Count)</p><a href="https://www.amazon.com/dp/B005CSYTCU?tag=eloabder-20&linkCode=osi&th=1&psc=1">View Product</a></div><div class="product"><a href="https://www.amazon.com/dp/B009MGKQ0W?tag=eloabder-20&linkCode=osi&th=1&psc=1"><img src="https://m.media-amazon.com/images/I/41pGPMVGZ4L._SL500_.jpg" alt="Product Image"></a><p>GOODY Ouchless Elastic Hair Tie - 50 Count, Neutral Colors - 2MM for Fine to Medium Hair - Pain-Free Hair Accessories for Men, Women, Boys, and Girls - for Long Lasting Braids, Ponytails</p><p>$3.79 ($0.08 / Count)</p><a href="https://www.amazon.com/dp/B009MGKQ0W?tag=eloabder-20&linkCode=osi&th=1&psc=1">View Product</a></div><div class="product"><a href="https://www.amazon.com/dp/B00DIWQDWQ?tag=eloabder-20&linkCode=osi&th=1&psc=1"><img src="https://m.media-amazon.com/images/I/41YEJFomuGL._SL500_.jpg" alt="Product Image"></a><p>Goody Ouchless Comfort Headwraps - 3 Count(Pack of 1), Assorted Made from Fabric that is Soft and Strong for a Comfortable Fit All Hair Types Pain-Free Accessories Women Girls</p><p>$2.98 ($0.99 / Count)</p><a href="https://www.amazon.com/dp/B00DIWQDWQ?tag=eloabder-20&linkCode=osi&th=1&psc=1">View Product</a></div><div class="product"><a href="https://www.amazon.com/dp/B00DKX1A76?tag=eloabder-20&linkCode=osi&th=1&psc=1"><img src="https://m.media-amazon.com/images/I/41VnGCRHhUL._SL500_.jpg" alt="Product Image"></a><p>Goody Hair Barrettes Clips - 8 Count, Assorted Colors - Slideproof and Lock-In Place - Suitable for All Hair Types - Pain-Free Hair Accessories for Men, Women, Boys, and Girls - All Day Comfort</p><p>$4.99 ($0.62 / Count)</p><a href="https://www.amazon.com/dp/B00DKX1A76?tag=eloabder-20&linkCode=osi&th=1&psc=1">View Product</a></div><div class="product"><a href="https://www.amazon.com/dp/B001T8S7SO?tag=eloabder-20&linkCode=osi&th=1&psc=1"><img src="https://m.media-amazon.com/images/I/419yf3bwW5L._SL500_.jpg" alt="Product Image"></a><p>Goody Ouchless Hair Bobby Pins - 50 Count, Metallic Blonde - Slideproof and Lock In Place - Suitable for All Hair Types - Pain-Free Hair Accessories for Women and Girls - All Day Comfort</p><p>$4.79 ($0.10 / Count)</p><a href="https://www.amazon.com/dp/B001T8S7SO?tag=eloabder-20&linkCode=osi&th=1&psc=1">View Product</a></div>
<div class="product"><a href="https://www.amazon.com/dp/B0BK2SC18T?tag=eloabder-20&linkCode=osi&th=1&psc=1"><img src="https://m.media-amazon.com/images/I/51Nxx4BICdL._SL500_.jpg" alt="Product Image"></a><p>GuruNanda Teeth Whitening Strips, 7 Day Treatments, Enamel-Safe Teeth Whitening for Sensitive Teeth, Non-Slip, Dry Strip Technology</p><p>$9.97 ($0.71 / Count)</p><a href="https://www.amazon.com/dp/B0BK2SC18T?tag=eloabder-20&linkCode=osi&th=1&psc=1">View Product</a></div><div class="product"><a href="https://www.amazon.com/dp/B000QXH4PK?tag=eloabder-20&linkCode=osi&th=1&psc=1"><img src="https://m.media-amazon.com/images/I/41SXL+-YzcL._SL500_.jpg" alt="Product Image"></a><p>Listerine Cool Mint Pocketpaks Breath Strips Kills Bad Breath Germs, 24-Strip Pack, 3 Pack</p><p>$5.72 ($0.08 / Count)</p><a href="https://www.amazon.com/dp/B000QXH4PK?tag=eloabder-20&linkCode=osi&th=1&psc=1">View Product</a></div><div class="product"><a href="https://www.amazon.com/dp/B00CC6XSRC?tag=eloabder-20&linkCode=osi&th=1&psc=1"><img src="https://m.media-amazon.com/images/I/41OKKVbMN-L._SL500_.jpg" alt="Product Image"></a><p>Colgate Extra Clean Toothbrush, Medium Bulk Toothbrush Pack, Adult Medium Bristle Toothbrushes with Ergonomic Handle and Circular Cleaning Bristles, Helps Remove Surface Stains, 6 Pack</p><p>$4.96 ($0.83 / Count)</p><a href="https://www.amazon.com/dp/B00CC6XSRC?tag=eloabder-20&linkCode=osi&th=1&psc=1">View Product</a></div><div class="product"><a href="https://www.amazon.com/dp/B091MBD3Q3?tag=eloabder-20&linkCode=osi&th=1&psc=1"><img src="https://m.media-amazon.com/images/I/51y96dNQUfL._SL500_.jpg" alt="Product Image"></a><p>GuruNanda Stainless Steel Tongue Scraper (Pack of 2), Fight Bad Breath, Medical Grade 100% Stainless Steel Tongue Cleaner, Tongue Scraper For Adults and Kids, Great For Oral Care, Travel Friendly</p><p>$4.97 ($2.48 / Count)</p><a href="https://www.amazon.com/dp/B091MBD3Q3?tag=eloabder-20&linkCode=osi&th=1&psc=1">View Product</a></div><div class="product"><a href="https://www.amazon.com/dp/B0758F8KDC?tag=eloabder-20&linkCode=osi&th=1&psc=1"><img src="https://m.media-amazon.com/images/I/51JvxvVlcIL._SL500_.jpg" alt="Product Image"></a><p>TheraBreath Healthy Gums Mouthwash Clean Mint, Antigingivitis, Dentist Formulated, 16 Fl Oz (2-Pack)</p><p>$17.64 ($0.55 / Fl Oz)</p><a href="https://www.amazon.com/dp/B0758F8KDC?tag=eloabder-20&linkCode=osi&th=1&psc=1">View Product</a></div><div class="product"><a href="https://www.amazon.com/dp/B0B2P9YMFG?tag=eloabder-20&linkCode=osi&th=1&psc=1"><img src="https://m.media-amazon.com/images/I/41pSS7wzBYL._SL500_.jpg" alt="Product Image"></a><p>Teeth Whitening Kit Gel Pen Strips - Ollm Specially Formulated for Sensitive Teeth, Gum, Braces Care 32X LED Light Tooth Whitener, Professional Oral Beauty Products Dental Tools 2 Mouth Trays</p><p>$29.99 ($29.99 / Fl Oz)</p><a href="https://www.amazon.com/dp/B0B2P9YMFG?tag=eloabder-20&linkCode=osi&th=1&psc=1">View Product</a></div><div class="product"><a href="https://www.amazon.com/dp/B0BVFXGMLW?tag=eloabder-20&linkCode=osi&th=1&psc=1"><img src="https://m.media-amazon.com/images/I/51yKUfC6wPL._SL500_.jpg" alt="Product Image"></a><p>GuruNanda Coconut Oil Pulling (Mickey D), Fresh Breath & Whitening Mouthwash, 7 Essential Oils & Vitamins for Healthy Teeth & Gums, Alcohol-Free, 8 oz</p><p>$14.99 ($1.87 / Fl Oz)</p><a href="https://www.amazon.com/dp/B0BVFXGMLW?tag=eloabder-20&linkCode=osi&th=1&psc=1">View Product</a></div>
<div class="product"><a href="https://www.amazon.com/dp/B09F8FZ18G?tag=eloabder-20&linkCode=osi&th=1&psc=1"><img src="https://m.media-amazon.com/images/I/51WkgqQXqCL._SL500_.jpg" alt="Product Image"></a><p>Crest 3D White Advanced Luminous Mint Teeth Whitening Toothpaste, 3.7 oz Pack of 4 - Helps Remove Surface Stains, Whitens Teeth, Strengthens Tooth Enamel, Protects Against Cavities</p><p>$14.99 ($1.01 / Ounce)</p><a href="https://www.amazon.com/dp/B09F8FZ18G?tag=eloabder-20&linkCode=osi&th=1&psc=1">View Product</a></div><div class="product"><a href="https://www.amazon.com/dp/B005PLQIQ4?tag=eloabder-20&linkCode=osi&th=1&psc=1"><img src="https://m.media-amazon.com/images/I/51DOyE1fx2L._SL500_.jpg" alt="Product Image"></a><p>Crest + Scope Complete Whitening Toothpaste - Pack of 3, 5.4 Oz Tubes - Anticavity Fluoride Toothpaste - Fresh Breath, Kills Germs - Tartar Protection, Enamel Protection - Minty Fresh Flavor</p><p>$9.00 ($0.56 / Ounce)</p><a href="https://www.amazon.com/dp/B005PLQIQ4?tag=eloabder-20&linkCode=osi&th=1&psc=1">View Product</a></div><div class="product"><a href="https://www.amazon.com/dp/B01BNHREXE?tag=eloabder-20&linkCode=osi&th=1&psc=1"><img src="https://m.media-amazon.com/images/I/41J8piWJzLL._SL500_.jpg" alt="Product Image"></a><p>Colgate Baking Soda & Peroxide Toothpaste - Whitens Teeth, Fights Cavities & Removes Stains, Brisk Mint, 6 Ounce (Pack of 2)</p><p>$3.78 ($0.32 / Ounce)</p><a href="https://www.amazon.com/dp/B01BNHREXE?tag=eloabder-20&linkCode=osi&th=1&psc=1">View Product</a></div><div class="product"><a href="https://www.amazon.com/dp/B0BLX8VSCH?tag=eloabder-20&linkCode=osi&th=1&psc=1"><img src="https://m.media-amazon.com/images/I/61dvpbGDJjL._SL500_.jpg" alt="Product Image"></a><p>Colgate Max Fresh Whitening Toothpaste with Mini Strips, Clean Mint Toothpaste for Bad Breath, Helps Fight Cavities, Whitens Teeth, and Freshens Breath, 6.3 Ounce (Pack of 4)</p><p>$10.65 ($0.42 / Ounce)</p><a href="https://www.amazon.com/dp/B0BLX8VSCH?tag=eloabder-20&linkCode=osi&th=1&psc=1">View Product</a></div><div class="product"><a href="https://www.amazon.com/dp/B082F1QH7S?tag=eloabder-20&linkCode=osi&th=1&psc=1"><img src="https://m.media-amazon.com/images/I/41QujaAN0gL._SL500_.jpg" alt="Product Image"></a><p>Colgate Optic White Advanced Hydrogen Peroxide Toothpaste, Teeth Whitening Toothpaste Pack, Enamel-Safe Formula, Helps Remove Tea, Coffee, and Wine Stains, Sparkling White, 3 Pack, 3.2 oz</p><p>$12.96 ($1.35 / Ounce)</p><a href="https://www.amazon.com/dp/B082F1QH7S?tag=eloabder-20&linkCode=osi&th=1&psc=1">View Product</a></div><div class="product"><a href="https://www.amazon.com/dp/B0BLJ68F9R?tag=eloabder-20&linkCode=osi&th=1&psc=1"><img src="https://m.media-amazon.com/images/I/51ccJX66fBL._SL500_.jpg" alt="Product Image"></a><p>Crest Pro-Health Clean Mint Toothpaste (4.3oz) Triple Pack</p><p>$8.97 ($0.70 / Ounce)</p><a href="https://www.amazon.com/dp/B0BLJ68F9R?tag=eloabder-20&linkCode=osi&th=1&psc=1">View Product</a></div><div class="product"><a href="https://www.amazon.com/dp/B08S8QNW2K?tag=eloabder-20&linkCode=osi&th=1&psc=1"><img src="https://m.media-amazon.com/images/I/51uFURqklfL._SL500_.jpg" alt="Product Image"></a><p>Crest Complete Active Fresh + Whitening Toothpaste, 5.5oz (Pack of 4)</p><p>$10.99 ($0.50 / Ounce)</p><a href="https://www.amazon.com/dp/B08S8QNW2K?tag=eloabder-20&linkCode=osi&th=1&psc=1">View Product</a></div><div class="product"><a href="https://www.amazon.com/dp/B0BTTCFLZ8?tag=eloabder-20&linkCode=osi&th=1&psc=1"><img src="https://m.media-amazon.com/images/I/51NJ5NPUFaL._SL500_.jpg" alt="Product Image"></a><p>Sensodyne Pronamel Gentle Teeth Whitening Enamel Toothpaste for Sensitive Teeth, to Reharden and Strengthen Enamel, Amazon Exclusive, Fresh Mint - 4 Ounces (Pack of 3)</p><p>$17.47 ($1.46 / Ounce)</p><a href="https://www.amazon.com/dp/B0BTTCFLZ8?tag=eloabder-20&linkCode=osi&th=1&psc=1">View Product</a></div><div class="product"><a href="https://www.amazon.com/dp/B0BLWLL3FV?tag=eloabder-20&linkCode=osi&th=1&psc=1"><img src="https://m.media-amazon.com/images/I/51jArmJ-0-L._SL500_.jpg" alt="Product Image"></a><p>Colgate Total Whitening Toothpaste with Fluoride, 10 Benefits Including Sensitivity Relief and Stain Removal, Mint, 5.1 ounces (4 Pack)</p><p>$15.84 ($0.78 / Ounce)</p><a href="https://www.amazon.com/dp/B0BLWLL3FV?tag=eloabder-20&linkCode=osi&th=1&psc=1">View Product</a></div>
<div class="product"><a href="https://www.amazon.com/dp/B00CC6XSRC?tag=eloabder-20&linkCode=osi&th=1&psc=1"><img src="https://m.media-amazon.com/images/I/41OKKVbMN-L._SL500_.jpg" alt="Product Image"></a><p>Colgate Extra Clean Toothbrush, Medium Bulk Toothbrush Pack, Adult Medium Bristle Toothbrushes with Ergonomic Handle and Circular Cleaning Bristles, Helps Remove Surface Stains, 6 Pack</p><p>$4.96 ($0.83 / Count)</p><a href="https://www.amazon.com/dp/B00CC6XSRC?tag=eloabder-20&linkCode=osi&th=1&psc=1">View Product</a></div><div class="product"><a href="https://www.amazon.com/dp/B06XK2M3H3?tag=eloabder-20&linkCode=osi&th=1&psc=1"><img src="https://m.media-amazon.com/images/I/41tntn0c7BL._SL500_.jpg" alt="Product Image"></a><p>Oral-B Vivid Dual Action Whitening Toothbrushes, Soft, 4 Count (Packaging and Product Color May Vary)</p><p>$7.99 ($2.00 / Count)</p><a href="https://www.amazon.com/dp/B06XK2M3H3?tag=eloabder-20&linkCode=osi&th=1&psc=1">View Product</a></div><div class="product"><a href="https://www.amazon.com/dp/B01KZ6V00W?tag=eloabder-20&linkCode=osi&th=1&psc=1"><img src="https://m.media-amazon.com/images/I/51+dIaobkXL._SL500_.jpg" alt="Product Image"></a><p>Oral-B CrossAction All in One Soft Toothbrushes, Deep Plaque Removal, Rounded Bristles Gentle on Teeth, Tongue and Cheek Cleaner, Gum Stimulators, 6 Count</p><p>$17.99 ($3.00 / Count)</p><a href="https://www.amazon.com/dp/B01KZ6V00W?tag=eloabder-20&linkCode=osi&th=1&psc=1">View Product</a></div><div class="product"><a href="https://www.amazon.com/dp/B08QWYMMYL?tag=eloabder-20&linkCode=osi&th=1&psc=1"><img src="https://m.media-amazon.com/images/I/41WAFKNB0iL._SL500_.jpg" alt="Product Image"></a><p>Amazon Basics Clean Plus Toothbrushes, Soft, Full, 10 Count, Assorted Colors (Previously Solimo)</p><p>$5.28 ($0.53 / Count)</p><a href="https://www.amazon.com/dp/B08QWYMMYL?tag=eloabder-20&linkCode=osi&th=1&psc=1">View Product</a></div><div class="product"><a href="https://www.amazon.com/dp/B08JQCZ71B?tag=eloabder-20&linkCode=osi&th=1&psc=1"><img src="https://m.media-amazon.com/images/I/41Zvcj-EvDL._SL500_.jpg" alt="Product Image"></a><p>Reach Essentials Toothbrush with Toothbrush Caps, Multi-Zoned Angled Soft Bristles, Contoured Handle, Tongue Scraper, 6 Count</p><p>$3.98 ($0.66 / Count)</p><a href="https://www.amazon.com/dp/B08JQCZ71B?tag=eloabder-20&linkCode=osi&th=1&psc=1">View Product</a></div><div class="product"><a href="https://www.amazon.com/dp/B09HSS29YD?tag=eloabder-20&linkCode=osi&th=1&psc=1"><img src="https://m.media-amazon.com/images/I/41nh2h+aUpL._SL500_.jpg" alt="Product Image"></a><p>Reach Essentials Toothbrush with Toothbrush Covers, Multi-Angled Medium Bristles, Contoured Handle, Tongue Scraper, 6 Count</p><p>$2.84 ($0.47 / Count)</p><a href="https://www.amazon.com/dp/B09HSS29YD?tag=eloabder-20&linkCode=osi&th=1&psc=1">View Product</a></div><div class="product"><a href="https://www.amazon.com/dp/B073HC7WHW?tag=eloabder-20&linkCode=osi&th=1&psc=1"><img src="https://m.media-amazon.com/images/I/417TOxynbBL._SL500_.jpg" alt="Product Image"></a><p>Oral B Cavity Defense 123 Black Toothbrush � Medium (Pack of 4)</p><p>$5.69 ($1.42 / Count)</p><a href="https://www.amazon.com/dp/B073HC7WHW?tag=eloabder-20&linkCode=osi&th=1&psc=1">View Product</a></div><div class="product"><a href="https://www.amazon.com/dp/B07S9GV83R?tag=eloabder-20&linkCode=osi&th=1&psc=1"><img src="https://m.media-amazon.com/images/I/41ziiRLsaEL._SL500_.jpg" alt="Product Image"></a><p>Colgate 360 Optic White Advanced Whitening Toothbrush, Adult Medium Toothbrush with Whitening Cups, Helps Whiten Teeth and Removes Odor Causing Bacteria, 2 Pack</p><p>$7.96 ($3.98 / Count)</p><a href="https://www.amazon.com/dp/B07S9GV83R?tag=eloabder-20&linkCode=osi&th=1&psc=1">View Product</a></div>
<div class="product"><a href="https://www.amazon.com/dp/B00IRKRK9O?tag=eloabder-20&linkCode=osi&th=1&psc=1"><img src="https://m.media-amazon.com/images/I/51oNh1DLVjL._SL500_.jpg" alt="Product Image"></a><p>TheraBreath Fresh Breath Mouthwash, Icy Mint Flavor, Alcohol-Free, 16 Fl Oz (Pack of 2)</p><p>$15.34 ($0.48 / Fl Oz)</p><a href="https://www.amazon.com/dp/B00IRKRK9O?tag=eloabder-20&linkCode=osi&th=1&psc=1">View Product</a></div><div class="product"><a href="https://www.amazon.com/dp/B0B5Y7KCS8?tag=eloabder-20&linkCode=osi&th=1&psc=1"><img src="https://m.media-amazon.com/images/I/51Dmtgp-2ZL._SL500_.jpg" alt="Product Image"></a><p>Listerine Total Care Anticavity Fluoride Mouthwash, Kills 99.9% of Germs That Cause Bad Breath and Prevents Cavities, Fresh Mint Flavor, 1L (Pack of 2)</p><p>$15.96 ($0.24 / Fl Oz)</p><a href="https://www.amazon.com/dp/B0B5Y7KCS8?tag=eloabder-20&linkCode=osi&th=1&psc=1">View Product</a></div><div class="product"><a href="https://www.amazon.com/dp/B0758F8KDC?tag=eloabder-20&linkCode=osi&th=1&psc=1"><img src="https://m.media-amazon.com/images/I/51JvxvVlcIL._SL500_.jpg" alt="Product Image"></a><p>TheraBreath Healthy Gums Mouthwash Clean Mint, Antigingivitis, Dentist Formulated, 16 Fl Oz (2-Pack)</p><p>$17.64 ($0.55 / Fl Oz)</p><a href="https://www.amazon.com/dp/B0758F8KDC?tag=eloabder-20&linkCode=osi&th=1&psc=1">View Product</a></div><div class="product"><a href="https://www.amazon.com/dp/B003CP12O8?tag=eloabder-20&linkCode=osi&th=1&psc=1"><img src="https://m.media-amazon.com/images/I/41q24Q+sXGL._SL500_.jpg" alt="Product Image"></a><p>Crest Pro Health Multi-Protection Mouthwash with CPC (Cetylpyridinium Chloride), Clean Mint, 1L (33.8 fl oz)</p><p>$4.97 ($0.05 / Fl Oz)</p><a href="https://www.amazon.com/dp/B003CP12O8?tag=eloabder-20&linkCode=osi&th=1&psc=1">View Product</a></div><div class="product"><a href="https://www.amazon.com/dp/B0126XBQK6?tag=eloabder-20&linkCode=osi&th=1&psc=1"><img src="https://m.media-amazon.com/images/I/41nVZBcG4uL._SL500_.jpg" alt="Product Image"></a><p>Crest Pro-Health Advanced Mouthwash, Alcohol Free, Extra Whitening, Energizing Mint Flavor, 946 mL (32 fl oz)</p><p>$7.32 ($0.23 / Fl Oz)</p><a href="https://www.amazon.com/dp/B0126XBQK6?tag=eloabder-20&linkCode=osi&th=1&psc=1">View Product</a></div><div class="product"><a href="https://www.amazon.com/dp/B0C881GLNM?tag=eloabder-20&linkCode=osi&th=1&psc=1"><img src="https://m.media-amazon.com/images/I/51C2ohy2RWL._SL500_.jpg" alt="Product Image"></a><p>Crest Pro-Health Advanced Mouthwash, Alcohol Free, Multi-Protection, Fresh Mint, 1 L (33.8 fl oz), Pack of 2</p><p>$10.97 ($0.16 / Fl Oz)</p><a href="https://www.amazon.com/dp/B0C881GLNM?tag=eloabder-20&linkCode=osi&th=1&psc=1">View Product</a></div><div class="product"><a href="https://www.amazon.com/dp/B001ET76AI?tag=eloabder-20&linkCode=osi&th=1&psc=1"><img src="https://m.media-amazon.com/images/I/516FU3AGpJL._SL500_.jpg" alt="Product Image"></a><p>TheraBreath Fresh Breath Mouthwash, Mild Mint Flavor, Alcohol-Free, 16 Fl Oz (2-Pack)</p><p>$15.34 ($0.48 / Fl Oz)</p><a href="https://www.amazon.com/dp/B001ET76AI?tag=eloabder-20&linkCode=osi&th=1&psc=1">View Product</a></div><div class="product"><a href="https://www.amazon.com/dp/B08MFWB9DY?tag=eloabder-20&linkCode=osi&th=1&psc=1"><img src="https://m.media-amazon.com/images/I/41EFMnoVtWL._SL500_.jpg" alt="Product Image"></a><p>Listerine Cool Mint Mouthwash, Kills 99.9% of Germs That Cause Bad Breath, Plaque and Gingivitis, Antiseptic, Cool Mint Flavor, 1 L (Pack of 2)</p><p>$21.98 ($0.33 / Count)</p><a href="https://www.amazon.com/dp/B08MFWB9DY?tag=eloabder-20&linkCode=osi&th=1&psc=1">View Product</a></div><div class="product"><a href="https://www.amazon.com/dp/B0B5Y2G4HH?tag=eloabder-20&linkCode=osi&th=1&psc=1"><img src="https://m.media-amazon.com/images/I/41KhoumiQGL._SL500_.jpg" alt="Product Image"></a><p>Listerine Freshburst Antiseptic Mouthwash for Bad Breath, Kills 99% of Germs That Cause Bad Breath & Fight Plaque & Gingivitis, ADA Accepted Mouthwash, Spearmint, 1 L, Pack of 2</p><p>$13.96 ($0.21 / Fl Oz)</p><a href="https://www.amazon.com/dp/B0B5Y2G4HH?tag=eloabder-20&linkCode=osi&th=1&psc=1">View Product</a></div><div class="product"><a href="https://www.amazon.com/dp/B09HH94MYJ?tag=eloabder-20&linkCode=osi&th=1&psc=1"><img src="https://m.media-amazon.com/images/I/31TPuTUW1BL._SL500_.jpg" alt="Product Image"></a><p>Amazon Basics Antiseptic Mouthwash, Blue Mint, 1.5 Liters, 50.7 Fluid Ounces, 1-Pack (Previously Solimo)</p><p>$6.09 ($0.12 / Fl Oz)</p><a href="https://www.amazon.com/dp/B09HH94MYJ?tag=eloabder-20&linkCode=osi&th=1&psc=1">View Product</a></div>
<div class="product"><a href="https://www.amazon.com/dp/B07FLBBWJR?tag=eloabder-20&linkCode=osi&th=1&psc=1"><img src="https://m.media-amazon.com/images/I/41MVNonSzDL._SL500_.jpg" alt="Product Image"></a><p>Oral-B Glide Pro-Health Comfort Plus Dental Floss, Mint</p><p>$9.97 ($0.03 / Foot)</p><a href="https://www.amazon.com/dp/B07FLBBWJR?tag=eloabder-20&linkCode=osi&th=1&psc=1">View Product</a></div><div class="product"><a href="https://www.amazon.com/dp/B01KZOTTSO?tag=eloabder-20&linkCode=osi&th=1&psc=1"><img src="https://m.media-amazon.com/images/I/51aVEQyKhgL._SL500_.jpg" alt="Product Image"></a><p>GLIDE Oral-B Pro-Health Mint Deep Clean Floss 6 Count</p><p>$18.99 ($3.16 / Count)</p><a href="https://www.amazon.com/dp/B01KZOTTSO?tag=eloabder-20&linkCode=osi&th=1&psc=1">View Product</a></div><div class="product"><a href="https://www.amazon.com/dp/B013OKRGWW?tag=eloabder-20&linkCode=osi&th=1&psc=1"><img src="https://m.media-amazon.com/images/I/31JQij0qrGL._SL500_.jpg" alt="Product Image"></a><p>Reach 55 YD Floss | Mint Flavored | 1 Pack</p><p>$1.29 ($0.01 / Foot)</p><a href="https://www.amazon.com/dp/B013OKRGWW?tag=eloabder-20&linkCode=osi&th=1&psc=1">View Product</a></div><div class="product"><a href="https://www.amazon.com/dp/B01NBRH9TF?tag=eloabder-20&linkCode=osi&th=1&psc=1"><img src="https://m.media-amazon.com/images/I/410RzkFz3oL._SL500_.jpg" alt="Product Image"></a><p>Oral-B Glide Pro-Health Dental Floss, Deep Clean Cool Mint Flavor, 40 M, 3 Count</p><p>$9.97 ($0.03 / Foot)</p><a href="https://www.amazon.com/dp/B01NBRH9TF?tag=eloabder-20&linkCode=osi&th=1&psc=1">View Product</a></div><div class="product"><a href="https://www.amazon.com/dp/B074F5NNCP?tag=eloabder-20&linkCode=osi&th=1&psc=1"><img src="https://m.media-amazon.com/images/I/41+YagIzDwS._SL500_.jpg" alt="Product Image"></a><p>Oral-B EssentialFloss Cavity Defense Dental Floss, 50 M, 2 Pack</p><p>$4.51</p><a href="https://www.amazon.com/dp/B074F5NNCP?tag=eloabder-20&linkCode=osi&th=1&psc=1">View Product</a></div><div class="product"><a href="https://www.amazon.com/dp/B00FZNMHZS?tag=eloabder-20&linkCode=osi&th=1&psc=1"><img src="https://m.media-amazon.com/images/I/31whYdSykoL._SL500_.jpg" alt="Product Image"></a><p>Johnson & Johnson Reach Mint Waxed Dental Floss, 5 Count</p><p>$9.99 ($0.01 / Foot)</p><a href="https://www.amazon.com/dp/B00FZNMHZS?tag=eloabder-20&linkCode=osi&th=1&psc=1">View Product</a></div><div class="product"><a href="https://www.amazon.com/dp/B003K01BMI?tag=eloabder-20&linkCode=osi&th=1&psc=1"><img src="https://m.media-amazon.com/images/I/41r6iQVxOzL._SL500_.jpg" alt="Product Image"></a><p>DenTek Triple Clean Advanced Clean Floss Picks, No Break & No Shred Floss, 150 Count, (Packaging May Vary)</p><p>$3.69 ($0.02 / Count)</p><a href="https://www.amazon.com/dp/B003K01BMI?tag=eloabder-20&linkCode=osi&th=1&psc=1">View Product</a></div><div class="product"><a href="https://www.amazon.com/dp/B00UB7BO16?tag=eloabder-20&linkCode=osi&th=1&psc=1"><img src="https://m.media-amazon.com/images/I/51JexKE3EDL._SL500_.jpg" alt="Product Image"></a><p>Oral-B Glide Complete with Scope Outlast Mint Flavor Floss Picks 75 Count</p><p>$3.96 ($0.05 / Count)</p><a href="https://www.amazon.com/dp/B00UB7BO16?tag=eloabder-20&linkCode=osi&th=1&psc=1">View Product</a></div><div class="product"><a href="https://www.amazon.com/dp/B00LITWSW0?tag=eloabder-20&linkCode=osi&th=1&psc=1"><img src="https://m.media-amazon.com/images/I/51p+CagT00L._SL500_.jpg" alt="Product Image"></a><p>REACH Listerine Ultraclean Dental Floss 6-Pack, Plaque Remover, Shred Resistant, Waxed, Gentle on Gums & Teeth, Mint, PFAS-Free, Fresh Breath, Oral Care, for Adults & Kids, 180 yds</p><p>$15.26 ($0.03 / Foot)</p><a href="https://www.amazon.com/dp/B00LITWSW0?tag=eloabder-20&linkCode=osi&th=1&psc=1">View Product</a></div><div class="product"><a href="https://www.amazon.com/dp/B013EK49VI?tag=eloabder-20&linkCode=osi&th=1&psc=1"><img src="https://m.media-amazon.com/images/I/316B-6FjwaL._SL500_.jpg" alt="Product Image"></a><p>Reach 200 YD Floss | Mint Flavored | 1 Pack</p><p>$8.04 ($0.01 / Foot)</p><a href="https://www.amazon.com/dp/B013EK49VI?tag=eloabder-20&linkCode=osi&th=1&psc=1">View Product</a></div>
<div class="product"><a href="https://www.amazon.com/dp/B00AHAWWO0?tag=eloabder-20&linkCode=osi&th=1&psc=1"><img src="https://m.media-amazon.com/images/I/51oyVoVAxhL._SL500_.jpg" alt="Product Image"></a><p>Crest 3D Whitestrips, Professional Effects, Teeth Whitening Strip Kit, 44 Strips (22 Count Pack)</p><p>$29.99 ($0.68 / Count)</p><a href="https://www.amazon.com/dp/B00AHAWWO0?tag=eloabder-20&linkCode=osi&th=1&psc=1">View Product</a></div><div class="product"><a href="https://www.amazon.com/dp/B0BK2SC18T?tag=eloabder-20&linkCode=osi&th=1&psc=1"><img src="https://m.media-amazon.com/images/I/51Nxx4BICdL._SL500_.jpg" alt="Product Image"></a><p>GuruNanda Teeth Whitening Strips, 7 Day Treatments, Enamel-Safe Teeth Whitening for Sensitive Teeth, Non-Slip, Dry Strip Technology</p><p>$9.97 ($0.71 / Count)</p><a href="https://www.amazon.com/dp/B0BK2SC18T?tag=eloabder-20&linkCode=osi&th=1&psc=1">View Product</a></div><div class="product"><a href="https://www.amazon.com/dp/B077YCC84H?tag=eloabder-20&linkCode=osi&th=1&psc=1"><img src="https://m.media-amazon.com/images/I/519rYaKNSqL._SL500_.jpg" alt="Product Image"></a><p>Crest 3DWhitestrips Vivid Plus 10 Treatments + 1 Hour Express 2 Treatments Teeth Whitening Kit, 8 Levels Whiter</p><p>$29.95 ($2.50 / Count)</p><a href="https://www.amazon.com/dp/B077YCC84H?tag=eloabder-20&linkCode=osi&th=1&psc=1">View Product</a></div><div class="product"><a href="https://www.amazon.com/dp/B0BVT76MFH?tag=eloabder-20&linkCode=osi&th=1&psc=1"><img src="https://m.media-amazon.com/images/I/41-2mpIWfYL._SL500_.jpg" alt="Product Image"></a><p>Crest 3D Whitestrips Sensitive At-home Teeth Whitening Kit, 18 Treatments, Gently Removes 15 Years of Stains</p><p>$24.08 ($1.34 / Count)</p><a href="https://www.amazon.com/dp/B0BVT76MFH?tag=eloabder-20&linkCode=osi&th=1&psc=1">View Product</a></div><div class="product"><a href="https://www.amazon.com/dp/B0D2QK4SHR?tag=eloabder-20&linkCode=osi&th=1&psc=1"><img src="https://m.media-amazon.com/images/I/51vr+Qqe7wL._SL500_.jpg" alt="Product Image"></a><p>Teeth Whitening Strips, White Strips for Teeth Whitening 28 Strips(14 Treatments)</p><p>$11.98 ($0.43 / Count)</p><a href="https://www.amazon.com/dp/B0D2QK4SHR?tag=eloabder-20&linkCode=osi&th=1&psc=1">View Product</a></div><div class="product"><a href="https://www.amazon.com/dp/B093TSRPQM?tag=eloabder-20&linkCode=osi&th=1&psc=1"><img src="https://m.media-amazon.com/images/I/41kzjHJOD4L._SL500_.jpg" alt="Product Image"></a><p>Lumineux Teeth Whitening Strips 7 Treatments - Enamel Safe - Whitening Without The Sensitivity - Dentist Formulated & Certified Non-Toxic</p><p>$22.99 ($1.64 / Count)</p><a href="https://www.amazon.com/dp/B093TSRPQM?tag=eloabder-20&linkCode=osi&th=1&psc=1">View Product</a></div><div class="product"><a href="https://www.amazon.com/dp/B09M5PXJ86?tag=eloabder-20&linkCode=osi&th=1&psc=1"><img src="https://m.media-amazon.com/images/I/41uTWJZAwmL._SL500_.jpg" alt="Product Image"></a><p>Crest 3D Whitestrips, Professional Effects Plus, Teeth Whitening Strip Kit, 48 Strips (24 Count Pack)</p><p>$36.99 ($1.85 / Count)</p><a href="https://www.amazon.com/dp/B09M5PXJ86?tag=eloabder-20&linkCode=osi&th=1&psc=1">View Product</a></div><div class="product"><a href="https://www.amazon.com/dp/B01INDUUN2?tag=eloabder-20&linkCode=osi&th=1&psc=1"><img src="https://m.media-amazon.com/images/I/41S2GXBKpfL._SL500_.jpg" alt="Product Image"></a><p>Crest 3D Whitestrips, Supreme Flexfit, Teeth Whitening Strip Kit, 42 Strips (21 Count Pack)</p><p>$44.99 ($1.07 / Count)</p><a href="https://www.amazon.com/dp/B01INDUUN2?tag=eloabder-20&linkCode=osi&th=1&psc=1">View Product</a></div><div class="product"><a href="https://www.amazon.com/dp/B07QC8LFQP?tag=eloabder-20&linkCode=osi&th=1&psc=1"><img src="https://m.media-amazon.com/images/I/31v6SZNLDRL._SL500_.jpg" alt="Product Image"></a><p>Zimba Teeth Whitening Strips Vegan Whitening Strip Enamel Safe Teeth Whitening Hydrogen Peroxide Teeth Whitener for Coffee, Wine, Tobacco, and Other Stains, 28 Strips (14 Day Treatment), Mint</p><p>$19.98 ($0.71 / Count)</p><a href="https://www.amazon.com/dp/B07QC8LFQP?tag=eloabder-20&linkCode=osi&th=1&psc=1">View Product</a></div>
<div class="product"><a href="https://www.amazon.com/dp/B0D5FZGY8W?tag=eloabder-20&linkCode=osi&th=1&psc=1"><img src="https://m.media-amazon.com/images/I/51gWW6a+5uL._SL500_.jpg" alt="Product Image"></a><p>URO Vaginal Probiotics for Women pH Balance with Prebiotics & Lactobacillus Probiotic Blend - Women's Vaginal Health Supplement - Promote Healthy Vaginal Odor & Vaginal Flora, 60 Count (Pack of 1)</p><p>$28.79 ($0.48 / Count)</p><a href="https://www.amazon.com/dp/B0D5FZGY8W?tag=eloabder-20&linkCode=osi&th=1&psc=1">View Product</a></div><div class="product"><a href="https://www.amazon.com/dp/B0072K2BMG?tag=eloabder-20&linkCode=osi&th=1&psc=1"><img src="https://m.media-amazon.com/images/I/41jVFfZ76tL._SL500_.jpg" alt="Product Image"></a><p>vH essentials, Ph Balanced Daily Feminine Wash, Tea Tree Oil & Prebiotic, 6, Fl Oz, (Pack Of 1) 54306 Clear</p><p>$6.99 ($1.16 / Fl Oz)</p><a href="https://www.amazon.com/dp/B0072K2BMG?tag=eloabder-20&linkCode=osi&th=1&psc=1">View Product</a></div><div class="product"><a href="https://www.amazon.com/dp/B00J4YWSEE?tag=eloabder-20&linkCode=osi&th=1&psc=1"><img src="https://m.media-amazon.com/images/I/51Kk90SjVhL._SL500_.jpg" alt="Product Image"></a><p>Always Ultra Thin Feminine Pads For Women, Size 2 Long Super Absorbency, With Wings, Unscented, 58 Count</p><p>$10.47 ($0.18 / Count)</p><a href="https://www.amazon.com/dp/B00J4YWSEE?tag=eloabder-20&linkCode=osi&th=1&psc=1">View Product</a></div><div class="product"><a href="https://www.amazon.com/dp/B01MSZJW51?tag=eloabder-20&linkCode=osi&th=1&psc=1"><img src="https://m.media-amazon.com/images/I/51WsOmWSxGL._SL500_.jpg" alt="Product Image"></a><p>Always Infinity Feminine Pads for Women, Size 3, Extra Heavy Flow, with wings, Unscented, 28 count x 3 Packs (84 count total)</p><p>$26.91 ($0.32 / Count)</p><a href="https://www.amazon.com/dp/B01MSZJW51?tag=eloabder-20&linkCode=osi&th=1&psc=1">View Product</a></div><div class="product"><a href="https://www.amazon.com/dp/B003VD5TMM?tag=eloabder-20&linkCode=osi&th=1&psc=1"><img src="https://m.media-amazon.com/images/I/51d-OavJSLL._SL500_.jpg" alt="Product Image"></a><p>Always Thin Daily Panty Liners for Women, Light Absorbency, Unscented, 162 Count (Packaging May Vary)</p><p>$7.97 ($0.05 / Count)</p><a href="https://www.amazon.com/dp/B003VD5TMM?tag=eloabder-20&linkCode=osi&th=1&psc=1">View Product</a></div><div class="product"><a href="https://www.amazon.com/dp/B001LK6XHW?tag=eloabder-20&linkCode=osi&th=1&psc=1"><img src="https://m.media-amazon.com/images/I/51cZd9qSOML._SL500_.jpg" alt="Product Image"></a><p>Tampax Pearl Tampons Super Absorbency, With Leakguard Braid, Unscented, Unscented, 50 Count</p><p>$10.47 ($0.21 / Count)</p><a href="https://www.amazon.com/dp/B001LK6XHW?tag=eloabder-20&linkCode=osi&th=1&psc=1">View Product</a></div><div class="product"><a href="https://www.amazon.com/dp/B0071Q5PL0?tag=eloabder-20&linkCode=osi&th=1&psc=1"><img src="https://m.media-amazon.com/images/I/41YlGBaMJ1L._SL500_.jpg" alt="Product Image"></a><p>VMAGIC by Medicine Mama Organic Vulva Balm – Intimate Skin Care, Menopause Support – Relieves Feminine Dryness, Itching & Irritation – Hormone Free, Vaginal Moisturizer for Women – 2 oz</p><p>$28.97 ($14.48 / Ounce)</p><a href="https://www.amazon.com/dp/B0071Q5PL0?tag=eloabder-20&linkCode=osi&th=1&psc=1">View Product</a></div><div class="product"><a href="https://www.amazon.com/dp/B07NQ5D435?tag=eloabder-20&linkCode=osi&th=1&psc=1"><img src="https://m.media-amazon.com/images/I/51yiMPWfaCL._SL500_.jpg" alt="Product Image"></a><p>Tampax Pearl Plastic Tampons, Ultra Absorbency, 45 Count</p><p>$10.33 ($0.23 / Count)</p><a href="https://www.amazon.com/dp/B07NQ5D435?tag=eloabder-20&linkCode=osi&th=1&psc=1">View Product</a></div><div class="product"><a href="https://www.amazon.com/dp/B096VWYGGL?tag=eloabder-20&linkCode=osi&th=1&psc=1"><img src="https://m.media-amazon.com/images/I/31I-e00MfhL._SL500_.jpg" alt="Product Image"></a><p>Luvena Feminine Wipes - Soft Wet Wipes for Women - Refresh & Resist Odor - Gynecologist Tested - Travel Friendly Cleansing Cloths - Cucumber Scented (25 Count, 1 Pack)</p><p>$9.99 ($0.40 / Count)</p><a href="https://www.amazon.com/dp/B096VWYGGL?tag=eloabder-20&linkCode=osi&th=1&psc=1">View Product</a></div><div class="product"><a href="https://www.amazon.com/dp/B07P5G5KBM?tag=eloabder-20&linkCode=osi&th=1&psc=1"><img src="https://m.media-amazon.com/images/I/41w-j7-06lL._SL500_.jpg" alt="Product Image"></a><p>Summer's Eve Blissful Escape Daily Refreshing Feminine Wipes, Removes Odor, pH balanced, 32 Count</p><p>$3.78 ($0.12 / Count)</p><a href="https://www.amazon.com/dp/B07P5G5KBM?tag=eloabder-20&linkCode=osi&th=1&psc=1">View Product</a></div>
<div class="product"><a href="https://www.amazon.com/dp/B0BPBB21N3?tag=eloabder-20&linkCode=osi&th=1&psc=1"><img src="https://m.media-amazon.com/images/I/516UOTjhpTL._SL500_.jpg" alt="Product Image"></a><p>Tampax Pearl Tampons Trio Pack, with LeakGuard Braid, Regular/Super/Super Plus Absorbency, Unscented, 47 Count</p><p>$10.47 ($0.22 / Count)</p><a href="https://www.amazon.com/dp/B0BPBB21N3?tag=eloabder-20&linkCode=osi&th=1&psc=1">View Product</a></div><div class="product"><a href="https://www.amazon.com/dp/B001LK6XHC?tag=eloabder-20&linkCode=osi&th=1&psc=1"><img src="https://m.media-amazon.com/images/I/51Zlg0d65FL._SL500_.jpg" alt="Product Image"></a><p>Tampax Pearl Tampons Multipack, Light/Regular/Super Absorbency, With Leakguard Braid, Unscented, 47 Count</p><p>$10.47 ($0.22 / Count)</p><a href="https://www.amazon.com/dp/B001LK6XHC?tag=eloabder-20&linkCode=osi&th=1&psc=1">View Product</a></div><div class="product"><a href="https://www.amazon.com/dp/B083M24HGP?tag=eloabder-20&linkCode=osi&th=1&psc=1"><img src="https://m.media-amazon.com/images/I/41LYo-1WtnL._SL500_.jpg" alt="Product Image"></a><p>U by Kotex Click Compact Multipack Tampons, Regular/Super Absorbency, Unscented, 45 Count</p><p>$9.97 ($0.22 / Count)</p><a href="https://www.amazon.com/dp/B083M24HGP?tag=eloabder-20&linkCode=osi&th=1&psc=1">View Product</a></div><div class="product"><a href="https://www.amazon.com/dp/B0BP9CJHB6?tag=eloabder-20&linkCode=osi&th=1&psc=1"><img src="https://m.media-amazon.com/images/I/51CNDeFETBL._SL500_.jpg" alt="Product Image"></a><p>L. Organic Cotton Tampons Multipack - Regular + Super 42 Count x 2 Packs (84 Count Total) (Packaging May Vary)</p><p>$22.94 ($0.27 / Count)</p><a href="https://www.amazon.com/dp/B0BP9CJHB6?tag=eloabder-20&linkCode=osi&th=1&psc=1">View Product</a></div><div class="product"><a href="https://www.amazon.com/dp/B0B33HDMQ3?tag=eloabder-20&linkCode=osi&th=1&psc=1"><img src="https://m.media-amazon.com/images/I/418INeDksLL._SL500_.jpg" alt="Product Image"></a><p>Tampax Radiant Tampons Multipack, Regular/Super Absorbency, with Leakguard Braid, Unscented, 28 Count x 3 Packs (84 Count Total)</p><p>$22.24 ($0.26 / Count)</p><a href="https://www.amazon.com/dp/B0B33HDMQ3?tag=eloabder-20&linkCode=osi&th=1&psc=1">View Product</a></div><div class="product"><a href="https://www.amazon.com/dp/B077NHF4FS?tag=eloabder-20&linkCode=osi&th=1&psc=1"><img src="https://m.media-amazon.com/images/I/51oCPmCaG2L._SL500_.jpg" alt="Product Image"></a><p>Tampax Radiant Tampons Multipack, Regular/Super/Super Plus Absorbency, With Leakguard Braid, Unscented, 28 Count X 4 Packs (112 Count Total)</p><p>$31.88 ($0.28 / Count)</p><a href="https://www.amazon.com/dp/B077NHF4FS?tag=eloabder-20&linkCode=osi&th=1&psc=1">View Product</a></div><div class="product"><a href="https://www.amazon.com/dp/B001LK6XHW?tag=eloabder-20&linkCode=osi&th=1&psc=1"><img src="https://m.media-amazon.com/images/I/51cZd9qSOML._SL500_.jpg" alt="Product Image"></a><p>Tampax Pearl Tampons Super Absorbency, With Leakguard Braid, Unscented, Unscented, 50 Count</p><p>$10.47 ($0.21 / Count)</p><a href="https://www.amazon.com/dp/B001LK6XHW?tag=eloabder-20&linkCode=osi&th=1&psc=1">View Product</a></div><div class="product"><a href="https://www.amazon.com/dp/B08L4NV4XN?tag=eloabder-20&linkCode=osi&th=1&psc=1"><img src="https://m.media-amazon.com/images/I/41UIKEC0dUL._SL500_.jpg" alt="Product Image"></a><p>Playtex Sport Tampons, Regular Absorbency, Fragrance-Free - 48ct (Packaging May Vary)</p><p>$9.97 ($0.21 / Count)</p><a href="https://www.amazon.com/dp/B08L4NV4XN?tag=eloabder-20&linkCode=osi&th=1&psc=1">View Product</a></div>
<div class="product"><a href="https://www.amazon.com/dp/B01IZ5FDNA?tag=eloabder-20&linkCode=osi&th=1&psc=1"><img src="https://m.media-amazon.com/images/I/51EuvaPNa7L._SL500_.jpg" alt="Product Image"></a><p>Always Ultra Thin Feminine Pads with Wings for Women, Super Absorbency, Unscented, Size 2, 126 Count</p><p>$19.42 ($0.15 / Count)</p><a href="https://www.amazon.com/dp/B01IZ5FDNA?tag=eloabder-20&linkCode=osi&th=1&psc=1">View Product</a></div><div class="product"><a href="https://www.amazon.com/dp/B071VBZLPX?tag=eloabder-20&linkCode=osi&th=1&psc=1"><img src="https://m.media-amazon.com/images/I/41ToTzFFC3L._SL500_.jpg" alt="Product Image"></a><p>Rael Pads For Women, Organic Cotton Cover Pads - Regular Absorbency, Unscented, Ultra Thin Pads with Wings for Women (Regular, 56 Total)</p><p>$21.99 ($0.39 / Count)</p><a href="https://www.amazon.com/dp/B071VBZLPX?tag=eloabder-20&linkCode=osi&th=1&psc=1">View Product</a></div><div class="product"><a href="https://www.amazon.com/dp/B01M1BLRC1?tag=eloabder-20&linkCode=osi&th=1&psc=1"><img src="https://m.media-amazon.com/images/I/51-XQGHg6iL._SL500_.jpg" alt="Product Image"></a><p>Always Maxi Overnight Pads with Wings, Size 5, Extra Heavy Overnight, Unscented, 36 Count</p><p>$10.47 ($0.29 / Count)</p><a href="https://www.amazon.com/dp/B01M1BLRC1?tag=eloabder-20&linkCode=osi&th=1&psc=1">View Product</a></div><div class="product"><a href="https://www.amazon.com/dp/B00J7L59K4?tag=eloabder-20&linkCode=osi&th=1&psc=1"><img src="https://m.media-amazon.com/images/I/51RFrS-bZYL._SL500_.jpg" alt="Product Image"></a><p>Always Infinity Feminine Pads for Women, Size 2 Regular, with wings, unscented, 46ct</p><p>$11.47 ($0.25 / Count)</p><a href="https://www.amazon.com/dp/B00J7L59K4?tag=eloabder-20&linkCode=osi&th=1&psc=1">View Product</a></div><div class="product"><a href="https://www.amazon.com/dp/B0BLGS1PPD?tag=eloabder-20&linkCode=osi&th=1&psc=1"><img src="https://m.media-amazon.com/images/I/41OrVZiAEbL._SL500_.jpg" alt="Product Image"></a><p>U by Kotex Balance Ultra Thin Pads with Wings, Heavy Absorbency, 46 Count (Packaging May Vary)</p><p>$9.97 ($0.22 / Count)</p><a href="https://www.amazon.com/dp/B0BLGS1PPD?tag=eloabder-20&linkCode=osi&th=1&psc=1">View Product</a></div><div class="product"><a href="https://www.amazon.com/dp/B01MSZJW51?tag=eloabder-20&linkCode=osi&th=1&psc=1"><img src="https://m.media-amazon.com/images/I/51WsOmWSxGL._SL500_.jpg" alt="Product Image"></a><p>Always Infinity Feminine Pads for Women, Size 3, Extra Heavy Flow, with wings, Unscented, 28 count x 3 Packs (84 count total)</p><p>$26.91 ($0.32 / Count)</p><a href="https://www.amazon.com/dp/B01MSZJW51?tag=eloabder-20&linkCode=osi&th=1&psc=1">View Product</a></div><div class="product"><a href="https://www.amazon.com/dp/B06XRW75WZ?tag=eloabder-20&linkCode=osi&th=1&psc=1"><img src="https://m.media-amazon.com/images/I/51vVAtqZB8L._SL500_.jpg" alt="Product Image"></a><p>Always Ultra Thin Feminine Pads for Women, Size 5, Extra Heavy, Overnight Absorbency with Wings, 46 Count x 2 Packs (92 Count Total)</p><p>$20.94 ($0.23 / Count)</p><a href="https://www.amazon.com/dp/B06XRW75WZ?tag=eloabder-20&linkCode=osi&th=1&psc=1">View Product</a></div><div class="product"><a href="https://www.amazon.com/dp/B0BSR94ZQ5?tag=eloabder-20&linkCode=osi&th=1&psc=1"><img src="https://m.media-amazon.com/images/I/51qrXgAEO+L._SL500_.jpg" alt="Product Image"></a><p>Always Radiant Teen Feminine Pads with FlexFoam, Size 1, Regular, with Wings, Unscented, 42 CT</p><p>$11.47 ($0.27 / Count)</p><a href="https://www.amazon.com/dp/B0BSR94ZQ5?tag=eloabder-20&linkCode=osi&th=1&psc=1">View Product</a></div>
<div class="product"><a href="https://www.amazon.com/dp/B08246VY1T?tag=eloabder-20&linkCode=osi&th=1&psc=1"><img src="https://m.media-amazon.com/images/I/41dopXKKhCL._SL500_.jpg" alt="Product Image"></a><p>SHORDY Reusable Menstrual Cup (Small & Large) Set of 2 with Box, 100% Soft Silicone, Copa Menstruelle, Period Cup, Heavy & Light Flow, Feminine Hygiene, Tampons, Pads & Disc Alternative for Women</p><p>$12.97</p><a href="https://www.amazon.com/dp/B08246VY1T?tag=eloabder-20&linkCode=osi&th=1&psc=1">View Product</a></div><div class="product"><a href="https://www.amazon.com/dp/B086JBZW48?tag=eloabder-20&linkCode=osi&th=1&psc=1"><img src="https://m.media-amazon.com/images/I/419mX5-k8XL._SL500_.jpg" alt="Product Image"></a><p>EcoBlossom Reusable Menstrual Cup Set - The Most Reliable Medical Grade Silicone Period Cups - Comfortably use for 12 Hours (Small & Large)</p><p>$14.99 ($7.50 / Count)</p><a href="https://www.amazon.com/dp/B086JBZW48?tag=eloabder-20&linkCode=osi&th=1&psc=1">View Product</a></div><div class="product"><a href="https://www.amazon.com/dp/B000X29GY6?tag=eloabder-20&linkCode=osi&th=1&psc=1"><img src="https://m.media-amazon.com/images/I/31-khSMUfFL._SL500_.jpg" alt="Product Image"></a><p>Softdisc Menstrual Discs | Disposable Period Discs | Tampon, Pad, and Cup Alternative | Capacity of 3 Super Tampons | HSA or FSA Eligible | 14 Count</p><p>$14.99 ($1.07 / Count)</p><a href="https://www.amazon.com/dp/B000X29GY6?tag=eloabder-20&linkCode=osi&th=1&psc=1">View Product</a></div><div class="product"><a href="https://www.amazon.com/dp/B0CY2QM3Q3?tag=eloabder-20&linkCode=osi&th=1&psc=1"><img src="https://m.media-amazon.com/images/I/41GsZ8ifixL._SL500_.jpg" alt="Product Image"></a><p>Reusable Menstrual Cup with Sterilizing Cup | Tampon, Pad, and Disc Alternative</p><p>$9.99</p><a href="https://www.amazon.com/dp/B0CY2QM3Q3?tag=eloabder-20&linkCode=osi&th=1&psc=1">View Product</a></div><div class="product"><a href="https://www.amazon.com/dp/B019632Z0E?tag=eloabder-20&linkCode=osi&th=1&psc=1"><img src="https://m.media-amazon.com/images/I/41q2-srqXeL._SL500_.jpg" alt="Product Image"></a><p>Pixie Menstrual Cup - No Metals or Toxins - 100% Medical-Grade Silicone - Ranked 1 for The Most Soft Reusable Period Cup - Wear 12 Hours - Tampon Alternative - Buy One We Give One (Small)</p><p>$19.95 ($19.95 / Count)</p><a href="https://www.amazon.com/dp/B019632Z0E?tag=eloabder-20&linkCode=osi&th=1&psc=1">View Product</a></div><div class="product"><a href="https://www.amazon.com/dp/B00PBJFA3M?tag=eloabder-20&linkCode=osi&th=1&psc=1"><img src="https://m.media-amazon.com/images/I/419ZiBlxCoL._SL500_.jpg" alt="Product Image"></a><p>Dutchess Menstrual Cup - Reusable, Soft, Medical-Grade Silicone Period Cups - Easy to Clean Tampon and Pad Alternative, Pink & Purple, Small, Pack of 2</p><p>$11.99 ($6.00 / Count)</p><a href="https://www.amazon.com/dp/B00PBJFA3M?tag=eloabder-20&linkCode=osi&th=1&psc=1">View Product</a></div><div class="product"><a href="https://www.amazon.com/dp/B07KGZ9NMV?tag=eloabder-20&linkCode=osi&th=1&psc=1"><img src="https://m.media-amazon.com/images/I/315AakWBfEL._SL500_.jpg" alt="Product Image"></a><p>DIVA Cup - Medical Grade Silicone Cup for Period Care - Reusable Menstrual Cup - Up to 12 Hours of Continuous Wear - Model 0 (For Slim Vaginal Canals & First-Time Users)</p><p>$34.99</p><a href="https://www.amazon.com/dp/B07KGZ9NMV?tag=eloabder-20&linkCode=osi&th=1&psc=1">View Product</a></div><div class="product"><a href="https://www.amazon.com/dp/B07ML547TW?tag=eloabder-20&linkCode=osi&th=1&psc=1"><img src="https://m.media-amazon.com/images/I/51v14asRLmL._SL500_.jpg" alt="Product Image"></a><p>Pixie Menstrual Cup Kit - No Metals or Toxins - 100% Medical-Grade Silicone - Best Period Cup Starter Kit - Proven to Be What You Need to Become A Successful Cup User - Tampon Alternative</p><p>$39.95</p><a href="https://www.amazon.com/dp/B07ML547TW?tag=eloabder-20&linkCode=osi&th=1&psc=1">View Product</a></div>
<div class="product"><a href="https://www.amazon.com/dp/B003VD5TMM?tag=eloabder-20&linkCode=osi&th=1&psc=1"><img src="https://m.media-amazon.com/images/I/51d-OavJSLL._SL500_.jpg" alt="Product Image"></a><p>Always Thin Daily Panty Liners for Women, Light Absorbency, Unscented, 162 Count (Packaging May Vary)</p><p>$7.97 ($0.05 / Count)</p><a href="https://www.amazon.com/dp/B003VD5TMM?tag=eloabder-20&linkCode=osi&th=1&psc=1">View Product</a></div><div class="product"><a href="https://www.amazon.com/dp/B01ARVVTYW?tag=eloabder-20&linkCode=osi&th=1&psc=1"><img src="https://m.media-amazon.com/images/I/41x8sgpA-CL._SL500_.jpg" alt="Product Image"></a><p>Carefree Panty Liners for Women, Regular, Wrapped, Unscented, 54ct | Pantiliners, Carefree Liners, Daily Liners for Women, Light Periods and Leaks, 8-Hour Odor Control | 54ct (Packaging May Vary)</p><p>$3.35 ($0.06 / Count)</p><a href="https://www.amazon.com/dp/B01ARVVTYW?tag=eloabder-20&linkCode=osi&th=1&psc=1">View Product</a></div><div class="product"><a href="https://www.amazon.com/dp/B00NJNJ6O6?tag=eloabder-20&linkCode=osi&th=1&psc=1"><img src="https://m.media-amazon.com/images/I/41J8A9AcBLL._SL500_.jpg" alt="Product Image"></a><p>Carefree Panty Liners for Women, Regular, Unwrapped, Unscented, 120ct | Pantiliners, Carefree Liners, Daily Liners for Women, Light Periods and Leaks, 8-Hour Odor Control | 120ct (Packaging May Vary)</p><p>$6.14 ($0.05 / Count)</p><a href="https://www.amazon.com/dp/B00NJNJ6O6?tag=eloabder-20&linkCode=osi&th=1&psc=1">View Product</a></div><div class="product"><a href="https://www.amazon.com/dp/B008HQ8M6I?tag=eloabder-20&linkCode=osi&th=1&psc=1"><img src="https://m.media-amazon.com/images/I/51HCRcpyknL._SL500_.jpg" alt="Product Image"></a><p>Always Anti-Bunch Xtra Protection Daily Liners Long Unscented, Anti Bunch Helps You Feel Comfortable, 108 Count (Packaging May Vary)</p><p>$7.97 ($0.07 / Count)</p><a href="https://www.amazon.com/dp/B008HQ8M6I?tag=eloabder-20&linkCode=osi&th=1&psc=1">View Product</a></div><div class="product"><a href="https://www.amazon.com/dp/B012P5FW8C?tag=eloabder-20&linkCode=osi&th=1&psc=1"><img src="https://m.media-amazon.com/images/I/512HZAOgUAL._SL500_.jpg" alt="Product Image"></a><p>Always Radiant Daily Feminine Panty Liners For Women, Regular Absorbency, Unscented, 96 Count(Pack of 1)</p><p>$7.97 ($0.08 / Count)</p><a href="https://www.amazon.com/dp/B012P5FW8C?tag=eloabder-20&linkCode=osi&th=1&psc=1">View Product</a></div><div class="product"><a href="https://www.amazon.com/dp/B09B7L2BLJ?tag=eloabder-20&linkCode=osi&th=1&psc=1"><img src="https://m.media-amazon.com/images/I/41bYzfjWpDL._SL500_.jpg" alt="Product Image"></a><p>Amazon Basics Daily Pantiliner, Regular Length, Unscented, 50 Count, 1 Pack (Previously Solimo)</p><p>$2.91 ($0.06 / Count)</p><a href="https://www.amazon.com/dp/B09B7L2BLJ?tag=eloabder-20&linkCode=osi&th=1&psc=1">View Product</a></div><div class="product"><a href="https://www.amazon.com/dp/B07258JQ9M?tag=eloabder-20&linkCode=osi&th=1&psc=1"><img src="https://m.media-amazon.com/images/I/41NqCq9cgQL._SL500_.jpg" alt="Product Image"></a><p>Rael Panty Liners for Women, Organic Cotton Cover - Regular Pantiliners, Light Absorbency, Unscented, Chlorine Free (Regular, 44 Count)</p><p>$8.99 ($0.20 / Count)</p><a href="https://www.amazon.com/dp/B07258JQ9M?tag=eloabder-20&linkCode=osi&th=1&psc=1">View Product</a></div><div class="product"><a href="https://www.amazon.com/dp/B07C99C39S?tag=eloabder-20&linkCode=osi&th=1&psc=1"><img src="https://m.media-amazon.com/images/I/41lpBT8CpyL._SL500_.jpg" alt="Product Image"></a><p>U by Kotex Clean & Secure Panty Liners, Light Absorbency, Long Length, 126 Count (Packaging May Vary)</p><p>$6.45 ($0.05 / Count)</p><a href="https://www.amazon.com/dp/B07C99C39S?tag=eloabder-20&linkCode=osi&th=1&psc=1">View Product</a></div><div class="product"><a href="https://www.amazon.com/dp/B01N15BQDY?tag=eloabder-20&linkCode=osi&th=1&psc=1"><img src="https://m.media-amazon.com/images/I/51nwSuaX6QL._SL500_.jpg" alt="Product Image"></a><p>Always Anti-Bunch Xtra Protection, Panty Liners for Women, Extra Long Length, Unscented, 92 Count (Pack of 4) (368 Count) (Packaging May Vary)</p><p>$31.96 ($0.09 / Count)</p><a href="https://www.amazon.com/dp/B01N15BQDY?tag=eloabder-20&linkCode=osi&th=1&psc=1">View Product</a></div><div class="product"><a href="https://www.amazon.com/dp/B0BZX683ZT?tag=eloabder-20&linkCode=osi&th=1&psc=1"><img src="https://m.media-amazon.com/images/I/41+oTyplgjL._SL500_.jpg" alt="Product Image"></a><p>L. Pure Cotton Topsheet Panty Liners for Women, Regular Absorbency, Panty Liners Unscented, Chlorine Free, 100 Count x 2 Packs (200 Count Total)</p><p>$17.98 ($0.09 / Count)</p><a href="https://www.amazon.com/dp/B0BZX683ZT?tag=eloabder-20&linkCode=osi&th=1&psc=1">View Product</a></div>
<div class="product"><a href="https://www.amazon.com/dp/B0765Z528G?tag=eloabder-20&linkCode=osi&th=1&psc=1"><img src="https://m.media-amazon.com/images/I/41Ii3EfQQoL._SL500_.jpg" alt="Product Image"></a><p>Summer's Eve Sheer Floral Daily Refreshing Feminine Wipes, Removes Odor, pH balanced, 32 Count, 4 Pack</p><p>$15.16 ($0.12 / Count)</p><a href="https://www.amazon.com/dp/B0765Z528G?tag=eloabder-20&linkCode=osi&th=1&psc=1">View Product</a></div><div class="product"><a href="https://www.amazon.com/dp/B0CQRXF7RT?tag=eloabder-20&linkCode=osi&th=1&psc=1"><img src="https://m.media-amazon.com/images/I/51kC66EkGxL._SL500_.jpg" alt="Product Image"></a><p>Summer's Eve Blissful Escape Daily Refreshing Feminine Wipes, Removes Odor, pH Balanced, 12 Count, 1 Pack</p><p>$1.99 ($0.17 / Count)</p><a href="https://www.amazon.com/dp/B0CQRXF7RT?tag=eloabder-20&linkCode=osi&th=1&psc=1">View Product</a></div><div class="product"><a href="https://www.amazon.com/dp/B08S4L177D?tag=eloabder-20&linkCode=osi&th=1&psc=1"><img src="https://m.media-amazon.com/images/I/31aAMYTKfsL._SL500_.jpg" alt="Product Image"></a><p>Amazon Basics Feminine Hygiene Wipes, Alcohol Free, pH Balanced, Gynecologist Tested, Fresh Scent, 168 Count (4 Packs of 42)</p><p>$12.47 ($0.07 / Count)</p><a href="https://www.amazon.com/dp/B08S4L177D?tag=eloabder-20&linkCode=osi&th=1&psc=1">View Product</a></div><div class="product"><a href="https://www.amazon.com/dp/B078JG7HWT?tag=eloabder-20&linkCode=osi&th=1&psc=1"><img src="https://m.media-amazon.com/images/I/31xeOLgbUdL._SL500_.jpg" alt="Product Image"></a><p>The Honey Pot Company - Feminine Wipes - Daily PH Balancing, Fragrance & Sulfate Free Wipes for Intimate Parts, Body, or Face - Feminine Products - Sensitive 30 ct.</p><p>$9.99 ($0.33 / Count)</p><a href="https://www.amazon.com/dp/B078JG7HWT?tag=eloabder-20&linkCode=osi&th=1&psc=1">View Product</a></div><div class="product"><a href="https://www.amazon.com/dp/B0CLWTMBBC?tag=eloabder-20&linkCode=osi&th=1&psc=1"><img src="https://m.media-amazon.com/images/I/41zMMgl81hL._SL500_.jpg" alt="Product Image"></a><p>Summer's Eve, Ultimate Odor Control, Daily Feminine Wipes with Boric Acid, Removes Odor, On-the-go Body Wipes with pH Balance, 12 ct</p><p>$2.48 ($0.21 / Count)</p><a href="https://www.amazon.com/dp/B0CLWTMBBC?tag=eloabder-20&linkCode=osi&th=1&psc=1">View Product</a></div><div class="product"><a href="https://www.amazon.com/dp/B0D1KXV9ZS?tag=eloabder-20&linkCode=osi&th=1&psc=1"><img src="https://m.media-amazon.com/images/I/311Liu9BWoL._SL500_.jpg" alt="Product Image"></a><p>Vagisil pH Balance Daily Freshening Wipes for Feminine Hygiene in Resealable Pouch, Gynecologist Tested & Hypoallergenic, 20 Wipes (Pack of 1)</p><p>$2.97 ($0.15 / Count)</p><a href="https://www.amazon.com/dp/B0D1KXV9ZS?tag=eloabder-20&linkCode=osi&th=1&psc=1">View Product</a></div><div class="product"><a href="https://www.amazon.com/dp/B001MIZ694?tag=eloabder-20&linkCode=osi&th=1&psc=1"><img src="https://m.media-amazon.com/images/I/41bhj0jHYEL._SL500_.jpg" alt="Product Image"></a><p>Vagisil Wipes, Anti-Itch Medicated Feminine Vaginal Wipes, Maximum Strength, Instant Relief, 20 Wipes (Pack of 3)</p><p>$18.21 ($0.30 / Count)</p><a href="https://www.amazon.com/dp/B001MIZ694?tag=eloabder-20&linkCode=osi&th=1&psc=1">View Product</a></div><div class="product"><a href="https://www.amazon.com/dp/B01FV02YZ2?tag=eloabder-20&linkCode=osi&th=1&psc=1"><img src="https://m.media-amazon.com/images/I/41mq0T4rupL._SL500_.jpg" alt="Product Image"></a><p>Always Feminine Wipes, Fresh & Clean, Soft Pack, 32 Count</p><p>$6.49 ($0.20 / Count)</p><a href="https://www.amazon.com/dp/B01FV02YZ2?tag=eloabder-20&linkCode=osi&th=1&psc=1">View Product</a></div><div class="product"><a href="https://www.amazon.com/dp/B0CSG7FJ87?tag=eloabder-20&linkCode=osi&th=1&psc=1"><img src="https://m.media-amazon.com/images/I/41Ioi8R2VHL._SL500_.jpg" alt="Product Image"></a><p>vH essentials Feminine Cleansing Wipes - pH Balanced, Prebiotics, Tea Tree & Aloe, Soothing Witch Hazel, Odor-Blocking Formula, Vaginal and Perianal Care, Paraben, Alcohol, and Fragrance-Free</p><p>$4.99</p><a href="https://www.amazon.com/dp/B0CSG7FJ87?tag=eloabder-20&linkCode=osi&th=1&psc=1">View Product</a></div><div class="product"><a href="https://www.amazon.com/dp/B078RYNNPS?tag=eloabder-20&linkCode=osi&th=1&psc=1"><img src="https://m.media-amazon.com/images/I/41ffrk1LoDL._SL500_.jpg" alt="Product Image"></a><p>Rael Feminine Wipes, Flushable Wipes pH Balanced - Travel Size, All Skin Types, Paraben Free, Daily Use (10 Count, Pack of 3)</p><p>$9.99 ($0.33 / Count)</p><a href="https://www.amazon.com/dp/B078RYNNPS?tag=eloabder-20&linkCode=osi&th=1&psc=1">View Product</a></div>
<div class="product"><a href="https://www.amazon.com/dp/B0735Q681B?tag=eloabder-20&linkCode=osi&th=1&psc=1"><img src="https://m.media-amazon.com/images/I/41GSnrtq3-L._SL500_.jpg" alt="Product Image"></a><p>SKYN Elite – 36 Count – Ultra-Thin, Lubricated Latex-Free Condoms</p><p>$16.97 ($0.47 / Count)</p><a href="https://www.amazon.com/dp/B0735Q681B?tag=eloabder-20&linkCode=osi&th=1&psc=1">View Product</a></div><div class="product"><a href="https://www.amazon.com/dp/B0073RKL2U?tag=eloabder-20&linkCode=osi&th=1&psc=1"><img src="https://m.media-amazon.com/images/I/51sxGCFULDL._SL500_.jpg" alt="Product Image"></a><p>TROJAN Pleasure Pack Assorted Condoms, Lubricated Condoms Value Pack, 36 Count</p><p>$15.99 ($0.44 / Count)</p><a href="https://www.amazon.com/dp/B0073RKL2U?tag=eloabder-20&linkCode=osi&th=1&psc=1">View Product</a></div><div class="product"><a href="https://www.amazon.com/dp/B0946VTR1Y?tag=eloabder-20&linkCode=osi&th=1&psc=1"><img src="https://m.media-amazon.com/images/I/41VsQAsg3DL._SL500_.jpg" alt="Product Image"></a><p>TROJAN BareSkin Raw Thin Condoms, Lubricated Condoms For Men, America’s Number One Condom Brand, 24 Count Pack</p><p>$17.42 ($0.73 / Count)</p><a href="https://www.amazon.com/dp/B0946VTR1Y?tag=eloabder-20&linkCode=osi&th=1&psc=1">View Product</a></div><div class="product"><a href="https://www.amazon.com/dp/B0083HLPLA?tag=eloabder-20&linkCode=osi&th=1&psc=1"><img src="https://m.media-amazon.com/images/I/51EQMHCwVYL._SL500_.jpg" alt="Product Image"></a><p>TROJAN Magnum Lubricated Large Condoms, Comfortable and Smooth Lubricated Condoms for Men, America’s Number One Condom, 36 Count Pack</p><p>$14.99 ($0.42 / Count)</p><a href="https://www.amazon.com/dp/B0083HLPLA?tag=eloabder-20&linkCode=osi&th=1&psc=1">View Product</a></div><div class="product"><a href="https://www.amazon.com/dp/B09TQ6P9YT?tag=eloabder-20&linkCode=osi&th=1&psc=1"><img src="https://m.media-amazon.com/images/I/41IB12G0cSL._SL500_.jpg" alt="Product Image"></a><p>SKYN Selection Non-Latex Condoms - Contains SKYN Elite, Original, Excitation, Extra Lube, Condoms, 36 Count</p><p>$15.99 ($0.44 / Count)</p><a href="https://www.amazon.com/dp/B09TQ6P9YT?tag=eloabder-20&linkCode=osi&th=1&psc=1">View Product</a></div><div class="product"><a href="https://www.amazon.com/dp/B0073RAL3O?tag=eloabder-20&linkCode=osi&th=1&psc=1"><img src="https://m.media-amazon.com/images/I/51rs86y3KtL._SL500_.jpg" alt="Product Image"></a><p>Trojan Ultra Ribbed Condoms For Ultra Stimulation, 36 Count, 1 Pack</p><p>$15.47 ($0.43 / Count)</p><a href="https://www.amazon.com/dp/B0073RAL3O?tag=eloabder-20&linkCode=osi&th=1&psc=1">View Product</a></div><div class="product"><a href="https://www.amazon.com/dp/B004WDRCTI?tag=eloabder-20&linkCode=osi&th=1&psc=1"><img src="https://m.media-amazon.com/images/I/51arxJlXsUL._SL500_.jpg" alt="Product Image"></a><p>TROJAN EXTENDED PLEASURE Climax Control Extended Pleasure Condoms, 12 Count</p><p>$7.98 ($0.66 / Count)</p><a href="https://www.amazon.com/dp/B004WDRCTI?tag=eloabder-20&linkCode=osi&th=1&psc=1">View Product</a></div><div class="product"><a href="https://www.amazon.com/dp/B01LNH759W?tag=eloabder-20&linkCode=osi&th=1&psc=1"><img src="https://m.media-amazon.com/images/I/41shT4F1IyL._SL500_.jpg" alt="Product Image"></a><p>TROJAN Magnum BareSkin Premium Large Condoms, Comfortable and Smooth Lubricated Condoms for Men, America’s Number One Condom, 24 Count Value Pack</p><p>$15.97 ($0.67 / Count)</p><a href="https://www.amazon.com/dp/B01LNH759W?tag=eloabder-20&linkCode=osi&th=1&psc=1">View Product</a></div>
<div class="product"><a href="https://www.amazon.com/dp/B07DGQ4QR3?tag=eloabder-20&linkCode=osi&th=1&psc=1"><img src="https://m.media-amazon.com/images/I/31dMlCPtnXL._SL500_.jpg" alt="Product Image"></a><p>Lube Life Water-Based Personal Lubricant, Lube for Men, Women and Couples, Non-Staining, 12 Fl Oz</p><p>$14.99 ($1.25 / Fl Oz)</p><a href="https://www.amazon.com/dp/B07DGQ4QR3?tag=eloabder-20&linkCode=osi&th=1&psc=1">View Product</a></div><div class="product"><a href="https://www.amazon.com/dp/B00ZCMD9K4?tag=eloabder-20&linkCode=osi&th=1&psc=1"><img src="https://m.media-amazon.com/images/I/41aRh58PGEL._SL500_.jpg" alt="Product Image"></a><p>K-Y Jelly Water Based Lube For Sex, Anal Lube, Non-Greasy Water Based Personal Lubricant, pH Friendly Sex Lube Can Be Used With Sex Toys For Women & Male Sex Toys, Condom Friendly Personal Lube, 4 OZ</p><p>$5.44 ($1.36 / Ounce)</p><a href="https://www.amazon.com/dp/B00ZCMD9K4?tag=eloabder-20&linkCode=osi&th=1&psc=1">View Product</a></div><div class="product"><a href="https://www.amazon.com/dp/B07M6RRWPD?tag=eloabder-20&linkCode=osi&th=1&psc=1"><img src="https://m.media-amazon.com/images/I/31WENjG9dSL._SL500_.jpg" alt="Product Image"></a><p>Lube Life Water-Based Strawberry Flavored Lubricant, Personal Lube for Men, Women and Couples, Made Without Added Sugar, 8 Fl Oz</p><p>$9.99 ($1.25 / Fl Oz)</p><a href="https://www.amazon.com/dp/B07M6RRWPD?tag=eloabder-20&linkCode=osi&th=1&psc=1">View Product</a></div><div class="product"><a href="https://www.amazon.com/dp/B00008NFL0?tag=eloabder-20&linkCode=osi&th=1&psc=1"><img src="https://m.media-amazon.com/images/I/41ZksVV7iHL._SL500_.jpg" alt="Product Image"></a><p>Astroglide Water Based Lube (4oz), Ultra Gentle Gel Personal Lubricant for Vaginal and Anal Sex, Stays Put with No Drip, Sex Lube, Long-Lasting for Men, Women and Couples, Safe for Toys</p><p>$3.98 ($1.00 / Ounce)</p><a href="https://www.amazon.com/dp/B00008NFL0?tag=eloabder-20&linkCode=osi&th=1&psc=1">View Product</a></div><div class="product"><a href="https://www.amazon.com/dp/B08CSHT2LR?tag=eloabder-20&linkCode=osi&th=1&psc=1"><img src="https://m.media-amazon.com/images/I/31aZ-ryC2lL._SL500_.jpg" alt="Product Image"></a><p>XESSO Water-Based Creamy Lube, Unscented 8.3 Fl Oz, Thick White Gel-Like Slippery Glide, Hypoallergenic for Women, Men & Couples. Made in US & Discreet Package. Package May Vary</p><p>$14.99 ($1.81 / Fl Oz)</p><a href="https://www.amazon.com/dp/B08CSHT2LR?tag=eloabder-20&linkCode=osi&th=1&psc=1">View Product</a></div><div class="product"><a href="https://www.amazon.com/dp/B000ZPN1TC?tag=eloabder-20&linkCode=osi&th=1&psc=1"><img src="https://m.media-amazon.com/images/I/41vi+SxqxdL._SL500_.jpg" alt="Product Image"></a><p>Astroglide Water Based Lube (2.5oz), Liquid Personal Lubricant for Long-Lasting Pleasure for Men, Women and Couples, Safe for Toys, Travel-Friendly Size</p><p>$4.98 ($1.99 / Fl Oz)</p><a href="https://www.amazon.com/dp/B000ZPN1TC?tag=eloabder-20&linkCode=osi&th=1&psc=1">View Product</a></div><div class="product"><a href="https://www.amazon.com/dp/B0CBK39KQ8?tag=eloabder-20&linkCode=osi&th=1&psc=1"><img src="https://m.media-amazon.com/images/I/31l3j0B+eiL._SL500_.jpg" alt="Product Image"></a><p>Secret Lover Water-Based Personal Lubricant, Silky Smooth Long-Lasting Lube for Women, Men, and Couples, Natural Ingredients Non-Staining, 8 Fl Oz</p><p>$8.99 ($1.12 / Fl Oz)</p><a href="https://www.amazon.com/dp/B0CBK39KQ8?tag=eloabder-20&linkCode=osi&th=1&psc=1">View Product</a></div><div class="product"><a href="https://www.amazon.com/dp/B00R3UKTP6?tag=eloabder-20&linkCode=osi&th=1&psc=1"><img src="https://m.media-amazon.com/images/I/41gyRA6cIYL._SL500_.jpg" alt="Product Image"></a><p>TROJAN Lubricants Water Based H2O Closer Personal Lubricant, 5.5 oz.</p><p>$9.98 ($1.81 / Fl Oz)</p><a href="https://www.amazon.com/dp/B00R3UKTP6?tag=eloabder-20&linkCode=osi&th=1&psc=1">View Product</a></div><div class="product"><a href="https://www.amazon.com/dp/B00HX50VPE?tag=eloabder-20&linkCode=osi&th=1&psc=1"><img src="https://m.media-amazon.com/images/I/51IAo0cbW3L._SL500_.jpg" alt="Product Image"></a><p>Trojan Arouses & Releases Personal Lubricant, 3 oz.</p><p>$14.97 ($4.99 / Fl Oz)</p><a href="https://www.amazon.com/dp/B00HX50VPE?tag=eloabder-20&linkCode=osi&th=1&psc=1">View Product</a></div><div class="product"><a href="https://www.amazon.com/dp/B017YWRVT4?tag=eloabder-20&linkCode=osi&th=1&psc=1"><img src="https://m.media-amazon.com/images/I/51DDCLX1fKL._SL500_.jpg" alt="Product Image"></a><p>K-Y Yours + Mine Couples Personal Lube, Two Personal Lubricants, Water Based Lube for Women & Glycerin-Based Lube for Men, 2 x 1.5 FL OZ</p><p>$12.87 ($4.29 / Fl Oz)</p><a href="https://www.amazon.com/dp/B017YWRVT4?tag=eloabder-20&linkCode=osi&th=1&psc=1">View Product</a></div>
<div class="product"><a href="https://www.amazon.com/dp/B07BGLT25K?tag=eloabder-20&linkCode=osi&th=1&psc=1"><img src="https://m.media-amazon.com/images/I/51E4cTD1y1L._SL500_.jpg" alt="Product Image"></a><p>Scott ComfortPlus Toilet Paper, 12 Double Rolls, 231 Sheets per Roll, Septic-Safe, 1-Ply Toilet Tissue</p><p>$5.99 ($0.22 / 100 Sheets)</p><a href="https://www.amazon.com/dp/B07BGLT25K?tag=eloabder-20&linkCode=osi&th=1&psc=1">View Product</a></div><div class="product"><a href="https://www.amazon.com/dp/B0CDZJ9JJC?tag=eloabder-20&linkCode=osi&th=1&psc=1"><img src="https://m.media-amazon.com/images/I/51eaQ4M7l3L._SL500_.jpg" alt="Product Image"></a><p>Charmin Ultra Soft Toilet Paper 6 Mega Rolls = 24 Regular Rolls</p><p>$7.97 ($0.59 / 100 Sheets)</p><a href="https://www.amazon.com/dp/B0CDZJ9JJC?tag=eloabder-20&linkCode=osi&th=1&psc=1">View Product</a></div><div class="product"><a href="https://www.amazon.com/dp/B07MHJFRBJ?tag=eloabder-20&linkCode=osi&th=1&psc=1"><img src="https://m.media-amazon.com/images/I/51T27UOdRmL._SL500_.jpg" alt="Product Image"></a><p>Bounty Quick Size Paper Towels, White, 8 Family Rolls = 20 Regular Rolls</p><p>$24.42 ($2.61 / 100 Sheets)</p><a href="https://www.amazon.com/dp/B07MHJFRBJ?tag=eloabder-20&linkCode=osi&th=1&psc=1">View Product</a></div><div class="product"><a href="https://www.amazon.com/dp/B09NW92T8Q?tag=eloabder-20&linkCode=osi&th=1&psc=1"><img src="https://m.media-amazon.com/images/I/5125ACWy+CL._SL500_.jpg" alt="Product Image"></a><p>Sparkle Pick-A-Size Paper Towels, 6 Double Rolls = 12 Regular Rolls, Everyday Value Paper Towel With Full And Half Sheets</p><p>$7.28 ($1.10 / 100 Sheets)</p><a href="https://www.amazon.com/dp/B09NW92T8Q?tag=eloabder-20&linkCode=osi&th=1&psc=1">View Product</a></div><div class="product"><a href="https://www.amazon.com/dp/B002UXRXEG?tag=eloabder-20&linkCode=osi&th=1&psc=1"><img src="https://m.media-amazon.com/images/I/41ZWP7quIVL._SL500_.jpg" alt="Product Image"></a><p>Duracell Coppertop AA Batteries with Power Boost Ingredients, 20 Count Pack Double A Battery with Long-lasting Power, Alkaline AA Battery for Household and Office Devices</p><p>$17.29 ($0.86 / Count)</p><a href="https://www.amazon.com/dp/B002UXRXEG?tag=eloabder-20&linkCode=osi&th=1&psc=1">View Product</a></div><div class="product"><a href="https://www.amazon.com/dp/B0CKK43XXS?tag=eloabder-20&linkCode=osi&th=1&psc=1"><img src="https://m.media-amazon.com/images/I/51H5mXFgbsL._SL500_.jpg" alt="Product Image"></a><p>Scott Paper Towels, Choose-A-Sheet, 6 Double Rolls = 12 Regular Rolls (100 Sheets Per Roll)</p><p>$6.84 ($1.14 / 100 Sheets)</p><a href="https://www.amazon.com/dp/B0CKK43XXS?tag=eloabder-20&linkCode=osi&th=1&psc=1">View Product</a></div>
<div class="product"><a href="https://www.amazon.com/dp/B07JGBW826?tag=eloabder-20&linkCode=osi&th=1&psc=1"><img src="https://m.media-amazon.com/images/I/41nq5khANlL._SL500_.jpg" alt="Product Image"></a><p>Amazon Basics Adult Multivitamin for Men & Women, 300 Gummies with Vitamins A, C, D, E, B-6 and B-12, 150 Count (Pack of 2) (150 Day Supply) (Previously Solimo)</p><p>$14.30 ($0.05 / Count)</p><a href="https://www.amazon.com/dp/B07JGBW826?tag=eloabder-20&linkCode=osi&th=1&psc=1">View Product</a></div><div class="product"><a href="https://www.amazon.com/dp/B00DS5BGDY?tag=eloabder-20&linkCode=osi&th=1&psc=1"><img src="https://m.media-amazon.com/images/I/41zXI0XuNYL._SL500_.jpg" alt="Product Image"></a><p>Nature Made Vitamin B12 1000 mcg, Dietary Supplement for Energy Metabolism Support, 150 Softgels, 150 Day Supply</p><p>$9.98 ($0.07 / Count)</p><a href="https://www.amazon.com/dp/B00DS5BGDY?tag=eloabder-20&linkCode=osi&th=1&psc=1">View Product</a></div><div class="product"><a href="https://www.amazon.com/dp/B007L0DPE0?tag=eloabder-20&linkCode=osi&th=1&psc=1"><img src="https://m.media-amazon.com/images/I/41u67LVdJFL._SL500_.jpg" alt="Product Image"></a><p>Vitafusion Womens Multivitamin Gummies, Berry Flavored Daily Vitamins for Women With Vitamins A, C, D, E, B-6 and B-12, America’s Number 1 Gummy Vitamin Brand, 75 Days Supply, 150 Count</p><p>$10.98 ($0.07 / Count)</p><a href="https://www.amazon.com/dp/B007L0DPE0?tag=eloabder-20&linkCode=osi&th=1&psc=1">View Product</a></div><div class="product"><a href="https://www.amazon.com/dp/B09KCCVL9V?tag=eloabder-20&linkCode=osi&th=1&psc=1"><img src="https://m.media-amazon.com/images/I/419o0W0LJgL._SL500_.jpg" alt="Product Image"></a><p>Centrum Silver Women's Multivitamin for Women 50 Plus, Multivitamin/Multimineral Supplement with Vitamin D3, B Vitamins, Non-GMO Ingredients, Supports Memory and Cognition in Older Adults - 200 Ct</p><p>$15.99 ($0.08 / Count)</p><a href="https://www.amazon.com/dp/B09KCCVL9V?tag=eloabder-20&linkCode=osi&th=1&psc=1">View Product</a></div><div class="product"><a href="https://www.amazon.com/dp/B002QO00YO?tag=eloabder-20&linkCode=osi&th=1&psc=1"><img src="https://m.media-amazon.com/images/I/41SQ-7dbsHL._SL500_.jpg" alt="Product Image"></a><p>Nature Made Vitamin D3 2000 IU (50 mcg), Dietary Supplement for Bone, Teeth, Muscle and Immune Health Support, 90 Softgels, 90 Day Supply</p><p>$6.28 ($0.07 / Count)</p><a href="https://www.amazon.com/dp/B002QO00YO?tag=eloabder-20&linkCode=osi&th=1&psc=1">View Product</a></div><div class="product"><a href="https://www.amazon.com/dp/B0000DJASY?tag=eloabder-20&linkCode=osi&th=1&psc=1"><img src="https://m.media-amazon.com/images/I/41PwuIsYASL._SL500_.jpg" alt="Product Image"></a><p>Nature Made Extra Strength Vitamin C 1000 mg, Dietary Supplement for Immune Support, 100 Tablets, 100 Day Supply</p><p>$9.50 ($0.10 / Count)</p><a href="https://www.amazon.com/dp/B0000DJASY?tag=eloabder-20&linkCode=osi&th=1&psc=1">View Product</a></div><div class="product"><a href="https://www.amazon.com/dp/B00YMSLT88?tag=eloabder-20&linkCode=osi&th=1&psc=1"><img src="https://m.media-amazon.com/images/I/41S95x-3xaL._SL500_.jpg" alt="Product Image"></a><p>Nature Made Multivitamin Tablets with Iron, Multivitamin for Women and Men for Daily Nutritional Support, 130 Tablets, 130 Day Supply</p><p>$11.99 ($0.09 / Count)</p><a href="https://www.amazon.com/dp/B00YMSLT88?tag=eloabder-20&linkCode=osi&th=1&psc=1">View Product</a></div><div class="product"><a href="https://www.amazon.com/dp/B0072F8D7S?tag=eloabder-20&linkCode=osi&th=1&psc=1"><img src="https://m.media-amazon.com/images/I/41j4CBYG0SL._SL500_.jpg" alt="Product Image"></a><p>Nature's Bounty Advanced Hair, Skin & Nails, Argan-Infused Vitamin Supplement with Biotin and Hyaluronic Acid, 150 Rapid Release Softgels</p><p>$10.99 ($0.07 / Count)</p><a href="https://www.amazon.com/dp/B0072F8D7S?tag=eloabder-20&linkCode=osi&th=1&psc=1">View Product</a></div><div class="product"><a href="https://www.amazon.com/dp/B07H8LBDTG?tag=eloabder-20&linkCode=osi&th=1&psc=1"><img src="https://m.media-amazon.com/images/I/41oIEGJy42L._SL500_.jpg" alt="Product Image"></a><p>OLLY Women's Multivitamin Gummy, Vitamins A, D, C, E, Biotin, Folic Acid, Adult Chewable Vitamin, Berry Flavor, 65 Day Supply - 130 Count (Packaging May Vary)</p><p>$16.98 ($0.13 / Count)</p><a href="https://www.amazon.com/dp/B07H8LBDTG?tag=eloabder-20&linkCode=osi&th=1&psc=1">View Product</a></div><div class="product"><a href="https://www.amazon.com/dp/B0014D2GEK?tag=eloabder-20&linkCode=osi&th=1&psc=1"><img src="https://m.media-amazon.com/images/I/41Al6x+mTKL._SL500_.jpg" alt="Product Image"></a><p>Nature's Bounty Super B Complex with Vitamin C & Folic Acid, Immune & Energy Support, 150 tablets</p><p>$12.73 ($0.08 / Count)</p><a href="https://www.amazon.com/dp/B0014D2GEK?tag=eloabder-20&linkCode=osi&th=1&psc=1">View Product</a></div>
<div class="product"><a href="https://www.amazon.com/dp/B0BG94RWYN?tag=eloabder-20&linkCode=osi&th=1&psc=1"><img src="https://m.media-amazon.com/images/I/41k1yrK-eGL._SL500_.jpg" alt="Product Image"></a><p>Sea Moss 3000mg Black Seed Oil 2000mg Ashwagandha 1000mg Turmeric 1000mg Bladderwrack 1000mg Burdock 1000mg & Vitamin C & D3 with Elderberry Manuka Dandelion Yellow Dock Iodine Chlorophyll ACV</p><p>$23.96 ($0.40 / Count)</p><a href="https://www.amazon.com/dp/B0BG94RWYN?tag=eloabder-20&linkCode=osi&th=1&psc=1">View Product</a></div><div class="product"><a href="https://www.amazon.com/dp/B01DBTFO98?tag=eloabder-20&linkCode=osi&th=1&psc=1"><img src="https://m.media-amazon.com/images/I/51Evo4SKmEL._SL500_.jpg" alt="Product Image"></a><p>Turmeric Curcumin with Black Pepper Extract 1500mg - High Absorption Ultra Potent Turmeric Supplement with 95% Curcuminoids and BioPerine - Non GMO Turmeric Capsules for Joint Support - 90 Capsules</p><p>$18.79 ($0.21 / Count)</p><a href="https://www.amazon.com/dp/B01DBTFO98?tag=eloabder-20&linkCode=osi&th=1&psc=1">View Product</a></div><div class="product"><a href="https://www.amazon.com/dp/B0BG6TGKZS?tag=eloabder-20&linkCode=osi&th=1&psc=1"><img src="https://m.media-amazon.com/images/I/41aCogcx9OL._SL500_.jpg" alt="Product Image"></a><p>Clean Nutraceuticals Lions Mane 3000mg 20in1 Mushroom Supplement with Turkey Tail 2000mg Reishi 1000mg Cordyceps Chaga 1000mg Maitake Meshima Poria Cocos Shiitake Oyster Porcini Enoki 60 Count</p><p>$29.95 ($0.50 / Count)</p><a href="https://www.amazon.com/dp/B0BG6TGKZS?tag=eloabder-20&linkCode=osi&th=1&psc=1">View Product</a></div><div class="product"><a href="https://www.amazon.com/dp/B0CV9JW4DS?tag=eloabder-20&linkCode=osi&th=1&psc=1"><img src="https://m.media-amazon.com/images/I/51L8z3xzNsL._SL500_.jpg" alt="Product Image"></a><p>Zoyava Dynamic Vitality Bundle, Sea Moss and Shilajit Bundle, Sea Moss 7000mg, Black Seed Oil 4000mg, Ashwagandha 2000mg, Ginger & Shilajit 9000mg, Rhodiola Rosea 1000mg, Panax Ginseng (60 Count)</p><p>$25.99 ($0.43 / Count)</p><a href="https://www.amazon.com/dp/B0CV9JW4DS?tag=eloabder-20&linkCode=osi&th=1&psc=1">View Product</a></div><div class="product"><a href="https://www.amazon.com/dp/B00H5PJ0HW?tag=eloabder-20&linkCode=osi&th=1&psc=1"><img src="https://m.media-amazon.com/images/I/414mKN9ZjbL._SL500_.jpg" alt="Product Image"></a><p>Nature's Bounty Magnesium, Bone and Muscle Health, Whole Body Support, Tablets, 500 Mg, 200 Ct</p><p>$11.28 ($0.06 / Count)</p><a href="https://www.amazon.com/dp/B00H5PJ0HW?tag=eloabder-20&linkCode=osi&th=1&psc=1">View Product</a></div><div class="product"><a href="https://www.amazon.com/dp/B08YLTCDTN?tag=eloabder-20&linkCode=osi&th=1&psc=1"><img src="https://m.media-amazon.com/images/I/41aybXdjmLL._SL500_.jpg" alt="Product Image"></a><p>Nature's Bounty Zinc 50mg, Immune Support & Antioxidant Supplement, Promotes Skin Health 250 Caplets</p><p>$9.48 ($0.04 / Count)</p><a href="https://www.amazon.com/dp/B08YLTCDTN?tag=eloabder-20&linkCode=osi&th=1&psc=1">View Product</a></div><div class="product"><a href="https://www.amazon.com/dp/B0000DJAQU?tag=eloabder-20&linkCode=osi&th=1&psc=1"><img src="https://m.media-amazon.com/images/I/41c7alI7ydL._SL500_.jpg" alt="Product Image"></a><p>Nature Made Fish Oil 1200 mg Softgels, Fish Oil Supplements, Omega 3 Fish Oil for Healthy Heart Support, Omega 3 Supplement with 100 Softgels, 50 Day Supply</p><p>$12.59 ($0.13 / Count)</p><a href="https://www.amazon.com/dp/B0000DJAQU?tag=eloabder-20&linkCode=osi&th=1&psc=1">View Product</a></div><div class="product"><a href="https://www.amazon.com/dp/B07XFGCP21?tag=eloabder-20&linkCode=osi&th=1&psc=1"><img src="https://m.media-amazon.com/images/I/518FQmoWjFL._SL500_.jpg" alt="Product Image"></a><p>Turmeric Curcumin with BioPerine & Ginger 95% Curcuminoids 1950mg - Black Pepper Extract for Max Absorption, Nature's Joint Support Supplement, Herbal Turmeric Pills, Vegan Non-GMO - 240 Capsules</p><p>$26.02 ($0.11 / Count)</p><a href="https://www.amazon.com/dp/B07XFGCP21?tag=eloabder-20&linkCode=osi&th=1&psc=1">View Product</a></div><div class="product"><a href="https://www.amazon.com/dp/B00DS5BGDY?tag=eloabder-20&linkCode=osi&th=1&psc=1"><img src="https://m.media-amazon.com/images/I/41zXI0XuNYL._SL500_.jpg" alt="Product Image"></a><p>Nature Made Vitamin B12 1000 mcg, Dietary Supplement for Energy Metabolism Support, 150 Softgels, 150 Day Supply</p><p>$9.98 ($0.07 / Count)</p><a href="https://www.amazon.com/dp/B00DS5BGDY?tag=eloabder-20&linkCode=osi&th=1&psc=1">View Product</a></div><div class="product"><a href="https://www.amazon.com/dp/B0055OUOQQ?tag=eloabder-20&linkCode=osi&th=1&psc=1"><img src="https://m.media-amazon.com/images/I/41S1bhYiFiL._SL500_.jpg" alt="Product Image"></a><p>Qunol CoQ10 100mg Softgels, Ultra CoQ10 100mg, 3x Better Absorption, Antioxidant for Heart Health & Energy Production, Coenzyme Q10 Vitamins and Supplements, 4 Month Supply, 120 Count</p><p>$29.97 ($0.25 / Count)</p><a href="https://www.amazon.com/dp/B0055OUOQQ?tag=eloabder-20&linkCode=osi&th=1&psc=1">View Product</a></div>
<div class="product"><a href="https://www.amazon.com/dp/B074F2H9VT?tag=eloabder-20&linkCode=osi&th=1&psc=1"><img src="https://m.media-amazon.com/images/I/31h55XAq3BL._SL500_.jpg" alt="Product Image"></a><p>Amazon Basic Care Extra Strength Pain Relief, Acetaminophen Caplets, 500 mg, 200 Count</p><p>$4.79 ($0.02 / Count)</p><a href="https://www.amazon.com/dp/B074F2H9VT?tag=eloabder-20&linkCode=osi&th=1&psc=1">View Product</a></div><div class="product"><a href="https://www.amazon.com/dp/B0BTMWW333?tag=eloabder-20&linkCode=osi&th=1&psc=1"><img src="https://m.media-amazon.com/images/I/515qvsGXGOL._SL500_.jpg" alt="Product Image"></a><p>Absorbine Jr. PRO Maximum Strength Lidocaine Roll-On for Fast Nerve and Muscle Pain Relief</p><p>$12.97 ($5.19 / Ounce)</p><a href="https://www.amazon.com/dp/B0BTMWW333?tag=eloabder-20&linkCode=osi&th=1&psc=1">View Product</a></div><div class="product"><a href="https://www.amazon.com/dp/B01AB4U6PI?tag=eloabder-20&linkCode=osi&th=1&psc=1"><img src="https://m.media-amazon.com/images/I/41rff0KTJnL._SL500_.jpg" alt="Product Image"></a><p>Salonpas Pain Relieving Patch for Back, Neck, Shoulder, Knee Pain and Muscle Soreness - 8 Hour Pain Relief - 60 Count</p><p>$10.34 ($0.17 / Count)</p><a href="https://www.amazon.com/dp/B01AB4U6PI?tag=eloabder-20&linkCode=osi&th=1&psc=1">View Product</a></div><div class="product"><a href="https://www.amazon.com/dp/B00L45KPG4?tag=eloabder-20&linkCode=osi&th=1&psc=1"><img src="https://m.media-amazon.com/images/I/41H-+cQjC8L._SL500_.jpg" alt="Product Image"></a><p>Bayer Extra Strength 500mg Aspirin Plus Caffeine for Powerful Pain Relief, 200 Coated Caplets</p><p>$17.17 ($0.09 / Count)</p><a href="https://www.amazon.com/dp/B00L45KPG4?tag=eloabder-20&linkCode=osi&th=1&psc=1">View Product</a></div><div class="product"><a href="https://www.amazon.com/dp/B074F297T8?tag=eloabder-20&linkCode=osi&th=1&psc=1"><img src="https://m.media-amazon.com/images/I/41LYjDMDVUL._SL500_.jpg" alt="Product Image"></a><p>Amazon Basic Care Ibuprofen Tablets 200 mg, Pain Reliever/Fever Reducer, Body Aches, Headache, Arthritis Pain Relief and More, 500 Count (Pack of 1)</p><p>$9.01 ($0.02 / Count)</p><a href="https://www.amazon.com/dp/B074F297T8?tag=eloabder-20&linkCode=osi&th=1&psc=1">View Product</a></div><div class="product"><a href="https://www.amazon.com/dp/B01HI7WP0U?tag=eloabder-20&linkCode=osi&th=1&psc=1"><img src="https://m.media-amazon.com/images/I/41W2gWWMMvL._SL500_.jpg" alt="Product Image"></a><p>Tylenol Extra Strength Acetaminophen Rapid Release Gels, Pain Reliever & Fever Reducer, 100 ct</p><p>$10.60 ($0.11 / Count)</p><a href="https://www.amazon.com/dp/B01HI7WP0U?tag=eloabder-20&linkCode=osi&th=1&psc=1">View Product</a></div><div class="product"><a href="https://www.amazon.com/dp/B01LXFEY6H?tag=eloabder-20&linkCode=osi&th=1&psc=1"><img src="https://m.media-amazon.com/images/I/31hLnewBXIL._SL500_.jpg" alt="Product Image"></a><p>Biofreeze Pain Relief Gel, Arthritis Pain Reliver, Knee & Lower Back Pain Relief, Sore Muscle Relief, Neck Pain Relief, Pharmacist Recommended, FSA Eligible, 3 FL OZ Biofreeze Menthol Gel</p><p>$10.03 ($3.34 / Ounce)</p><a href="https://www.amazon.com/dp/B01LXFEY6H?tag=eloabder-20&linkCode=osi&th=1&psc=1">View Product</a></div><div class="product"><a href="https://www.amazon.com/dp/B074F2FSX4?tag=eloabder-20&linkCode=osi&th=1&psc=1"><img src="https://m.media-amazon.com/images/I/41NsmqTCfVL._SL500_.jpg" alt="Product Image"></a><p>Amazon Basic Care Naproxen Sodium Tablets 220 mg, Pain Reliever/Fever Reducer (NSAID), Muscular Aches, Backache, Headache, Toothache, Minor Arthritis Pain Relief and More, 300 Count</p><p>$14.99 ($0.05 / Count)</p><a href="https://www.amazon.com/dp/B074F2FSX4?tag=eloabder-20&linkCode=osi&th=1&psc=1">View Product</a></div><div class="product"><a href="https://www.amazon.com/dp/B0077VYSYY?tag=eloabder-20&linkCode=osi&th=1&psc=1"><img src="https://m.media-amazon.com/images/I/41SHrlfMFdL._SL500_.jpg" alt="Product Image"></a><p>Tylenol 8 Hour Arthritis Pain Tablets with Acetaminophen for Joint Pain, 100 ct</p><p>$9.99 ($0.10 / Count)</p><a href="https://www.amazon.com/dp/B0077VYSYY?tag=eloabder-20&linkCode=osi&th=1&psc=1">View Product</a></div>
<div class="product"><a href="https://www.amazon.com/dp/B07KRMQ8W6?tag=eloabder-20&linkCode=osi&th=1&psc=1"><img src="https://m.media-amazon.com/images/I/31-2HjYAfiL._SL500_.jpg" alt="Product Image"></a><p>Bactine MAX First Aid Spray - Pain Relief Cleansing Spray with 4% Lidocaine - Numbing Lidocaine Spray Kills 99.9% of Germs - Pain + Itch Relief for Minor Cuts & Scrapes, Burns & Bug Bites - 5oz</p><p>$5.30 ($1.06 / Fl Oz)</p><a href="https://www.amazon.com/dp/B07KRMQ8W6?tag=eloabder-20&linkCode=osi&th=1&psc=1">View Product</a></div><div class="product"><a href="https://www.amazon.com/dp/B01N6T0XHP?tag=eloabder-20&linkCode=osi&th=1&psc=1"><img src="https://m.media-amazon.com/images/I/31VmxqprYDL._SL500_.jpg" alt="Product Image"></a><p>Curad Assorted Bandages Variety Pack 300 Pieces, Including Antibacterial, Heavy Duty, Fabric, and Waterproof Bandages</p><p>$11.99 ($0.04 / Count)</p><a href="https://www.amazon.com/dp/B01N6T0XHP?tag=eloabder-20&linkCode=osi&th=1&psc=1">View Product</a></div><div class="product"><a href="https://www.amazon.com/dp/B000069EYA?tag=eloabder-20&linkCode=osi&th=1&psc=1"><img src="https://m.media-amazon.com/images/I/51aUpEuI0cL._SL500_.jpg" alt="Product Image"></a><p>First Aid Only 299 Piece All-Purpose First Aid Emergency Kit (FAO-442)</p><p>$20.58</p><a href="https://www.amazon.com/dp/B000069EYA?tag=eloabder-20&linkCode=osi&th=1&psc=1">View Product</a></div><div class="product"><a href="https://www.amazon.com/dp/B076FS9RYL?tag=eloabder-20&linkCode=osi&th=1&psc=1"><img src="https://m.media-amazon.com/images/I/51A3wOry1oL._SL500_.jpg" alt="Product Image"></a><p>General Medi 160 Piece First Aid Kit Bag Refill Kit - Includes Eyewash, Instant Cold Pack, Bandages,Emergency Blanket, Moleskin Pad, Gauze - Extra Replacement Medical Supplies for First Aid</p><p>$19.95</p><a href="https://www.amazon.com/dp/B076FS9RYL?tag=eloabder-20&linkCode=osi&th=1&psc=1">View Product</a></div><div class="product"><a href="https://www.amazon.com/dp/B0CMSVYQW5?tag=eloabder-20&linkCode=osi&th=1&psc=1"><img src="https://m.media-amazon.com/images/I/51R6OcPKsiL._SL500_.jpg" alt="Product Image"></a><p>AZEN 25 Pack Gauze Rolls Bandages, 3 in x 4.1 Yards, Premium Medical Supplies & First Aid Supplies, Bandage Wrap Vet Wrap, Mummy Wraps</p><p>$6.99 ($0.28 / Count)</p><a href="https://www.amazon.com/dp/B0CMSVYQW5?tag=eloabder-20&linkCode=osi&th=1&psc=1">View Product</a></div><div class="product"><a href="https://www.amazon.com/dp/B01LX9UR77?tag=eloabder-20&linkCode=osi&th=1&psc=1"><img src="https://m.media-amazon.com/images/I/51A7ljiKvAL._SL500_.jpg" alt="Product Image"></a><p>Ever Ready First Aid Self Adherent Cohesive Bandages 3" x 5 Yards - 6 Count, Rainbow Colors</p><p>$9.95 ($1.66 / Count)</p><a href="https://www.amazon.com/dp/B01LX9UR77?tag=eloabder-20&linkCode=osi&th=1&psc=1">View Product</a></div><div class="product"><a href="https://www.amazon.com/dp/B0084GX1JO?tag=eloabder-20&linkCode=osi&th=1&psc=1"><img src="https://m.media-amazon.com/images/I/31BzSButj2S._SL500_.jpg" alt="Product Image"></a><p>First Aid Only FAE-7011 SmartCompliance Refill Burn Cream Packets, 10 Count</p><p>$3.99 ($0.40 / Count)</p><a href="https://www.amazon.com/dp/B0084GX1JO?tag=eloabder-20&linkCode=osi&th=1&psc=1">View Product</a></div><div class="product"><a href="https://www.amazon.com/dp/B010VE7BS8?tag=eloabder-20&linkCode=osi&th=1&psc=1"><img src="https://m.media-amazon.com/images/I/41qfuMfsQoL._SL500_.jpg" alt="Product Image"></a><p>Band-Aid Brand Cushion Care Non-Stick Gauze Pads, Individually-Wrapped, Medium, 3 in x 3 in, 10 ct</p><p>$1.75 ($0.18 / Count)</p><a href="https://www.amazon.com/dp/B010VE7BS8?tag=eloabder-20&linkCode=osi&th=1&psc=1">View Product</a></div><div class="product"><a href="https://www.amazon.com/dp/B093JSJ2ZF?tag=eloabder-20&linkCode=osi&th=1&psc=1"><img src="https://m.media-amazon.com/images/I/51zutl8x7pS._SL500_.jpg" alt="Product Image"></a><p>Ever Ready First Aid Disposable Cold Compress Therapy Instant Ice Pack for Injuries 4.5" x 7" - 6 Pack</p><p>$8.95 ($1.49 / Count)</p><a href="https://www.amazon.com/dp/B093JSJ2ZF?tag=eloabder-20&linkCode=osi&th=1&psc=1">View Product</a></div>
<div class="product"><a href="https://www.amazon.com/dp/B000QXH4PK?tag=eloabder-20&linkCode=osi&th=1&psc=1"><img src="https://m.media-amazon.com/images/I/41SXL+-YzcL._SL500_.jpg" alt="Product Image"></a><p>Listerine Cool Mint Pocketpaks Breath Strips Kills Bad Breath Germs, 24-Strip Pack, 3 Pack</p><p>$5.72 ($0.08 / Count)</p><a href="https://www.amazon.com/dp/B000QXH4PK?tag=eloabder-20&linkCode=osi&th=1&psc=1">View Product</a></div><div class="product"><a href="https://www.amazon.com/dp/B00CC6XSRC?tag=eloabder-20&linkCode=osi&th=1&psc=1"><img src="https://m.media-amazon.com/images/I/41OKKVbMN-L._SL500_.jpg" alt="Product Image"></a><p>Colgate Extra Clean Toothbrush, Medium Bulk Toothbrush Pack, Adult Medium Bristle Toothbrushes with Ergonomic Handle and Circular Cleaning Bristles, Helps Remove Surface Stains, 6 Pack</p><p>$4.96 ($0.83 / Count)</p><a href="https://www.amazon.com/dp/B00CC6XSRC?tag=eloabder-20&linkCode=osi&th=1&psc=1">View Product</a></div><div class="product"><a href="https://www.amazon.com/dp/B0D1KXV9ZS?tag=eloabder-20&linkCode=osi&th=1&psc=1"><img src="https://m.media-amazon.com/images/I/311Liu9BWoL._SL500_.jpg" alt="Product Image"></a><p>Vagisil pH Balance Daily Freshening Wipes for Feminine Hygiene in Resealable Pouch, Gynecologist Tested & Hypoallergenic, 20 Wipes (Pack of 1)</p><p>$2.97 ($0.15 / Count)</p><a href="https://www.amazon.com/dp/B0D1KXV9ZS?tag=eloabder-20&linkCode=osi&th=1&psc=1">View Product</a></div><div class="product"><a href="https://www.amazon.com/dp/B00GS6ORQI?tag=eloabder-20&linkCode=osi&th=1&psc=1"><img src="https://m.media-amazon.com/images/I/418glF-R7rL._SL500_.jpg" alt="Product Image"></a><p>Vagisil Feminine Wash for Intimate Area Hygiene, Odor Block, Gynecologist Tested, Hypoallergenic, 12 oz, (Pack of 1)</p><p>$5.67 ($0.47 / Fl Oz)</p><a href="https://www.amazon.com/dp/B00GS6ORQI?tag=eloabder-20&linkCode=osi&th=1&psc=1">View Product</a></div>
<div class="product"><a href="https://www.amazon.com/dp/B09F8FZ18G?tag=eloabder-20&linkCode=osi&th=1&psc=1"><img src="https://m.media-amazon.com/images/I/51WkgqQXqCL._SL500_.jpg" alt="Product Image"></a><p>Crest 3D White Advanced Luminous Mint Teeth Whitening Toothpaste, 3.7 oz Pack of 4 - Helps Remove Surface Stains, Whitens Teeth, Strengthens Tooth Enamel, Protects Against Cavities</p><p>$14.99 ($1.01 / Ounce)</p><a href="https://www.amazon.com/dp/B09F8FZ18G?tag=eloabder-20&linkCode=osi&th=1&psc=1">View Product</a></div><div class="product"><a href="https://www.amazon.com/dp/B005PLQIQ4?tag=eloabder-20&linkCode=osi&th=1&psc=1"><img src="https://m.media-amazon.com/images/I/51DOyE1fx2L._SL500_.jpg" alt="Product Image"></a><p>Crest + Scope Complete Whitening Toothpaste - Pack of 3, 5.4 Oz Tubes - Anticavity Fluoride Toothpaste - Fresh Breath, Kills Germs - Tartar Protection, Enamel Protection - Minty Fresh Flavor</p><p>$9.00 ($0.56 / Ounce)</p><a href="https://www.amazon.com/dp/B005PLQIQ4?tag=eloabder-20&linkCode=osi&th=1&psc=1">View Product</a></div><div class="product"><a href="https://www.amazon.com/dp/B01BNHREXE?tag=eloabder-20&linkCode=osi&th=1&psc=1"><img src="https://m.media-amazon.com/images/I/41J8piWJzLL._SL500_.jpg" alt="Product Image"></a><p>Colgate Baking Soda & Peroxide Toothpaste - Whitens Teeth, Fights Cavities & Removes Stains, Brisk Mint, 6 Ounce (Pack of 2)</p><p>$3.78 ($0.32 / Ounce)</p><a href="https://www.amazon.com/dp/B01BNHREXE?tag=eloabder-20&linkCode=osi&th=1&psc=1">View Product</a></div><div class="product"><a href="https://www.amazon.com/dp/B0BLX8VSCH?tag=eloabder-20&linkCode=osi&th=1&psc=1"><img src="https://m.media-amazon.com/images/I/61dvpbGDJjL._SL500_.jpg" alt="Product Image"></a><p>Colgate Max Fresh Whitening Toothpaste with Mini Strips, Clean Mint Toothpaste for Bad Breath, Helps Fight Cavities, Whitens Teeth, and Freshens Breath, 6.3 Ounce (Pack of 4)</p><p>$10.65 ($0.42 / Ounce)</p><a href="https://www.amazon.com/dp/B0BLX8VSCH?tag=eloabder-20&linkCode=osi&th=1&psc=1">View Product</a></div><div class="product"><a href="https://www.amazon.com/dp/B082F1QH7S?tag=eloabder-20&linkCode=osi&th=1&psc=1"><img src="https://m.media-amazon.com/images/I/41QujaAN0gL._SL500_.jpg" alt="Product Image"></a><p>Colgate Optic White Advanced Hydrogen Peroxide Toothpaste, Teeth Whitening Toothpaste Pack, Enamel-Safe Formula, Helps Remove Tea, Coffee, and Wine Stains, Sparkling White, 3 Pack, 3.2 oz</p><p>$12.96 ($1.35 / Ounce)</p><a href="https://www.amazon.com/dp/B082F1QH7S?tag=eloabder-20&linkCode=osi&th=1&psc=1">View Product</a></div><div class="product"><a href="https://www.amazon.com/dp/B0BLJ68F9R?tag=eloabder-20&linkCode=osi&th=1&psc=1"><img src="https://m.media-amazon.com/images/I/51ccJX66fBL._SL500_.jpg" alt="Product Image"></a><p>Crest Pro-Health Clean Mint Toothpaste (4.3oz) Triple Pack</p><p>$8.97 ($0.70 / Ounce)</p><a href="https://www.amazon.com/dp/B0BLJ68F9R?tag=eloabder-20&linkCode=osi&th=1&psc=1">View Product</a></div><div class="product"><a href="https://www.amazon.com/dp/B08S8QNW2K?tag=eloabder-20&linkCode=osi&th=1&psc=1"><img src="https://m.media-amazon.com/images/I/51uFURqklfL._SL500_.jpg" alt="Product Image"></a><p>Crest Complete Active Fresh + Whitening Toothpaste, 5.5oz (Pack of 4)</p><p>$10.99 ($0.50 / Ounce)</p><a href="https://www.amazon.com/dp/B08S8QNW2K?tag=eloabder-20&linkCode=osi&th=1&psc=1">View Product</a></div><div class="product"><a href="https://www.amazon.com/dp/B0BTTCFLZ8?tag=eloabder-20&linkCode=osi&th=1&psc=1"><img src="https://m.media-amazon.com/images/I/51NJ5NPUFaL._SL500_.jpg" alt="Product Image"></a><p>Sensodyne Pronamel Gentle Teeth Whitening Enamel Toothpaste for Sensitive Teeth, to Reharden and Strengthen Enamel, Amazon Exclusive, Fresh Mint - 4 Ounces (Pack of 3)</p><p>$17.47 ($1.46 / Ounce)</p><a href="https://www.amazon.com/dp/B0BTTCFLZ8?tag=eloabder-20&linkCode=osi&th=1&psc=1">View Product</a></div><div class="product"><a href="https://www.amazon.com/dp/B0BLWLL3FV?tag=eloabder-20&linkCode=osi&th=1&psc=1"><img src="https://m.media-amazon.com/images/I/51jArmJ-0-L._SL500_.jpg" alt="Product Image"></a><p>Colgate Total Whitening Toothpaste with Fluoride, 10 Benefits Including Sensitivity Relief and Stain Removal, Mint, 5.1 ounces (4 Pack)</p><p>$15.84 ($0.78 / Ounce)</p><a href="https://www.amazon.com/dp/B0BLWLL3FV?tag=eloabder-20&linkCode=osi&th=1&psc=1">View Product</a></div>
<div class="product"><a href="https://www.amazon.com/dp/B00CC6XSRC?tag=eloabder-20&linkCode=osi&th=1&psc=1"><img src="https://m.media-amazon.com/images/I/41OKKVbMN-L._SL500_.jpg" alt="Product Image"></a><p>Colgate Extra Clean Toothbrush, Medium Bulk Toothbrush Pack, Adult Medium Bristle Toothbrushes with Ergonomic Handle and Circular Cleaning Bristles, Helps Remove Surface Stains, 6 Pack</p><p>$4.96 ($0.83 / Count)</p><a href="https://www.amazon.com/dp/B00CC6XSRC?tag=eloabder-20&linkCode=osi&th=1&psc=1">View Product</a></div><div class="product"><a href="https://www.amazon.com/dp/B06XK2M3H3?tag=eloabder-20&linkCode=osi&th=1&psc=1"><img src="https://m.media-amazon.com/images/I/41tntn0c7BL._SL500_.jpg" alt="Product Image"></a><p>Oral-B Vivid Dual Action Whitening Toothbrushes, Soft, 4 Count (Packaging and Product Color May Vary)</p><p>$7.99 ($2.00 / Count)</p><a href="https://www.amazon.com/dp/B06XK2M3H3?tag=eloabder-20&linkCode=osi&th=1&psc=1">View Product</a></div><div class="product"><a href="https://www.amazon.com/dp/B01KZ6V00W?tag=eloabder-20&linkCode=osi&th=1&psc=1"><img src="https://m.media-amazon.com/images/I/51+dIaobkXL._SL500_.jpg" alt="Product Image"></a><p>Oral-B CrossAction All in One Soft Toothbrushes, Deep Plaque Removal, Rounded Bristles Gentle on Teeth, Tongue and Cheek Cleaner, Gum Stimulators, 6 Count</p><p>$17.99 ($3.00 / Count)</p><a href="https://www.amazon.com/dp/B01KZ6V00W?tag=eloabder-20&linkCode=osi&th=1&psc=1">View Product</a></div><div class="product"><a href="https://www.amazon.com/dp/B08QWYMMYL?tag=eloabder-20&linkCode=osi&th=1&psc=1"><img src="https://m.media-amazon.com/images/I/41WAFKNB0iL._SL500_.jpg" alt="Product Image"></a><p>Amazon Basics Clean Plus Toothbrushes, Soft, Full, 10 Count, Assorted Colors (Previously Solimo)</p><p>$5.28 ($0.53 / Count)</p><a href="https://www.amazon.com/dp/B08QWYMMYL?tag=eloabder-20&linkCode=osi&th=1&psc=1">View Product</a></div><div class="product"><a href="https://www.amazon.com/dp/B08JQCZ71B?tag=eloabder-20&linkCode=osi&th=1&psc=1"><img src="https://m.media-amazon.com/images/I/41Zvcj-EvDL._SL500_.jpg" alt="Product Image"></a><p>Reach Essentials Toothbrush with Toothbrush Caps, Multi-Zoned Angled Soft Bristles, Contoured Handle, Tongue Scraper, 6 Count</p><p>$3.98 ($0.66 / Count)</p><a href="https://www.amazon.com/dp/B08JQCZ71B?tag=eloabder-20&linkCode=osi&th=1&psc=1">View Product</a></div><div class="product"><a href="https://www.amazon.com/dp/B09HSS29YD?tag=eloabder-20&linkCode=osi&th=1&psc=1"><img src="https://m.media-amazon.com/images/I/41nh2h+aUpL._SL500_.jpg" alt="Product Image"></a><p>Reach Essentials Toothbrush with Toothbrush Covers, Multi-Angled Medium Bristles, Contoured Handle, Tongue Scraper, 6 Count</p><p>$2.84 ($0.47 / Count)</p><a href="https://www.amazon.com/dp/B09HSS29YD?tag=eloabder-20&linkCode=osi&th=1&psc=1">View Product</a></div><div class="product"><a href="https://www.amazon.com/dp/B073HC7WHW?tag=eloabder-20&linkCode=osi&th=1&psc=1"><img src="https://m.media-amazon.com/images/I/417TOxynbBL._SL500_.jpg" alt="Product Image"></a><p>Oral B Cavity Defense 123 Black Toothbrush � Medium (Pack of 4)</p><p>$5.69 ($1.42 / Count)</p><a href="https://www.amazon.com/dp/B073HC7WHW?tag=eloabder-20&linkCode=osi&th=1&psc=1">View Product</a></div><div class="product"><a href="https://www.amazon.com/dp/B07S9GV83R?tag=eloabder-20&linkCode=osi&th=1&psc=1"><img src="https://m.media-amazon.com/images/I/41ziiRLsaEL._SL500_.jpg" alt="Product Image"></a><p>Colgate 360 Optic White Advanced Whitening Toothbrush, Adult Medium Toothbrush with Whitening Cups, Helps Whiten Teeth and Removes Odor Causing Bacteria, 2 Pack</p><p>$7.96 ($3.98 / Count)</p><a href="https://www.amazon.com/dp/B07S9GV83R?tag=eloabder-20&linkCode=osi&th=1&psc=1">View Product</a></div>
<div class="product"><a href="https://www.amazon.com/dp/B00IRKRK9O?tag=eloabder-20&linkCode=osi&th=1&psc=1"><img src="https://m.media-amazon.com/images/I/51oNh1DLVjL._SL500_.jpg" alt="Product Image"></a><p>TheraBreath Fresh Breath Mouthwash, Icy Mint Flavor, Alcohol-Free, 16 Fl Oz (Pack of 2)</p><p>$15.34 ($0.48 / Fl Oz)</p><a href="https://www.amazon.com/dp/B00IRKRK9O?tag=eloabder-20&linkCode=osi&th=1&psc=1">View Product</a></div><div class="product"><a href="https://www.amazon.com/dp/B0B5Y7KCS8?tag=eloabder-20&linkCode=osi&th=1&psc=1"><img src="https://m.media-amazon.com/images/I/51Dmtgp-2ZL._SL500_.jpg" alt="Product Image"></a><p>Listerine Total Care Anticavity Fluoride Mouthwash, Kills 99.9% of Germs That Cause Bad Breath and Prevents Cavities, Fresh Mint Flavor, 1L (Pack of 2)</p><p>$15.96 ($0.24 / Fl Oz)</p><a href="https://www.amazon.com/dp/B0B5Y7KCS8?tag=eloabder-20&linkCode=osi&th=1&psc=1">View Product</a></div><div class="product"><a href="https://www.amazon.com/dp/B0758F8KDC?tag=eloabder-20&linkCode=osi&th=1&psc=1"><img src="https://m.media-amazon.com/images/I/51JvxvVlcIL._SL500_.jpg" alt="Product Image"></a><p>TheraBreath Healthy Gums Mouthwash Clean Mint, Antigingivitis, Dentist Formulated, 16 Fl Oz (2-Pack)</p><p>$17.64 ($0.55 / Fl Oz)</p><a href="https://www.amazon.com/dp/B0758F8KDC?tag=eloabder-20&linkCode=osi&th=1&psc=1">View Product</a></div><div class="product"><a href="https://www.amazon.com/dp/B003CP12O8?tag=eloabder-20&linkCode=osi&th=1&psc=1"><img src="https://m.media-amazon.com/images/I/41q24Q+sXGL._SL500_.jpg" alt="Product Image"></a><p>Crest Pro Health Multi-Protection Mouthwash with CPC (Cetylpyridinium Chloride), Clean Mint, 1L (33.8 fl oz)</p><p>$4.97 ($0.05 / Fl Oz)</p><a href="https://www.amazon.com/dp/B003CP12O8?tag=eloabder-20&linkCode=osi&th=1&psc=1">View Product</a></div><div class="product"><a href="https://www.amazon.com/dp/B0126XBQK6?tag=eloabder-20&linkCode=osi&th=1&psc=1"><img src="https://m.media-amazon.com/images/I/41nVZBcG4uL._SL500_.jpg" alt="Product Image"></a><p>Crest Pro-Health Advanced Mouthwash, Alcohol Free, Extra Whitening, Energizing Mint Flavor, 946 mL (32 fl oz)</p><p>$7.32 ($0.23 / Fl Oz)</p><a href="https://www.amazon.com/dp/B0126XBQK6?tag=eloabder-20&linkCode=osi&th=1&psc=1">View Product</a></div><div class="product"><a href="https://www.amazon.com/dp/B0C881GLNM?tag=eloabder-20&linkCode=osi&th=1&psc=1"><img src="https://m.media-amazon.com/images/I/51C2ohy2RWL._SL500_.jpg" alt="Product Image"></a><p>Crest Pro-Health Advanced Mouthwash, Alcohol Free, Multi-Protection, Fresh Mint, 1 L (33.8 fl oz), Pack of 2</p><p>$10.97 ($0.16 / Fl Oz)</p><a href="https://www.amazon.com/dp/B0C881GLNM?tag=eloabder-20&linkCode=osi&th=1&psc=1">View Product</a></div><div class="product"><a href="https://www.amazon.com/dp/B001ET76AI?tag=eloabder-20&linkCode=osi&th=1&psc=1"><img src="https://m.media-amazon.com/images/I/516FU3AGpJL._SL500_.jpg" alt="Product Image"></a><p>TheraBreath Fresh Breath Mouthwash, Mild Mint Flavor, Alcohol-Free, 16 Fl Oz (2-Pack)</p><p>$15.34 ($0.48 / Fl Oz)</p><a href="https://www.amazon.com/dp/B001ET76AI?tag=eloabder-20&linkCode=osi&th=1&psc=1">View Product</a></div><div class="product"><a href="https://www.amazon.com/dp/B08MFWB9DY?tag=eloabder-20&linkCode=osi&th=1&psc=1"><img src="https://m.media-amazon.com/images/I/41EFMnoVtWL._SL500_.jpg" alt="Product Image"></a><p>Listerine Cool Mint Mouthwash, Kills 99.9% of Germs That Cause Bad Breath, Plaque and Gingivitis, Antiseptic, Cool Mint Flavor, 1 L (Pack of 2)</p><p>$21.98 ($0.33 / Count)</p><a href="https://www.amazon.com/dp/B08MFWB9DY?tag=eloabder-20&linkCode=osi&th=1&psc=1">View Product</a></div><div class="product"><a href="https://www.amazon.com/dp/B0B5Y2G4HH?tag=eloabder-20&linkCode=osi&th=1&psc=1"><img src="https://m.media-amazon.com/images/I/41KhoumiQGL._SL500_.jpg" alt="Product Image"></a><p>Listerine Freshburst Antiseptic Mouthwash for Bad Breath, Kills 99% of Germs That Cause Bad Breath & Fight Plaque & Gingivitis, ADA Accepted Mouthwash, Spearmint, 1 L, Pack of 2</p><p>$13.96 ($0.21 / Fl Oz)</p><a href="https://www.amazon.com/dp/B0B5Y2G4HH?tag=eloabder-20&linkCode=osi&th=1&psc=1">View Product</a></div><div class="product"><a href="https://www.amazon.com/dp/B09HH94MYJ?tag=eloabder-20&linkCode=osi&th=1&psc=1"><img src="https://m.media-amazon.com/images/I/31TPuTUW1BL._SL500_.jpg" alt="Product Image"></a><p>Amazon Basics Antiseptic Mouthwash, Blue Mint, 1.5 Liters, 50.7 Fluid Ounces, 1-Pack (Previously Solimo)</p><p>$6.09 ($0.12 / Fl Oz)</p><a href="https://www.amazon.com/dp/B09HH94MYJ?tag=eloabder-20&linkCode=osi&th=1&psc=1">View Product</a></div>
<div class="product"><a href="https://www.amazon.com/dp/B0D63QCRGL?tag=eloabder-20&linkCode=osi&th=1&psc=1"><img src="https://m.media-amazon.com/images/I/410JEyjFwLL._SL500_.jpg" alt="Product Image"></a><p>Edge Shaving Gel for Men, 9.5oz, 2 Pack Mens Shave Gel with Aloe, Mens Shaving Cream, Sensitive Skin Shave Gel - Moisturizes, Protects, and Soothes</p><p>$10.49 ($0.55 / Fl Oz)</p><a href="https://www.amazon.com/dp/B0D63QCRGL?tag=eloabder-20&linkCode=osi&th=1&psc=1">View Product</a></div><div class="product"><a href="https://www.amazon.com/dp/B00O4QAF9C?tag=eloabder-20&linkCode=osi&th=1&psc=1"><img src="https://m.media-amazon.com/images/I/41RVD6l-hrL._SL500_.jpg" alt="Product Image"></a><p>NIVEA MEN Sensitive Shave Gel with Vitamin E, Soothing Chamomile and Witch Hazel Extracts, 3 Pack of 7 Oz Cans</p><p>$12.29 ($0.59 / Ounce)</p><a href="https://www.amazon.com/dp/B00O4QAF9C?tag=eloabder-20&linkCode=osi&th=1&psc=1">View Product</a></div><div class="product"><a href="https://www.amazon.com/dp/B001KYQF3Q?tag=eloabder-20&linkCode=osi&th=1&psc=1"><img src="https://m.media-amazon.com/images/I/316d0GbBLOL._SL500_.jpg" alt="Product Image"></a><p>eos Shea Better Shaving Cream- Pomegranate Raspberry, Women's Shave Cream, Skin Care, Doubles as an In-Shower Lotion, 24-Hour Hydration, 7 fl oz</p><p>$5.99 ($0.86 / Fl Oz)</p><a href="https://www.amazon.com/dp/B001KYQF3Q?tag=eloabder-20&linkCode=osi&th=1&psc=1">View Product</a></div><div class="product"><a href="https://www.amazon.com/dp/B001E5E9RA?tag=eloabder-20&linkCode=osi&th=1&psc=1"><img src="https://m.media-amazon.com/images/I/512q9x5lQIL._SL500_.jpg" alt="Product Image"></a><p>Gillette Foamy Regular Shaving Cream, Pack of 12, 11 oz each</p><p>$29.64 ($0.22 / Fl Oz)</p><a href="https://www.amazon.com/dp/B001E5E9RA?tag=eloabder-20&linkCode=osi&th=1&psc=1">View Product</a></div><div class="product"><a href="https://www.amazon.com/dp/B08YFKJ8YW?tag=eloabder-20&linkCode=osi&th=1&psc=1"><img src="https://m.media-amazon.com/images/I/41-q6KVJiXL._SL500_.jpg" alt="Product Image"></a><p>eos Shea Better Shaving Cream for Women Variety Pack - Pomegranate Raspberry + Pink Citrus, Shave Cream, Skin Care and Lotion with Shea Butter and Aloe, 24 Hour Hydration, 7 Fl Oz, Pack of 2</p><p>$9.39 ($0.67 / Fl Oz)</p><a href="https://www.amazon.com/dp/B08YFKJ8YW?tag=eloabder-20&linkCode=osi&th=1&psc=1">View Product</a></div><div class="product"><a href="https://www.amazon.com/dp/B01NA0UN40?tag=eloabder-20&linkCode=osi&th=1&psc=1"><img src="https://m.media-amazon.com/images/I/31VUzrty0JL._SL500_.jpg" alt="Product Image"></a><p>Cremo Barber Grade Sandalwood Shave Cream, Astonishingly Superior Ultra-Slick Shaving Cream for Men, Fights Nicks, Cuts and Razor Burn, 6 Fl Oz (Packaging May Vary)</p><p>$8.49 ($1.42 / Fl Oz)</p><a href="https://www.amazon.com/dp/B01NA0UN40?tag=eloabder-20&linkCode=osi&th=1&psc=1">View Product</a></div><div class="product"><a href="https://www.amazon.com/dp/B0828J17PM?tag=eloabder-20&linkCode=osi&th=1&psc=1"><img src="https://m.media-amazon.com/images/I/51g36q13CbL._SL500_.jpg" alt="Product Image"></a><p>Skintimate Skin Therapy Dry Skin Shave Gel for Women, 3 Pack | Skintimate Shaving Cream for Women, Womens Shaving Cream, Shaving Foam, Womens Shave Gel, Pack of 3, 7oz each</p><p>$9.71 ($0.46 / Ounce)</p><a href="https://www.amazon.com/dp/B0828J17PM?tag=eloabder-20&linkCode=osi&th=1&psc=1">View Product</a></div><div class="product"><a href="https://www.amazon.com/dp/B001E5E9RK?tag=eloabder-20&linkCode=osi&th=1&psc=1"><img src="https://m.media-amazon.com/images/I/515y2aCFbpL._SL500_.jpg" alt="Product Image"></a><p>Gillette Foamy Shaving Cream, Sensitive Skin, 11 Ounce (Pack of 12)</p><p>$29.28 ($0.24 / Ounce)</p><a href="https://www.amazon.com/dp/B001E5E9RK?tag=eloabder-20&linkCode=osi&th=1&psc=1">View Product</a></div>
<div class="product"><a href="https://www.amazon.com/dp/B07CZCQ481?tag=eloabder-20&linkCode=osi&th=1&psc=1"><img src="https://m.media-amazon.com/images/I/51fV12qs95L._SL500_.jpg" alt="Product Image"></a><p>Amazon Basics 5-Blade MotionSphere Razor for Men with Dual Lubrication and Precision Trimmer, Handle & 16 Cartridges, Cartridges fit, Razor Handles only, 17 Piece Set, Black</p><p>$23.37 ($1.46 / Count)</p><a href="https://www.amazon.com/dp/B07CZCQ481?tag=eloabder-20&linkCode=osi&th=1&psc=1">View Product</a></div><div class="product"><a href="https://www.amazon.com/dp/B0039LMTAQ?tag=eloabder-20&linkCode=osi&th=1&psc=1"><img src="https://m.media-amazon.com/images/I/41Rs01cZosL._SL500_.jpg" alt="Product Image"></a><p>Gillette Venus Sensitive Women's Disposable Razors - Single Package of 3 Razors</p><p>$6.94</p><a href="https://www.amazon.com/dp/B0039LMTAQ?tag=eloabder-20&linkCode=osi&th=1&psc=1">View Product</a></div><div class="product"><a href="https://www.amazon.com/dp/B0001LQGPG?tag=eloabder-20&linkCode=osi&th=1&psc=1"><img src="https://m.media-amazon.com/images/I/51V5N3IVEwL._SL500_.jpg" alt="Product Image"></a><p>Gillette Sensor3 Sensitive Men's Disposable Razor, 4 Razors</p><p>$6.97 ($1.74 / Count)</p><a href="https://www.amazon.com/dp/B0001LQGPG?tag=eloabder-20&linkCode=osi&th=1&psc=1">View Product</a></div><div class="product"><a href="https://www.amazon.com/dp/B07CYN88NJ?tag=eloabder-20&linkCode=osi&th=1&psc=1"><img src="https://m.media-amazon.com/images/I/41w0Vc7n8wL._SL500_.jpg" alt="Product Image"></a><p>Amazon Basics 5-Blade Razor for Women, Handle, 12 Cartridges & Shower Hanger (Cartridges fit Amazon Basics Razor Handles only) 14 Piece Set, Blue</p><p>$20.38 ($1.70 / Count)</p><a href="https://www.amazon.com/dp/B07CYN88NJ?tag=eloabder-20&linkCode=osi&th=1&psc=1">View Product</a></div><div class="product"><a href="https://www.amazon.com/dp/B0787K2Y6P?tag=eloabder-20&linkCode=osi&th=1&psc=1"><img src="https://m.media-amazon.com/images/I/51c40TfsOZL._SL500_.jpg" alt="Product Image"></a><p>BIC Silky Touch Women's Disposable Razors, With 2 Blades, Pretty Pastel Razor Handles, 40 Count Value Pack of Shaving Razors</p><p>$10.68 ($0.27 / Count)</p><a href="https://www.amazon.com/dp/B0787K2Y6P?tag=eloabder-20&linkCode=osi&th=1&psc=1">View Product</a></div><div class="product"><a href="https://www.amazon.com/dp/B07C3CRB4S?tag=eloabder-20&linkCode=osi&th=1&psc=1"><img src="https://m.media-amazon.com/images/I/51wKCMCg-BL._SL500_.jpg" alt="Product Image"></a><p>Gillette Sensor2 Plus Disposable Razor (52 Pack)</p><p>$42.97 ($0.83 / Count)</p><a href="https://www.amazon.com/dp/B07C3CRB4S?tag=eloabder-20&linkCode=osi&th=1&psc=1">View Product</a></div><div class="product"><a href="https://www.amazon.com/dp/B002L5WFT6?tag=eloabder-20&linkCode=osi&th=1&psc=1"><img src="https://m.media-amazon.com/images/I/41O0ja9JVYL._SL500_.jpg" alt="Product Image"></a><p>BIC Soleil Smooth Scented Women’s Disposable Razor, 3 Blades with a Moisture Strip For a Silky Shave, Assorted, 4 Piece Razor Set</p><p>$5.17 ($1.29 / Count)</p><a href="https://www.amazon.com/dp/B002L5WFT6?tag=eloabder-20&linkCode=osi&th=1&psc=1">View Product</a></div><div class="product"><a href="https://www.amazon.com/dp/B0BHL7D2WT?tag=eloabder-20&linkCode=osi&th=1&psc=1"><img src="https://m.media-amazon.com/images/I/51txBsOvmxL._SL500_.jpg" alt="Product Image"></a><p>Gillette Sensor3 Sensitive Men's Disposable Razor, 12 Razors</p><p>$14.97 ($1.25 / Count)</p><a href="https://www.amazon.com/dp/B0BHL7D2WT?tag=eloabder-20&linkCode=osi&th=1&psc=1">View Product</a></div><div class="product"><a href="https://www.amazon.com/dp/B083LDTH1C?tag=eloabder-20&linkCode=osi&th=1&psc=1"><img src="https://m.media-amazon.com/images/I/41T2z9f6YcL._SL500_.jpg" alt="Product Image"></a><p>Freshscent (144 Pack) Individually Wrapped Twin Blade Razors with Clear Safety Cap, Disposable, Bulk Packed, Sold by the Case, unisex</p><p>$27.95 ($0.19 / Count)</p><a href="https://www.amazon.com/dp/B083LDTH1C?tag=eloabder-20&linkCode=osi&th=1&psc=1">View Product</a></div>
<div class="product"><a href="https://www.amazon.com/dp/B00TPRG5D0?tag=eloabder-20&linkCode=osi&th=1&psc=1"><img src="https://m.media-amazon.com/images/I/61Ezqbe7QUL._SL500_.jpg" alt="Product Image"></a><p>Degree Men Original Antiperspirant Deodorant Cool Rush Twin Pack 48-Hour Sweat & Odor Protection Antiperspirant For Men 2.7 oz</p><p>$6.27 ($1.16 / Ounce)</p><a href="https://www.amazon.com/dp/B00TPRG5D0?tag=eloabder-20&linkCode=osi&th=1&psc=1">View Product</a></div><div class="product"><a href="https://www.amazon.com/dp/B01HTJTMF8?tag=eloabder-20&linkCode=osi&th=1&psc=1"><img src="https://m.media-amazon.com/images/I/61k+x5yZyML._SL500_.jpg" alt="Product Image"></a><p>Dove Men + Care Antiperspirant Deodorant, 72hr Sweat & Odor Protection, Vitamin E, Triple Moisturizer, 4 Pack</p><p>$18.48 ($1.71 / Ounce)</p><a href="https://www.amazon.com/dp/B01HTJTMF8?tag=eloabder-20&linkCode=osi&th=1&psc=1">View Product</a></div><div class="product"><a href="https://www.amazon.com/dp/B072J2ZBPY?tag=eloabder-20&linkCode=osi&th=1&psc=1"><img src="https://m.media-amazon.com/images/I/41Th2KQyzlL._SL500_.jpg" alt="Product Image"></a><p>Degree Men UltraClear Antiperspirant Deodorant Black + White 72-Hour Sweat & Odor Protection Antiperspirant For Men With MotionSense Technology 2.7 Ounce (Pack of 4)</p><p>$18.78 ($1.74 / Ounce)</p><a href="https://www.amazon.com/dp/B072J2ZBPY?tag=eloabder-20&linkCode=osi&th=1&psc=1">View Product</a></div><div class="product"><a href="https://www.amazon.com/dp/B08NYHVJ5N?tag=eloabder-20&linkCode=osi&th=1&psc=1"><img src="https://m.media-amazon.com/images/I/51s98nEidOL._SL500_.jpg" alt="Product Image"></a><p>Old Spice Aluminum Free Deodorant for Men, High Endurance Sport Scent, 24/7 Odor Protection, 3 oz (Pack Of 3)</p><p>$14.88 ($3.72 / Count)</p><a href="https://www.amazon.com/dp/B08NYHVJ5N?tag=eloabder-20&linkCode=osi&th=1&psc=1">View Product</a></div><div class="product"><a href="https://www.amazon.com/dp/B0080PEM3S?tag=eloabder-20&linkCode=osi&th=1&psc=1"><img src="https://m.media-amazon.com/images/I/61a+r3V48HL._SL500_.jpg" alt="Product Image"></a><p>Degree Advanced Protection Antiperspirant Deodorant White Flowers & Lychee for 72-Hour Sweat & Odor Control for Women, with Body Heat Activated Technology, 2.6 oz</p><p>$4.99 ($1.92 / Ounce)</p><a href="https://www.amazon.com/dp/B0080PEM3S?tag=eloabder-20&linkCode=osi&th=1&psc=1">View Product</a></div><div class="product"><a href="https://www.amazon.com/dp/B002VUAM46?tag=eloabder-20&linkCode=osi&th=1&psc=1"><img src="https://m.media-amazon.com/images/I/51+tUdTWg0L._SL500_.jpg" alt="Product Image"></a><p>Degree Men Antiperspirant Deodorant Adventure Freshness and Odor Protection Deodorant for Men 2.7 Oz, (Pack of 4) Woodsy, Stick</p><p>$11.98 ($1.11 / Ounce)</p><a href="https://www.amazon.com/dp/B002VUAM46?tag=eloabder-20&linkCode=osi&th=1&psc=1">View Product</a></div><div class="product"><a href="https://www.amazon.com/dp/B01HTJTPZA?tag=eloabder-20&linkCode=osi&th=1&psc=1"><img src="https://m.media-amazon.com/images/I/618IrjjMkUL._SL500_.jpg" alt="Product Image"></a><p>Dove Advanced Care Antiperspirant Deodorant Stick Cool Essentials 4 ct for helping your skin barrier repair after shaving 72 hour odor control and sweat protection with Pro Ceramide Technology 2.6 oz</p><p>$16.98 ($1.63 / Ounce)</p><a href="https://www.amazon.com/dp/B01HTJTPZA?tag=eloabder-20&linkCode=osi&th=1&psc=1">View Product</a></div><div class="product"><a href="https://www.amazon.com/dp/B0093WBGOA?tag=eloabder-20&linkCode=osi&th=1&psc=1"><img src="https://m.media-amazon.com/images/I/311iiyC2ZUL._SL500_.jpg" alt="Product Image"></a><p>Secret Invisible Solid Antiperspirant and Deodorant for Women, pH Balanced, Powder Fresh Scent, 2.6 oz</p><p>$3.97 ($1.53 / Ounce)</p><a href="https://www.amazon.com/dp/B0093WBGOA?tag=eloabder-20&linkCode=osi&th=1&psc=1">View Product</a></div><div class="product"><a href="https://www.amazon.com/dp/B0BMJL589N?tag=eloabder-20&linkCode=osi&th=1&psc=1"><img src="https://m.media-amazon.com/images/I/41d3WOeZRPL._SL500_.jpg" alt="Product Image"></a><p>Dove Antiperspirant Spray, International Version, 150 ml (Pack of 10) - Mixed within available scents, no more than 2 products of the same scent</p><p>$38.95 ($0.77 / Fl Oz)</p><a href="https://www.amazon.com/dp/B0BMJL589N?tag=eloabder-20&linkCode=osi&th=1&psc=1">View Product</a></div><div class="product"><a href="https://www.amazon.com/dp/B0B5B53NR7?tag=eloabder-20&linkCode=osi&th=1&psc=1"><img src="https://m.media-amazon.com/images/I/516jSkX0GDL._SL500_.jpg" alt="Product Image"></a><p>Gillette Antiperspirant and Deodorant for Men, 72-Hour Sweat Protection, Clear Gel, Cool Wave Scent, 3.8 oz (Pack of 4)</p><p>$23.60 ($1.55 / Ounce)</p><a href="https://www.amazon.com/dp/B0B5B53NR7?tag=eloabder-20&linkCode=osi&th=1&psc=1">View Product</a></div>
<div class="product"><a href="https://www.amazon.com/dp/B0BV4SCSBH?tag=eloabder-20&linkCode=osi&th=1&psc=1"><img src="https://m.media-amazon.com/images/I/61TxQVLN5DL._SL500_.jpg" alt="Product Image"></a><p>Dove Body Wash Deep Moisture 4 Count For Dry Skin Moisturizing Skin Cleanser with 24hr Renewing MicroMoisture Nourishes The Driest Skin 20 oz</p><p>$19.70 ($0.25 / Fl Oz)</p><a href="https://www.amazon.com/dp/B0BV4SCSBH?tag=eloabder-20&linkCode=osi&th=1&psc=1">View Product</a></div><div class="product"><a href="https://www.amazon.com/dp/B0CK51LYDN?tag=eloabder-20&linkCode=osi&th=1&psc=1"><img src="https://m.media-amazon.com/images/I/51oaEavRWNL._SL500_.jpg" alt="Product Image"></a><p>Dr Teal's Body Wash with Pure Epsom Salt, Glow & Radiance with Vitamin C & Citrus Essential Oils, 24oz (Pack of 2) (Packaging May Vary)</p><p>$11.98 ($0.25 / Fl Oz)</p><a href="https://www.amazon.com/dp/B0CK51LYDN?tag=eloabder-20&linkCode=osi&th=1&psc=1">View Product</a></div><div class="product"><a href="https://www.amazon.com/dp/B092RFRY9D?tag=eloabder-20&linkCode=osi&th=1&psc=1"><img src="https://m.media-amazon.com/images/I/41-JuTph2CS._SL500_.jpg" alt="Product Image"></a><p>NIVEA White Peach and Jasmine Body Wash with Nourishing Serum, Pack of 3, 20 Fl Oz</p><p>$12.87 ($0.21 / Fl Oz)</p><a href="https://www.amazon.com/dp/B092RFRY9D?tag=eloabder-20&linkCode=osi&th=1&psc=1">View Product</a></div><div class="product"><a href="https://www.amazon.com/dp/B0BT1WL6KY?tag=eloabder-20&linkCode=osi&th=1&psc=1"><img src="https://m.media-amazon.com/images/I/21jeYtt0GbL._SL500_.jpg" alt="Product Image"></a><p>Method Body Wash, Simply Nourish, Paraben and Phthalate Free, Biodegradable Formula, 28 oz (Pack of 1)</p><p>$11.48 ($0.41 / Fl Oz)</p><a href="https://www.amazon.com/dp/B0BT1WL6KY?tag=eloabder-20&linkCode=osi&th=1&psc=1">View Product</a></div><div class="product"><a href="https://www.amazon.com/dp/B0BT1WN3ZD?tag=eloabder-20&linkCode=osi&th=1&psc=1"><img src="https://m.media-amazon.com/images/I/21GMn0pFzCL._SL500_.jpg" alt="Product Image"></a><p>Method Body Wash, Sea + Surf, Paraben and Phthalate Free, Biodegradable Formula, 28 oz, (Pack of 1)</p><p>$11.48 ($0.41 / Fl Oz)</p><a href="https://www.amazon.com/dp/B0BT1WN3ZD?tag=eloabder-20&linkCode=osi&th=1&psc=1">View Product</a></div><div class="product"><a href="https://www.amazon.com/dp/B09M7SPFSJ?tag=eloabder-20&linkCode=osi&th=1&psc=1"><img src="https://m.media-amazon.com/images/I/31bOOl+IL6L._SL500_.jpg" alt="Product Image"></a><p>Ivory Mild & Gentle Body Wash, Original Scent, 35oz</p><p>$5.97 ($0.17 / Ounce)</p><a href="https://www.amazon.com/dp/B09M7SPFSJ?tag=eloabder-20&linkCode=osi&th=1&psc=1">View Product</a></div><div class="product"><a href="https://www.amazon.com/dp/B082QBPDJC?tag=eloabder-20&linkCode=osi&th=1&psc=1"><img src="https://m.media-amazon.com/images/I/31tC4JDwHQL._SL500_.jpg" alt="Product Image"></a><p>NIVEA Coconut and Almond Milk Body Wash with Nourishing Serum, 20 Fl Oz Bottle</p><p>$5.29 ($0.26 / Fl Oz)</p><a href="https://www.amazon.com/dp/B082QBPDJC?tag=eloabder-20&linkCode=osi&th=1&psc=1">View Product</a></div><div class="product"><a href="https://www.amazon.com/dp/B01MT3PG83?tag=eloabder-20&linkCode=osi&th=1&psc=1"><img src="https://m.media-amazon.com/images/I/31VWOYP5KsL._SL500_.jpg" alt="Product Image"></a><p>Aveeno Daily Moisturizing Body Wash, Body Wash for Dry Skin with Soothing Oat, Creamy Shower Cleanser, Gentle, Soap-Free and Dye-Free, Lightly Scented Body Wash, 33 FL OZ</p><p>$13.48 ($0.41 / Fl Oz)</p><a href="https://www.amazon.com/dp/B01MT3PG83?tag=eloabder-20&linkCode=osi&th=1&psc=1">View Product</a></div><div class="product"><a href="https://www.amazon.com/dp/B0BNQWFWLF?tag=eloabder-20&linkCode=osi&th=1&psc=1"><img src="https://m.media-amazon.com/images/I/41trFLlJ04L._SL500_.jpg" alt="Product Image"></a><p>Neutrogena Rainbath Body Wash, Refreshing, Moisturizing Daily Body Cleanser and Shaving Gel with Clean Rinsing Lather, Original Scent, 32 fl. Oz</p><p>$15.98 ($0.50 / Fl Oz)</p><a href="https://www.amazon.com/dp/B0BNQWFWLF?tag=eloabder-20&linkCode=osi&th=1&psc=1">View Product</a></div><div class="product"><a href="https://www.amazon.com/dp/B0BVBYDTZ6?tag=eloabder-20&linkCode=osi&th=1&psc=1"><img src="https://m.media-amazon.com/images/I/61UbJzK8yIL._SL500_.jpg" alt="Product Image"></a><p>Dove Body Wash with Pump Refreshing Cucumber and Green Tea 3 Count Refreshes Skin Cleanser That Effectively Washes Away Bacteria While Nourishing Your Skin 30.6 oz</p><p>$29.91 ($0.33 / Fl Oz)</p><a href="https://www.amazon.com/dp/B0BVBYDTZ6?tag=eloabder-20&linkCode=osi&th=1&psc=1">View Product</a></div>
<div class="product"><a href="https://www.amazon.com/dp/B00AINMFAC?tag=eloabder-20&linkCode=osi&th=1&psc=1"><img src="https://m.media-amazon.com/images/I/41D7x04cFtL._SL500_.jpg" alt="Product Image"></a><p>Nizoral Anti-Dandruff Shampoo with 1% Ketoconazole, Fresh Scent, 7 Fl Oz</p><p>$15.88 ($2.27 / Fl Oz)</p><a href="https://www.amazon.com/dp/B00AINMFAC?tag=eloabder-20&linkCode=osi&th=1&psc=1">View Product</a></div><div class="product"><a href="https://www.amazon.com/dp/B00ADRH2OM?tag=eloabder-20&linkCode=osi&th=1&psc=1"><img src="https://m.media-amazon.com/images/I/413WPcPNDbL._SL500_.jpg" alt="Product Image"></a><p>OGX Thick & Full + Biotin & Collagen Volumizing Shampoo, Nutrient-Infused Hair Shampoo with Vitamin B7 Biotin Gives Hair Volume & Body for 72+ Hours, Sulfate-Free Surfactants, 13 fl. oz</p><p>$6.97 ($0.54 / Fl Oz)</p><a href="https://www.amazon.com/dp/B00ADRH2OM?tag=eloabder-20&linkCode=osi&th=1&psc=1">View Product</a></div><div class="product"><a href="https://www.amazon.com/dp/B008J2GP9G?tag=eloabder-20&linkCode=osi&th=1&psc=1"><img src="https://m.media-amazon.com/images/I/31BkIKu3HgL._SL500_.jpg" alt="Product Image"></a><p>OGX Renewing Argan Oil of Morocco Shampoo - Strengthens and Repairs Dry, Damaged Hair - Paraben-Free, Sulfate-Free - 25.4 fl. oz</p><p>$11.99 ($0.47 / Fl Oz)</p><a href="https://www.amazon.com/dp/B008J2GP9G?tag=eloabder-20&linkCode=osi&th=1&psc=1">View Product</a></div><div class="product"><a href="https://www.amazon.com/dp/B082YG62JM?tag=eloabder-20&linkCode=osi&th=1&psc=1"><img src="https://m.media-amazon.com/images/I/31c5qlF0nYL._SL500_.jpg" alt="Product Image"></a><p>Acure Shampoo 100% Vegan, Ultra Hydrating Moisture & Omega Fatty Acids, , Yellow Argan Oil & Pumpkin, 8 Fl Oz</p><p>$9.99 ($1.25 / Fl Oz)</p><a href="https://www.amazon.com/dp/B082YG62JM?tag=eloabder-20&linkCode=osi&th=1&psc=1">View Product</a></div><div class="product"><a href="https://www.amazon.com/dp/B008OL3WZC?tag=eloabder-20&linkCode=osi&th=1&psc=1"><img src="https://m.media-amazon.com/images/I/31ePAzWLH8L._SL500_.jpg" alt="Product Image"></a><p>Avalon Organics Scalp Treatment Tea Tree Shampoo, Encourages Scalp Well-Being and Leaves Hair Soft, 32 Fluid Ounces</p><p>$17.69 ($0.55 / Fl Oz)</p><a href="https://www.amazon.com/dp/B008OL3WZC?tag=eloabder-20&linkCode=osi&th=1&psc=1">View Product</a></div><div class="product"><a href="https://www.amazon.com/dp/B0006FMK98?tag=eloabder-20&linkCode=osi&th=1&psc=1"><img src="https://m.media-amazon.com/images/I/31y1U0kzgQL._SL500_.jpg" alt="Product Image"></a><p>Vanicream Shampoo – pH Balanced Mild Formula Effective For All Hair Types and Sensitive Scalps - Free of Fragrance, Lanolin, and Parabens – 12 Fl Oz</p><p>$12.93 ($1.08 / Ounce)</p><a href="https://www.amazon.com/dp/B0006FMK98?tag=eloabder-20&linkCode=osi&th=1&psc=1">View Product</a></div><div class="product"><a href="https://www.amazon.com/dp/B00OO0J9UY?tag=eloabder-20&linkCode=osi&th=1&psc=1"><img src="https://m.media-amazon.com/images/I/6111IvzP9vL._SL500_.jpg" alt="Product Image"></a><p>SheaMoisture Intensive Hydration Shampoo for Dry, Damaged Hair Manuka Honey and Mafura Oil Sulfate-Free 13 oz</p><p>$10.61 ($0.82 / Fl Oz)</p><a href="https://www.amazon.com/dp/B00OO0J9UY?tag=eloabder-20&linkCode=osi&th=1&psc=1">View Product</a></div><div class="product"><a href="https://www.amazon.com/dp/B004LT9EDU?tag=eloabder-20&linkCode=osi&th=1&psc=1"><img src="https://m.media-amazon.com/images/I/311kQY8LxlL._SL500_.jpg" alt="Product Image"></a><p>Vanicream Shampoo For Sensitive Skin 12 OZ (Pack of 3)</p><p>$30.37 ($0.84 / Fl Oz)</p><a href="https://www.amazon.com/dp/B004LT9EDU?tag=eloabder-20&linkCode=osi&th=1&psc=1">View Product</a></div>
<div class="product"><a href="https://www.amazon.com/dp/B00ADR6M2U?tag=eloabder-20&linkCode=osi&th=1&psc=1"><img src="https://m.media-amazon.com/images/I/41m-SPUM-nL._SL500_.jpg" alt="Product Image"></a><p>OGX Thick & Full + Biotin & Collagen Volumizing Conditioner, Nutrient-Infused Conditioner with Vitamin B7 Biotin Gives Hair Volume & Body for 72+ Hours, Sulfate-Free Surfactants, 13 fl. Oz</p><p>$6.97 ($0.54 / Fl Oz)</p><a href="https://www.amazon.com/dp/B00ADR6M2U?tag=eloabder-20&linkCode=osi&th=1&psc=1">View Product</a></div><div class="product"><a href="https://www.amazon.com/dp/B000VEJVCI?tag=eloabder-20&linkCode=osi&th=1&psc=1"><img src="https://m.media-amazon.com/images/I/21qrX8H4+-L._SL500_.jpg" alt="Product Image"></a><p>Paul Mitchell The Conditioner Original Leave-In, Balances Moisture, For All Hair Types, 16.9 fl. oz.</p><p>$21.00 ($1.24 / Fl Oz)</p><a href="https://www.amazon.com/dp/B000VEJVCI?tag=eloabder-20&linkCode=osi&th=1&psc=1">View Product</a></div><div class="product"><a href="https://www.amazon.com/dp/B0128QFSPK?tag=eloabder-20&linkCode=osi&th=1&psc=1"><img src="https://m.media-amazon.com/images/I/31lrVfnasLL._SL500_.jpg" alt="Product Image"></a><p>OGX Quenching + Coconut Curls Curl-Defining Conditioner, Nourishing Curly Hair Conditioner with Coconut /Citrus Oil & Honey, Paraben-Free with Sulfate-Free Surfactants, 13oz</p><p>$6.97 ($0.54 / Fl Oz)</p><a href="https://www.amazon.com/dp/B0128QFSPK?tag=eloabder-20&linkCode=osi&th=1&psc=1">View Product</a></div><div class="product"><a href="https://www.amazon.com/dp/B00OVQO66S?tag=eloabder-20&linkCode=osi&th=1&psc=1"><img src="https://m.media-amazon.com/images/I/61S7x6GUaFL._SL500_.jpg" alt="Product Image"></a><p>SheaMoisture Conditioner Intensive Hydration for Dry, Damaged Hair Manuka Honey and Mafura Oil to Nourish and Soften Hair 13 oz</p><p>$10.97 ($0.84 / Fl Oz)</p><a href="https://www.amazon.com/dp/B00OVQO66S?tag=eloabder-20&linkCode=osi&th=1&psc=1">View Product</a></div><div class="product"><a href="https://www.amazon.com/dp/B0048F38DY?tag=eloabder-20&linkCode=osi&th=1&psc=1"><img src="https://m.media-amazon.com/images/I/41GrHa75nWL._SL500_.jpg" alt="Product Image"></a><p>OGX Renewing + Argan Oil of Morocco Conditioner, Repair Conditioner & Argan Oil Helps Strengthen & Repair Dry, Damaged Hair, Paraben-Free, Sulfate-Free Surfactants, 13 fl. oz</p><p>$6.97 ($0.54 / Fl Oz)</p><a href="https://www.amazon.com/dp/B0048F38DY?tag=eloabder-20&linkCode=osi&th=1&psc=1">View Product</a></div><div class="product"><a href="https://www.amazon.com/dp/B000TG850M?tag=eloabder-20&linkCode=osi&th=1&psc=1"><img src="https://m.media-amazon.com/images/I/31TYCRS9xuL._SL500_.jpg" alt="Product Image"></a><p>OGX Nourishing + Coconut Milk Conditioner, Hydrating & Restoring Conditioner Moisturizes for Soft Hair After the First Use, Parabens-Free, Sulfate-Free Surfactants, 13 fl. Oz</p><p>$6.97 ($0.54 / Fl Oz)</p><a href="https://www.amazon.com/dp/B000TG850M?tag=eloabder-20&linkCode=osi&th=1&psc=1">View Product</a></div><div class="product"><a href="https://www.amazon.com/dp/B004KATJVC?tag=eloabder-20&linkCode=osi&th=1&psc=1"><img src="https://m.media-amazon.com/images/I/41UlYEg4A8L._SL500_.jpg" alt="Product Image"></a><p>Ever Straightening + Brazilian Keratin Therapy Hair-Smoothing Conditioner with Coconut Oil, Cocoa Butter & Avocado Oil, Paraben-Free, Sulfate-Free Surfactants</p><p>$10.28 ($0.79 / Fl Oz)</p><a href="https://www.amazon.com/dp/B004KATJVC?tag=eloabder-20&linkCode=osi&th=1&psc=1">View Product</a></div><div class="product"><a href="https://www.amazon.com/dp/B00V6GPXZO?tag=eloabder-20&linkCode=osi&th=1&psc=1"><img src="https://m.media-amazon.com/images/I/41PW2fckFML._SL500_.jpg" alt="Product Image"></a><p>SheaMoisture Conditioner 100% Pure Jamaican Black Castor Oil to Intensely Smooth and Nourish Hair with Shea Butter, Peppermint and Apple Cider Vinegar 13 oz</p><p>$10.97 ($0.84 / Fl Oz)</p><a href="https://www.amazon.com/dp/B00V6GPXZO?tag=eloabder-20&linkCode=osi&th=1&psc=1">View Product</a></div>
<div class="product"><a href="https://www.amazon.com/dp/B08T7DSZYD?tag=eloabder-20&linkCode=osi&th=1&psc=1"><img src="https://m.media-amazon.com/images/I/41WwUSxcyGL._SL500_.jpg" alt="Product Image"></a><p>e.l.f. SKIN Hydrated Ever After Skincare Mini Kit, Cleanser, Makeup Remover, Moisturiser & Eye Cream For Hydrating Skin, Airplane-Friendly Sizes</p><p>$19.95</p><a href="https://www.amazon.com/dp/B08T7DSZYD?tag=eloabder-20&linkCode=osi&th=1&psc=1">View Product</a></div><div class="product"><a href="https://www.amazon.com/dp/B09NXS395V?tag=eloabder-20&linkCode=osi&th=1&psc=1"><img src="https://m.media-amazon.com/images/I/41ZHn0qwWwL._SL500_.jpg" alt="Product Image"></a><p>NAZANO Under Eye Patches - 60 Pcs - 24K Gold Eye Mask- Puffy Eyes & Dark Circles Treatments,Reduce Under Eye Bags and Smooth Wrinkles,Eye Skin Care Pads With Collagen,Hyaluronic Acid & Castor Oil</p><p>$6.98 ($0.23 / Count)</p><a href="https://www.amazon.com/dp/B09NXS395V?tag=eloabder-20&linkCode=osi&th=1&psc=1">View Product</a></div><div class="product"><a href="https://www.amazon.com/dp/B00PBX3L7K?tag=eloabder-20&linkCode=osi&th=1&psc=1"><img src="https://m.media-amazon.com/images/I/31OiAm-FA8L._SL500_.jpg" alt="Product Image"></a><p>COSRX Snail Mucin 96% Power Repairing Essence 3.38 fl.oz 100ml, Hydrating Serum for Face with Snail Secretion Filtrate for Dull Skin & Fine Lines, Korean Skincare</p><p>$14.99 ($4.43 / Fl Oz)</p><a href="https://www.amazon.com/dp/B00PBX3L7K?tag=eloabder-20&linkCode=osi&th=1&psc=1">View Product</a></div><div class="product"><a href="https://www.amazon.com/dp/B002LC9OES?tag=eloabder-20&linkCode=osi&th=1&psc=1"><img src="https://m.media-amazon.com/images/I/31WdAeiccEL._SL500_.jpg" alt="Product Image"></a><p>Mario Badescu Facial Spray with Aloe, Herbs and Rose Water for All Skin Types, Face Mist that Hydrates, Rejuvenates & Clarifies, 4 FL OZ</p><p>$8.00 ($2.00 / Fl Oz)</p><a href="https://www.amazon.com/dp/B002LC9OES?tag=eloabder-20&linkCode=osi&th=1&psc=1">View Product</a></div><div class="product"><a href="https://www.amazon.com/dp/B014PGEEO2?tag=eloabder-20&linkCode=osi&th=1&psc=1"><img src="https://m.media-amazon.com/images/I/51v+djIfQGL._SL500_.jpg" alt="Product Image"></a><p>Tree of Life Facial Skin Care Set, Brightening, Firming, Hydrating, Dry Face, Dermatologist Tested - Trio Power Kit, Vitamin C, Retinol and Hyaluronic Acid, 3 count of 1 Fl Oz</p><p>$29.99 ($10.00 / Fl Oz)</p><a href="https://www.amazon.com/dp/B014PGEEO2?tag=eloabder-20&linkCode=osi&th=1&psc=1">View Product</a></div><div class="product"><a href="https://www.amazon.com/dp/B0BSZ23FTF?tag=eloabder-20&linkCode=osi&th=1&psc=1"><img src="https://m.media-amazon.com/images/I/31GRN7P2p8L._SL500_.jpg" alt="Product Image"></a><p>Bubble Skincare Slam Dunk Face Moisturizer - Hydrating Face Cream for Dry Skin Made with Vitamin E + Aloe Vera Juice for a Glowing Complexion - Skin Care with Blue Light Protection (50ml)</p><p>$14.98 ($8.81 / Ounce)</p><a href="https://www.amazon.com/dp/B0BSZ23FTF?tag=eloabder-20&linkCode=osi&th=1&psc=1">View Product</a></div><div class="product"><a href="https://www.amazon.com/dp/B0BSYJYQY2?tag=eloabder-20&linkCode=osi&th=1&psc=1"><img src="https://m.media-amazon.com/images/I/31aQkQwjJYL._SL500_.jpg" alt="Product Image"></a><p>Bubble Skincare Level Up Balancing Face Moisturizer - Hydrating Gel Moisturizer Formulated with Zinc PCA + Niacinamide for Improved Texture & Radiance - Skin Care for Oily or Combination Skin (50ml)</p><p>$14.98 ($8.86 / Fl Oz)</p><a href="https://www.amazon.com/dp/B0BSYJYQY2?tag=eloabder-20&linkCode=osi&th=1&psc=1">View Product</a></div><div class="product"><a href="https://www.amazon.com/dp/B0BS8Y2FLK?tag=eloabder-20&linkCode=osi&th=1&psc=1"><img src="https://m.media-amazon.com/images/I/41CX-bGjaRL._SL500_.jpg" alt="Product Image"></a><p>PEAUAMIE Under Eye Patches (30 Pairs) Gold Eye Mask and Hyaluronic Acid Eye Patches for puffy eyes,Rose Eye Masks for Dark Circles and Puffiness under eye skin care Smooth Wrinkles products</p><p>$9.99 ($0.33 / Count)</p><a href="https://www.amazon.com/dp/B0BS8Y2FLK?tag=eloabder-20&linkCode=osi&th=1&psc=1">View Product</a></div>
<div class="product"><a href="https://www.amazon.com/dp/B01N9SPQHQ?tag=eloabder-20&linkCode=osi&th=1&psc=1"><img src="https://m.media-amazon.com/images/I/41NHgWAaYAL._SL500_.jpg" alt="Product Image"></a><p>La Roche-Posay Toleriane Double Repair Face Moisturizer, Daily Moisturizer Face Cream with Ceramide and Niacinamide for All Skin Types, Oil Free, Fragrance Free</p><p>$23.99 ($7.10 / Fl Oz)</p><a href="https://www.amazon.com/dp/B01N9SPQHQ?tag=eloabder-20&linkCode=osi&th=1&psc=1">View Product</a></div><div class="product"><a href="https://www.amazon.com/dp/B00TTD9BRC?tag=eloabder-20&linkCode=osi&th=1&psc=1"><img src="https://m.media-amazon.com/images/I/41Kc6H7fboL._SL500_.jpg" alt="Product Image"></a><p>CeraVe Moisturizing Cream | Body and Face Moisturizer for Dry Skin | Body Cream with Hyaluronic Acid and Ceramides | Daily Moisturizer | Oil-Free | Fragrance Free | Non-Comedogenic | 19 Ounce</p><p>$17.78 ($0.94 / Ounce)</p><a href="https://www.amazon.com/dp/B00TTD9BRC?tag=eloabder-20&linkCode=osi&th=1&psc=1">View Product</a></div><div class="product"><a href="https://www.amazon.com/dp/B07RK4HST7?tag=eloabder-20&linkCode=osi&th=1&psc=1"><img src="https://m.media-amazon.com/images/I/412DGoW35mL._SL500_.jpg" alt="Product Image"></a><p>CeraVe Daily Moisturizing Lotion for Dry Skin | Body Lotion & Face Moisturizer with Hyaluronic Acid and Ceramides | Daily Moisturizer | Fragrance Free | Oil-Free | 19 Ounce</p><p>$18.50 ($0.97 / Fl Oz)</p><a href="https://www.amazon.com/dp/B07RK4HST7?tag=eloabder-20&linkCode=osi&th=1&psc=1">View Product</a></div><div class="product"><a href="https://www.amazon.com/dp/B08127SC4G?tag=eloabder-20&linkCode=osi&th=1&psc=1"><img src="https://m.media-amazon.com/images/I/31lAajvgToL._SL500_.jpg" alt="Product Image"></a><p>e.l.f. SKIN Holy Hydration! Face Cream, Moisturizer For Nourishing & Plumping Skin, Infused With Hyaluronic Acid, Vegan & Cruelty-Free, 1.8 Oz</p><p>$13.00 ($7.39 / Ounce)</p><a href="https://www.amazon.com/dp/B08127SC4G?tag=eloabder-20&linkCode=osi&th=1&psc=1">View Product</a></div><div class="product"><a href="https://www.amazon.com/dp/B01LEJ5MSK?tag=eloabder-20&linkCode=osi&th=1&psc=1"><img src="https://m.media-amazon.com/images/I/418xEMrk6LL._SL500_.jpg" alt="Product Image"></a><p>COSRX Snail Mucin 92% Repair Cream, Daily Face Gel Moisturizer for Dry Skin, Acne-prone, Sensitive Skin, Not Tested on Animals, No Parabens, Korean Skincare (3.52 Fl Oz (Pack of 1))</p><p>$15.50 ($4.40 / Fl Oz)</p><a href="https://www.amazon.com/dp/B01LEJ5MSK?tag=eloabder-20&linkCode=osi&th=1&psc=1">View Product</a></div><div class="product"><a href="https://www.amazon.com/dp/B000YJ2SLG?tag=eloabder-20&linkCode=osi&th=1&psc=1"><img src="https://m.media-amazon.com/images/I/31J9bWXnQ+L._SL500_.jpg" alt="Product Image"></a><p>CeraVe Daily Moisturizing Lotion for Dry Skin | Body Lotion & Face Moisturizer with Hyaluronic Acid and Ceramides | Daily Moisturizer | Fragrance Free | Oil-Free | 12 Ounce</p><p>$13.68 ($1.14 / Fl Oz)</p><a href="https://www.amazon.com/dp/B000YJ2SLG?tag=eloabder-20&linkCode=osi&th=1&psc=1">View Product</a></div><div class="product"><a href="https://www.amazon.com/dp/B003QXZWYW?tag=eloabder-20&linkCode=osi&th=1&psc=1"><img src="https://m.media-amazon.com/images/I/41zdDGRaw0L._SL500_.jpg" alt="Product Image"></a><p>La Roche-Posay Lipikar AP+ Triple Repair Moisturizing Cream | Face & Body Lotion For Dry Skin | Shea Butter & Niacinamide Moisturizer | Gentle Face & Body Cream For Dry, Rough & Sensitive Skin</p><p>$19.99 ($1.48 / Fl Oz)</p><a href="https://www.amazon.com/dp/B003QXZWYW?tag=eloabder-20&linkCode=osi&th=1&psc=1">View Product</a></div><div class="product"><a href="https://www.amazon.com/dp/B01D1DQSIA?tag=eloabder-20&linkCode=osi&th=1&psc=1"><img src="https://m.media-amazon.com/images/I/21x7SimOZ2L._SL500_.jpg" alt="Product Image"></a><p>e.l.f. SKIN Daily Hydration Moisturizer, Ultra-Hydrating Formula, Infused with Aloe, Jojoba Oil & Shea Butter, Vegan & Cruelty-Free, 2.53 Fl Oz</p><p>$8.00 ($3.16 / Fl Oz)</p><a href="https://www.amazon.com/dp/B01D1DQSIA?tag=eloabder-20&linkCode=osi&th=1&psc=1">View Product</a></div><div class="product"><a href="https://www.amazon.com/dp/B00365DABC?tag=eloabder-20&linkCode=osi&th=1&psc=1"><img src="https://m.media-amazon.com/images/I/41rqUy3OtML._SL500_.jpg" alt="Product Image"></a><p>CeraVe PM Facial Moisturizing Lotion | Night Cream with Hyaluronic Acid and Niacinamide | Ultra-Lightweight, Oil-Free Moisturizer for Face | 3 Ounce</p><p>$14.49 ($4.83 / Ounce)</p><a href="https://www.amazon.com/dp/B00365DABC?tag=eloabder-20&linkCode=osi&th=1&psc=1">View Product</a></div>
<div class="product"><a href="https://www.amazon.com/dp/B01N7T7JKJ?tag=eloabder-20&linkCode=osi&th=1&psc=1"><img src="https://m.media-amazon.com/images/I/31VXK3y1KYL._SL500_.jpg" alt="Product Image"></a><p>La Roche-Posay Toleriane Hydrating Gentle Face Cleanser, Daily Facial Cleanser with Niacinamide and Ceramides for Sensitive Skin, Moisturizing Face Wash for Normal to Dry Skin, Fragrance Free</p><p>$17.99 ($1.33 / Fl Oz)</p><a href="https://www.amazon.com/dp/B01N7T7JKJ?tag=eloabder-20&linkCode=osi&th=1&psc=1">View Product</a></div><div class="product"><a href="https://www.amazon.com/dp/B01N34XW93?tag=eloabder-20&linkCode=osi&th=1&psc=1"><img src="https://m.media-amazon.com/images/I/31OMOTCxlmL._SL500_.jpg" alt="Product Image"></a><p>La Roche-Posay Toleriane Purifying Foaming Facial Cleanser, Oil Free Face Wash for Oily Skin and for Sensitive Skin with Niacinamide, Pore Cleanser Won’t Dry Out Skin, Unscented</p><p>$17.99 ($1.33 / Fl Oz)</p><a href="https://www.amazon.com/dp/B01N34XW93?tag=eloabder-20&linkCode=osi&th=1&psc=1">View Product</a></div><div class="product"><a href="https://www.amazon.com/dp/B01MSSDEPK?tag=eloabder-20&linkCode=osi&th=1&psc=1"><img src="https://m.media-amazon.com/images/I/41YuSwjJUIL._SL500_.jpg" alt="Product Image"></a><p>CeraVe Hydrating Facial Cleanser | Moisturizing Face Wash For Dry Skin | Hyaluronic Acid + Ceramides + Glycerin | Hydrating Cleanser For Normal To Dry Skin | National Eczema Assosiation Certified</p><p>$15.48 ($0.97 / Fl Oz)</p><a href="https://www.amazon.com/dp/B01MSSDEPK?tag=eloabder-20&linkCode=osi&th=1&psc=1">View Product</a></div><div class="product"><a href="https://www.amazon.com/dp/B01N1LL62W?tag=eloabder-20&linkCode=osi&th=1&psc=1"><img src="https://m.media-amazon.com/images/I/41kwN8dWWzL._SL500_.jpg" alt="Product Image"></a><p>CeraVe Foaming Facial Cleanser | Daily Face Wash for Oily Skin with Hyaluronic Acid, Ceramides, and Niacinamide| Fragrance Free | 16 Fluid Ounce</p><p>$15.48 ($0.97 / Fl Oz)</p><a href="https://www.amazon.com/dp/B01N1LL62W?tag=eloabder-20&linkCode=osi&th=1&psc=1">View Product</a></div><div class="product"><a href="https://www.amazon.com/dp/B09Y4HHY1P?tag=eloabder-20&linkCode=osi&th=1&psc=1"><img src="https://m.media-amazon.com/images/I/41Crw80Q3yL._SL500_.jpg" alt="Product Image"></a><p>Cetaphil Face Wash, Daily Facial Cleanser for Sensitive, Combination to Oily Skin, NEW 16 oz, Fragrance Free, Gentle Foaming, Soap Free, Hypoallergenic (Packaging May Vary)</p><p>$11.97 ($0.75 / Fl Oz)</p><a href="https://www.amazon.com/dp/B09Y4HHY1P?tag=eloabder-20&linkCode=osi&th=1&psc=1">View Product</a></div><div class="product"><a href="https://www.amazon.com/dp/B00U1YCRD8?tag=eloabder-20&linkCode=osi&th=1&psc=1"><img src="https://m.media-amazon.com/images/I/31LVb8KvKwL._SL500_.jpg" alt="Product Image"></a><p>CeraVe SA Cleanser | Salicylic Acid Cleanser with Hyaluronic Acid, Niacinamide & Ceramides| BHA Exfoliant for Face | Fragrance Free Non-Comedogenic | 8 Ounce</p><p>$12.37 ($1.55 / Ounce)</p><a href="https://www.amazon.com/dp/B00U1YCRD8?tag=eloabder-20&linkCode=osi&th=1&psc=1">View Product</a></div><div class="product"><a href="https://www.amazon.com/dp/B00FJ2LU2Q?tag=eloabder-20&linkCode=osi&th=1&psc=1"><img src="https://m.media-amazon.com/images/I/31AdfiXRmDL._SL500_.jpg" alt="Product Image"></a><p>The Face Shop Rice Water Bright Foaming Facial Cleanser with Ceramide, Gentle Face Wash for Hydrating & Moisturizing, Vegan Face Cleanser, Makeup Remover, Korean Skin Care for All Skin Types, 150ml</p><p>$12.00 ($2.37 / Fl Oz)</p><a href="https://www.amazon.com/dp/B00FJ2LU2Q?tag=eloabder-20&linkCode=osi&th=1&psc=1">View Product</a></div><div class="product"><a href="https://www.amazon.com/dp/B085S7NDYK?tag=eloabder-20&linkCode=osi&th=1&psc=1"><img src="https://m.media-amazon.com/images/I/317Bdmsqp2L._SL500_.jpg" alt="Product Image"></a><p>Neutrogena Ultra Gentle Foaming Facial Cleanser, Hydrating Face Wash for Sensitive Skin, Gently Cleanses Face Without Over Drying, Oil-Free, Soap-Free, 5.8 fl. oz</p><p>$6.79 ($1.17 / Fl Oz)</p><a href="https://www.amazon.com/dp/B085S7NDYK?tag=eloabder-20&linkCode=osi&th=1&psc=1">View Product</a></div><div class="product"><a href="https://www.amazon.com/dp/B0719GRD5R?tag=eloabder-20&linkCode=osi&th=1&psc=1"><img src="https://m.media-amazon.com/images/I/41YE7bBHNCL._SL500_.jpg" alt="Product Image"></a><p>Clean & Clear Deep Action Exfoliating Cleanser with Pro-Vitamin B5, Gentle Exfoliating Daily Face Scrub Cleans Deep Down to the Pore for Soft, Smooth, Hydrated Skin, Oil Free Face Wash, 7 FL OZ</p><p>$5.32 ($0.76 / Fl Oz)</p><a href="https://www.amazon.com/dp/B0719GRD5R?tag=eloabder-20&linkCode=osi&th=1&psc=1">View Product</a></div><div class="product"><a href="https://www.amazon.com/dp/B000052ZB5?tag=eloabder-20&linkCode=osi&th=1&psc=1"><img src="https://m.media-amazon.com/images/I/31ItNDNYdIL._SL500_.jpg" alt="Product Image"></a><p>Neutrogena Deep Clean Daily Facial Cream Cleanser with Beta Hydroxy Acid to Remove Dirt, Oil & Makeup, Alcohol-Free, Oil-Free & Non-Comedogenic, 7 fl. oz</p><p>$6.49 ($0.87 / Fl Oz)</p><a href="https://www.amazon.com/dp/B000052ZB5?tag=eloabder-20&linkCode=osi&th=1&psc=1">View Product</a></div>
<div class="product"><a href="https://www.amazon.com/dp/B01MQXX9US?tag=eloabder-20&linkCode=osi&th=1&psc=1"><img src="https://m.media-amazon.com/images/I/41Zi7BP15NL._SL500_.jpg" alt="Product Image"></a><p>Banana Boat Sport Ultra SPF 50 Sunscreen Spray Twin Pack | Banana Boat Sunscreen Spray SPF 50, Spray On Sunscreen, Water Resistant Sunscreen, Oxybenzone Free Sunscreen Pack, 6oz each</p><p>$13.97 ($1.16 / Ounce)</p><a href="https://www.amazon.com/dp/B01MQXX9US?tag=eloabder-20&linkCode=osi&th=1&psc=1">View Product</a></div><div class="product"><a href="https://www.amazon.com/dp/B005IHT94S?tag=eloabder-20&linkCode=osi&th=1&psc=1"><img src="https://m.media-amazon.com/images/I/31YAXVCRMAL._SL500_.jpg" alt="Product Image"></a><p>Neutrogena Ultra Sheer Dry-Touch Water Resistant and Non-Greasy Sunscreen Lotion with Broad Spectrum SPF 70, 3 Fl Oz (Pack of 1)</p><p>$9.58 ($3.19 / Fl Oz)</p><a href="https://www.amazon.com/dp/B005IHT94S?tag=eloabder-20&linkCode=osi&th=1&psc=1">View Product</a></div><div class="product"><a href="https://www.amazon.com/dp/B076GZX3KL?tag=eloabder-20&linkCode=osi&th=1&psc=1"><img src="https://m.media-amazon.com/images/I/41BQoEZMuTL._SL500_.jpg" alt="Product Image"></a><p>Neutrogena Sunscreen Spray, Ultra Sheer ® Body Mist, Broad Spectrum SPF 70, Non-Greasy Water Resistant Body Sunscreen Mist, Non-Comedogenic, 5 oz (Pack of 3)</p><p>$23.50 ($1.57 / Ounce)</p><a href="https://www.amazon.com/dp/B076GZX3KL?tag=eloabder-20&linkCode=osi&th=1&psc=1">View Product</a></div><div class="product"><a href="https://www.amazon.com/dp/B002MSN3QQ?tag=eloabder-20&linkCode=osi&th=1&psc=1"><img src="https://m.media-amazon.com/images/I/3100avaA74L._SL500_.jpg" alt="Product Image"></a><p>EltaMD UV Clear Face Sunscreen, Oil Free Sunscreen with Zinc Oxide, Dermatologist Recommended Sunscreen, 1.7 oz Pump</p><p>$43.00 ($25.29 / Ounce)</p><a href="https://www.amazon.com/dp/B002MSN3QQ?tag=eloabder-20&linkCode=osi&th=1&psc=1">View Product</a></div><div class="product"><a href="https://www.amazon.com/dp/B078BC1NJ6?tag=eloabder-20&linkCode=osi&th=1&psc=1"><img src="https://m.media-amazon.com/images/I/51V4LMN2zEL._SL500_.jpg" alt="Product Image"></a><p>Coppertone Sport Sunscreen Spray SPF 50, Water Resistant Spray Sunscreen, Broad Spectrum SPF 50 Sunscreen, Bulk Sunscreen Pack, 5.5 Oz Bottle, Pack of 3</p><p>$20.63 ($1.25 / Ounce)</p><a href="https://www.amazon.com/dp/B078BC1NJ6?tag=eloabder-20&linkCode=osi&th=1&psc=1">View Product</a></div><div class="product"><a href="https://www.amazon.com/dp/B004D2DR0Q?tag=eloabder-20&linkCode=osi&th=1&psc=1"><img src="https://m.media-amazon.com/images/I/41QwzCWNnFL._SL500_.jpg" alt="Product Image"></a><p>Neutrogena Ultra Sheer Dry-Touch Water Resistant and Non-Greasy Sunscreen Lotion with Broad Spectrum SPF 45, TSA-Compliant travel Size, 3 Fl Oz, Pack of 2, 6 Fl Oz</p><p>$13.99 ($2.33 / Fl Oz)</p><a href="https://www.amazon.com/dp/B004D2DR0Q?tag=eloabder-20&linkCode=osi&th=1&psc=1">View Product</a></div><div class="product"><a href="https://www.amazon.com/dp/B074WBHHYY?tag=eloabder-20&linkCode=osi&th=1&psc=1"><img src="https://m.media-amazon.com/images/I/41uIcq6eNrL._SL500_.jpg" alt="Product Image"></a><p>Coppertone Sport Sunscreen Spray SPF 50, Water Resistant Spray Sunscreen, Broad Spectrum SPF 50 Sunscreen, Bulk Sunscreen Pack, 5.5 Oz Bottle, Pack of 2</p><p>$14.49 ($1.32 / Ounce)</p><a href="https://www.amazon.com/dp/B074WBHHYY?tag=eloabder-20&linkCode=osi&th=1&psc=1">View Product</a></div><div class="product"><a href="https://www.amazon.com/dp/B00AEN4QZ8?tag=eloabder-20&linkCode=osi&th=1&psc=1"><img src="https://m.media-amazon.com/images/I/31QMrCJPoeL._SL500_.jpg" alt="Product Image"></a><p>Neutrogena Beach Defense Water-Resistant Face & Body SPF 70 Sunscreen Lotion with Broad Spectrum UVA/UVB Protection, Oil-Free Fast-Absorbing Sunscreen Lotion, Oxybenzone-Free, 6.7 oz</p><p>$9.09 ($1.36 / Fl Oz)</p><a href="https://www.amazon.com/dp/B00AEN4QZ8?tag=eloabder-20&linkCode=osi&th=1&psc=1">View Product</a></div>
<div class="product"><a href="https://www.amazon.com/dp/B087781VTJ?tag=eloabder-20&linkCode=osi&th=1&psc=1"><img src="https://m.media-amazon.com/images/I/31OkRWcr12L._SL500_.jpg" alt="Product Image"></a><p>PURELL Advanced Hand Sanitizer Refreshing Gel, Clean Scent, 1 Liter Pump Bottle (Pack of 1) - 9632-04-CMR</p><p>$11.39 ($0.34 / Fl Oz)</p><a href="https://www.amazon.com/dp/B087781VTJ?tag=eloabder-20&linkCode=osi&th=1&psc=1">View Product</a></div><div class="product"><a href="https://www.amazon.com/dp/B00U2KYUAY?tag=eloabder-20&linkCode=osi&th=1&psc=1"><img src="https://m.media-amazon.com/images/I/516ldzLw1iL._SL500_.jpg" alt="Product Image"></a><p>PURELL Advanced Hand Sanitizer Soothing Gel, Fresh Scent, 8 fl oz Pump Bottle (Pack of 4), 9674-06-ECDECO</p><p>$19.99 ($0.62 / Fl Oz)</p><a href="https://www.amazon.com/dp/B00U2KYUAY?tag=eloabder-20&linkCode=osi&th=1&psc=1">View Product</a></div><div class="product"><a href="https://www.amazon.com/dp/B08XZS6BGG?tag=eloabder-20&linkCode=osi&th=1&psc=1"><img src="https://m.media-amazon.com/images/I/51XpsRtfkiL._SL500_.jpg" alt="Product Image"></a><p>PURELL Advanced Hand Sanitizer Naturals with Plant Based Alcohol, Citrus Scent, 8 fl oz Pump Bottle (Pack of 4), 9626-06-ECDECO</p><p>$17.99 ($0.56 / Fl Oz)</p><a href="https://www.amazon.com/dp/B08XZS6BGG?tag=eloabder-20&linkCode=osi&th=1&psc=1">View Product</a></div><div class="product"><a href="https://www.amazon.com/dp/B0889WWM49?tag=eloabder-20&linkCode=osi&th=1&psc=1"><img src="https://m.media-amazon.com/images/I/51KTBSE1ZwL._SL500_.jpg" alt="Product Image"></a><p>Germ-X Original Hand Sanitizer, Moisturizing Gel with Vitamin E, Instant and No Rinse Formula, Back to School Supplies College, 8 Fl Oz Pump Bottle (Pack of 12)</p><p>$23.64 ($0.25 / Fl Oz)</p><a href="https://www.amazon.com/dp/B0889WWM49?tag=eloabder-20&linkCode=osi&th=1&psc=1">View Product</a></div><div class="product"><a href="https://www.amazon.com/dp/B08R15JGNX?tag=eloabder-20&linkCode=osi&th=1&psc=1"><img src="https://m.media-amazon.com/images/I/41YXo-hwuXL._SL500_.jpg" alt="Product Image"></a><p>Amazon Basic Care - Aloe Vera Hand Sanitizer 62%, 12 fl oz (Pack of 6)</p><p>$18.52 ($0.26 / Fl Oz)</p><a href="https://www.amazon.com/dp/B08R15JGNX?tag=eloabder-20&linkCode=osi&th=1&psc=1">View Product</a></div><div class="product"><a href="https://www.amazon.com/dp/B00U2KYU7C?tag=eloabder-20&linkCode=osi&th=1&psc=1"><img src="https://m.media-amazon.com/images/I/518M+1fmEFL._SL500_.jpg" alt="Product Image"></a><p>Purell Advanced Hand Sanitizer Refreshing Gel Design Series, Clean Scent, 8 Fl Oz Pump Bottle (Pack of 4), 9652-06-ECDECO</p><p>$14.99 ($0.47 / Fl Oz)</p><a href="https://www.amazon.com/dp/B00U2KYU7C?tag=eloabder-20&linkCode=osi&th=1&psc=1">View Product</a></div><div class="product"><a href="https://www.amazon.com/dp/B08R13J8F2?tag=eloabder-20&linkCode=osi&th=1&psc=1"><img src="https://m.media-amazon.com/images/I/4168vx76bOL._SL500_.jpg" alt="Product Image"></a><p>Amazon Basic Care - Original Hand Sanitizer 62%, 34 fl oz (Pack of 4)</p><p>$17.64 ($0.13 / Fl Oz)</p><a href="https://www.amazon.com/dp/B08R13J8F2?tag=eloabder-20&linkCode=osi&th=1&psc=1">View Product</a></div>
<div class="product"><a href="https://www.amazon.com/dp/B00A8S6HM4?tag=eloabder-20&linkCode=osi&th=1&psc=1"><img src="https://m.media-amazon.com/images/I/31tIssP5CQL._SL500_.jpg" alt="Product Image"></a><p>Gold Bond Healing Hand Cream, 3 oz., With Aloe, Moisture That Lasts Through Handwashing</p><p>$3.97 ($1.32 / Ounce)</p><a href="https://www.amazon.com/dp/B00A8S6HM4?tag=eloabder-20&linkCode=osi&th=1&psc=1">View Product</a></div><div class="product"><a href="https://www.amazon.com/dp/B01N7TYBKS?tag=eloabder-20&linkCode=osi&th=1&psc=1"><img src="https://m.media-amazon.com/images/I/31PicytUhxL._SL500_.jpg" alt="Product Image"></a><p>MRS. MEYER'S CLEAN DAY Hand Lotion for Dry Hands, Non-Greasy Moisturizer Made with Essential Oils, Lavender, 12 oz</p><p>$12.58 ($1.05 / Fl Oz)</p><a href="https://www.amazon.com/dp/B01N7TYBKS?tag=eloabder-20&linkCode=osi&th=1&psc=1">View Product</a></div><div class="product"><a href="https://www.amazon.com/dp/B006UEOQ5K?tag=eloabder-20&linkCode=osi&th=1&psc=1"><img src="https://m.media-amazon.com/images/I/316StCvRHcL._SL500_.jpg" alt="Product Image"></a><p>L’Occitane Shea Butter Hand Cream 5.1 Oz: Nourishes Very Dry Hands, Protects Skin, With 20% Organic Shea Butter, Vegan, 1 Sold Every 3 Seconds*</p><p>$27.00</p><a href="https://www.amazon.com/dp/B006UEOQ5K?tag=eloabder-20&linkCode=osi&th=1&psc=1">View Product</a></div><div class="product"><a href="https://www.amazon.com/dp/B0BYQ34X6C?tag=eloabder-20&linkCode=osi&th=1&psc=1"><img src="https://m.media-amazon.com/images/I/61e61W8P89L._SL500_.jpg" alt="Product Image"></a><p>Vaseline Hand Sanitizer Lotion 2-in-1 Hydrating Skin Care 3 Ct Moisturizes and Eliminates Bacteria with Vitamin E 8 oz</p><p>$20.97 ($0.87 / Fl Oz)</p><a href="https://www.amazon.com/dp/B0BYQ34X6C?tag=eloabder-20&linkCode=osi&th=1&psc=1">View Product</a></div><div class="product"><a href="https://www.amazon.com/dp/B008B9L6WS?tag=eloabder-20&linkCode=osi&th=1&psc=1"><img src="https://m.media-amazon.com/images/I/412c6L64VAL._SL500_.jpg" alt="Product Image"></a><p>Gold Bond Healing Hydrating Lotion, 20 oz., With Aloe, Moisturizes, Immediate 24-Hour Hydration</p><p>$10.82 ($0.54 / Ounce)</p><a href="https://www.amazon.com/dp/B008B9L6WS?tag=eloabder-20&linkCode=osi&th=1&psc=1">View Product</a></div><div class="product"><a href="https://www.amazon.com/dp/B0034F9K36?tag=eloabder-20&linkCode=osi&th=1&psc=1"><img src="https://m.media-amazon.com/images/I/319i3EFVPvL._SL500_.jpg" alt="Product Image"></a><p>Jergens Ultra Healing Dry Skin Moisturizer, Body and Hand Lotion for Dry Skin, for Quick Absorption into Extra Dry Skin, with HYDRALUCENCE blend, Vitamins C, E, and B5, 32 Ounce</p><p>$8.17 ($0.26 / Fl Oz)</p><a href="https://www.amazon.com/dp/B0034F9K36?tag=eloabder-20&linkCode=osi&th=1&psc=1">View Product</a></div><div class="product"><a href="https://www.amazon.com/dp/B07QBN245V?tag=eloabder-20&linkCode=osi&th=1&psc=1"><img src="https://m.media-amazon.com/images/I/31N7vGLuV0L._SL500_.jpg" alt="Product Image"></a><p>Jergens Lavender Body Butter Body and Hand Lotion, Moisturizer for Women, 7 Fl Oz (Pack of 1), with Essential Oils for Indulgent Moisturization White</p><p>$7.97 ($1.14 / Fl Oz)</p><a href="https://www.amazon.com/dp/B07QBN245V?tag=eloabder-20&linkCode=osi&th=1&psc=1">View Product</a></div><div class="product"><a href="https://www.amazon.com/dp/B003JT8PKQ?tag=eloabder-20&linkCode=osi&th=1&psc=1"><img src="https://m.media-amazon.com/images/I/31TFisQDpKL._SL500_.jpg" alt="Product Image"></a><p>Lubriderm Daily Moisture Lotion + Pro-Ceramide with Shea Butter and Glycerin Helps Moisturize Dry Skin, Hydrating Face, Hand and Body Lotion, Lightly Scented, Non-Greasy, 24 FL OZ</p><p>$10.12 ($0.42 / Fl Oz)</p><a href="https://www.amazon.com/dp/B003JT8PKQ?tag=eloabder-20&linkCode=osi&th=1&psc=1">View Product</a></div><div class="product"><a href="https://www.amazon.com/dp/B00L7S3FCY?tag=eloabder-20&linkCode=osi&th=1&psc=1"><img src="https://m.media-amazon.com/images/I/511CeUwfwcL._SL500_.jpg" alt="Product Image"></a><p>Everyone Nourishing Hand and Body Lotion, 32 Ounce (Pack of 2), Coconut and Lemon, Plant-Based Lotion with Pure Essential Oils, Coconut Oil, Aloe Vera and Vitamin E</p><p>$25.48 ($0.40 / Fl Oz)</p><a href="https://www.amazon.com/dp/B00L7S3FCY?tag=eloabder-20&linkCode=osi&th=1&psc=1">View Product</a></div><div class="product"><a href="https://www.amazon.com/dp/B00008J2XQ?tag=eloabder-20&linkCode=osi&th=1&psc=1"><img src="https://m.media-amazon.com/images/I/419MsgGjzvL._SL500_.jpg" alt="Product Image"></a><p>Aveeno Skin Relief Intense Moisture Hand Cream with Soothing Prebiotic Oat for Dry Skin, Sensitive Skin Cream Softens & Smooths Hands & Lasts Through Hand Washing, Fragrance-Free, 3.5 oz</p><p>$8.79 ($2.51 / Fl Oz)</p><a href="https://www.amazon.com/dp/B00008J2XQ?tag=eloabder-20&linkCode=osi&th=1&psc=1">View Product</a></div>
<div class="product"><a href="https://www.amazon.com/dp/B000F4SNNW?tag=eloabder-20&linkCode=osi&th=1&psc=1"><img src="https://m.media-amazon.com/images/I/41K2xJPBiDL._SL500_.jpg" alt="Product Image"></a><p>Dynarex BZK Antiseptic Towelettes, Moist Sanitizing Towelettes Designed to Help Clean Minor Wounds, 5" x 7", Disposable & Individually Wrapped, 1 Box of 100</p><p>$7.18 ($0.07 / Count)</p><a href="https://www.amazon.com/dp/B000F4SNNW?tag=eloabder-20&linkCode=osi&th=1&psc=1">View Product</a></div><div class="product"><a href="https://www.amazon.com/dp/B00CXK2SCI?tag=eloabder-20&linkCode=osi&th=1&psc=1"><img src="https://m.media-amazon.com/images/I/41SEC4SVtdL._SL500_.jpg" alt="Product Image"></a><p>Medique Medi-First Antiseptic Wipes, Benzalkonium Chloride Cleansing Towelettes, 20 Pack - 21471</p><p>$5.20</p><a href="https://www.amazon.com/dp/B00CXK2SCI?tag=eloabder-20&linkCode=osi&th=1&psc=1">View Product</a></div><div class="product"><a href="https://www.amazon.com/dp/B0057Z24WK?tag=eloabder-20&linkCode=osi&th=1&psc=1"><img src="https://m.media-amazon.com/images/I/41Np605ZC3L._SL500_.jpg" alt="Product Image"></a><p>BZK Antiseptic Towelettes, 100 Count (Pack of 1)</p><p>$7.97 ($0.08 / Count)</p><a href="https://www.amazon.com/dp/B0057Z24WK?tag=eloabder-20&linkCode=osi&th=1&psc=1">View Product</a></div><div class="product"><a href="https://www.amazon.com/dp/B08R69B87P?tag=eloabder-20&linkCode=osi&th=1&psc=1"><img src="https://m.media-amazon.com/images/I/5114blis0XL._SL500_.jpg" alt="Product Image"></a><p>Nurture XL Antibacterial Body & Hand Wipes | Alcohol-Free Antiseptic Wet Sanitizer Towelettes for Germ Removal, Disinfecting Skin, Sanitizing Hands |Cleaning Cloths | Adults & Baby | Thick & Strong</p><p>$29.95 ($0.12 / Count)</p><a href="https://www.amazon.com/dp/B08R69B87P?tag=eloabder-20&linkCode=osi&th=1&psc=1">View Product</a></div><div class="product"><a href="https://www.amazon.com/dp/B0BQWYRXPT?tag=eloabder-20&linkCode=osi&th=1&psc=1"><img src="https://m.media-amazon.com/images/I/411xH4LwE1L._SL500_.jpg" alt="Product Image"></a><p>Dermoplast Wound Wipes Medicated First Aid Cloths, Analgesic & Antiseptic Wipes for Treating Minor Cuts, Scrapes and Burns on The Go, Sting Free Formula, 10 Individual Cloths (Packaging May Vary)</p><p>$12.19 ($1.22 / Count)</p><a href="https://www.amazon.com/dp/B0BQWYRXPT?tag=eloabder-20&linkCode=osi&th=1&psc=1">View Product</a></div><div class="product"><a href="https://www.amazon.com/dp/B07K335Y78?tag=eloabder-20&linkCode=osi&th=1&psc=1"><img src="https://m.media-amazon.com/images/I/31qFUEO9IjL._SL500_.jpg" alt="Product Image"></a><p>McKesson Obstetrical Antiseptic Towelettes Wipes, Sterile, Individual Packet, Clean Scent, 100 Count, 1 Pack</p><p>$7.20 ($0.07 / Count)</p><a href="https://www.amazon.com/dp/B07K335Y78?tag=eloabder-20&linkCode=osi&th=1&psc=1">View Product</a></div><div class="product"><a href="https://www.amazon.com/dp/B07WZQ6K5D?tag=eloabder-20&linkCode=osi&th=1&psc=1"><img src="https://m.media-amazon.com/images/I/31GuJZ7KbVL._SL500_.jpg" alt="Product Image"></a><p>McKesson Benzalkonium Chloride Towelettes, Antiseptic Cleansing, Individual Packet, 100 Count, 10 Packs, 1000 Total</p><p>$32.98 ($0.03 / Count)</p><a href="https://www.amazon.com/dp/B07WZQ6K5D?tag=eloabder-20&linkCode=osi&th=1&psc=1">View Product</a></div><div class="product"><a href="https://www.amazon.com/dp/B07F2MQ9NJ?tag=eloabder-20&linkCode=osi&th=1&psc=1"><img src="https://m.media-amazon.com/images/I/413FY4axq7L._SL500_.jpg" alt="Product Image"></a><p>MED PRIDE Alcohol Prep Pads| Medical-Grade, Sterile, Individually-Wrapped, Isopropyl Cotton Swabs| Disposable, Medium Square Size, 2ply, Latex Free & Antiseptic (200 Count (Pack of 1))</p><p>$4.97 ($0.02 / Count)</p><a href="https://www.amazon.com/dp/B07F2MQ9NJ?tag=eloabder-20&linkCode=osi&th=1&psc=1">View Product</a></div>
<div class="product"><a href="https://www.amazon.com/dp/B01N6T0XHP?tag=eloabder-20&linkCode=osi&th=1&psc=1"><img src="https://m.media-amazon.com/images/I/31VmxqprYDL._SL500_.jpg" alt="Product Image"></a><p>Curad Assorted Bandages Variety Pack 300 Pieces, Including Antibacterial, Heavy Duty, Fabric, and Waterproof Bandages</p><p>$11.99 ($0.04 / Count)</p><a href="https://www.amazon.com/dp/B01N6T0XHP?tag=eloabder-20&linkCode=osi&th=1&psc=1">View Product</a></div><div class="product"><a href="https://www.amazon.com/dp/B0014CV2IW?tag=eloabder-20&linkCode=osi&th=1&psc=1"><img src="https://m.media-amazon.com/images/I/51S29u1cbdL._SL500_.jpg" alt="Product Image"></a><p>Band-Aid Brand Tru-Stay Sheer Strips Adhesive Bandages for First Aid and Wound Care, Assorted Sizes, 80 ct</p><p>$3.77</p><a href="https://www.amazon.com/dp/B0014CV2IW?tag=eloabder-20&linkCode=osi&th=1&psc=1">View Product</a></div><div class="product"><a href="https://www.amazon.com/dp/B09X94F9ZS?tag=eloabder-20&linkCode=osi&th=1&psc=1"><img src="https://m.media-amazon.com/images/I/51aD3Ywcy7L._SL500_.jpg" alt="Product Image"></a><p>Self Adhesive Bandage Wrap, 2 inches x 5 Yards, 6 Pack, Self Adhering Bandage Wrap, Self Adherent Cohesive Wrap Bandages for Sports, Bandage Wrap for Sports, First Aid Tape</p><p>$6.39 ($1.06 / Count)</p><a href="https://www.amazon.com/dp/B09X94F9ZS?tag=eloabder-20&linkCode=osi&th=1&psc=1">View Product</a></div><div class="product"><a href="https://www.amazon.com/dp/B00570JWGQ?tag=eloabder-20&linkCode=osi&th=1&psc=1"><img src="https://m.media-amazon.com/images/I/41TSw41l0QL._SL500_.jpg" alt="Product Image"></a><p>Band-Aid Brand Adhesive Bandages Flexible Fabric, Extra Large, 10 Count (Pack of 2)</p><p>$7.54 ($0.38 / Count)</p><a href="https://www.amazon.com/dp/B00570JWGQ?tag=eloabder-20&linkCode=osi&th=1&psc=1">View Product</a></div><div class="product"><a href="https://www.amazon.com/dp/B07LG55GZM?tag=eloabder-20&linkCode=osi&th=1&psc=1"><img src="https://m.media-amazon.com/images/I/51YY5JKFrCL._SL500_.jpg" alt="Product Image"></a><p>Care Science Fabric Adhesive Bandages, 200 ct Bulk Assorted Sizes | Flexible + Breathable Protection Helps Prevent Infection for First Aid and Wound Care</p><p>$9.49 ($0.05 / Count)</p><a href="https://www.amazon.com/dp/B07LG55GZM?tag=eloabder-20&linkCode=osi&th=1&psc=1">View Product</a></div><div class="product"><a href="https://www.amazon.com/dp/B09N1PJFH4?tag=eloabder-20&linkCode=osi&th=1&psc=1"><img src="https://m.media-amazon.com/images/I/414tb0lZk2L._SL500_.jpg" alt="Product Image"></a><p>Band-Aid Brand Adhesive Bandages for Sensitive Skin, Hypoallergenic First Aid Bandages with Painless Removal, Stays on When Wet & Suitable for Eczema Prone Skin, Extra Large Size, 7 ct</p><p>$3.77 ($0.54 / Count)</p><a href="https://www.amazon.com/dp/B09N1PJFH4?tag=eloabder-20&linkCode=osi&th=1&psc=1">View Product</a></div><div class="product"><a href="https://www.amazon.com/dp/B0895DYMGL?tag=eloabder-20&linkCode=osi&th=1&psc=1"><img src="https://m.media-amazon.com/images/I/41hesAQJS3L._SL500_.jpg" alt="Product Image"></a><p>12 Pack Self Adherent Cohesive Wrap Bandages 2 Inches X 5 Yards,First Aid Tape, Elastic Self Adhesive Tape, Athletic, Sports wrap Tape, Bandage Wrap for Sports, Wrist, Skin Colour Athletic Tape</p><p>$8.99 ($0.75 / Count)</p><a href="https://www.amazon.com/dp/B0895DYMGL?tag=eloabder-20&linkCode=osi&th=1&psc=1">View Product</a></div><div class="product"><a href="https://www.amazon.com/dp/B0BGGYK4KC?tag=eloabder-20&linkCode=osi&th=1&psc=1"><img src="https://m.media-amazon.com/images/I/51xsX8eEbTL._SL500_.jpg" alt="Product Image"></a><p>Amazon Basic Care Flexible Fabric Adhesive Bandages, First Aid and Wound Care Supplies, All-One Size, 100 Count</p><p>$5.80 ($0.06 / Count)</p><a href="https://www.amazon.com/dp/B0BGGYK4KC?tag=eloabder-20&linkCode=osi&th=1&psc=1">View Product</a></div><div class="product"><a href="https://www.amazon.com/dp/B08JH93SHW?tag=eloabder-20&linkCode=osi&th=1&psc=1"><img src="https://m.media-amazon.com/images/I/51mp6AFuzlL._SL500_.jpg" alt="Product Image"></a><p>CURAD Performance Series Ironman Antibacterial Bandages, Extreme Hold Adhesive Technology, Finger & Knuckle Bandages, Flexible Fabric, Variety Pack with Assorted Sizes & Colors, 50 Count</p><p>$6.97 ($0.14 / Count)</p><a href="https://www.amazon.com/dp/B08JH93SHW?tag=eloabder-20&linkCode=osi&th=1&psc=1">View Product</a></div><div class="product"><a href="https://www.amazon.com/dp/B06Y96HDJM?tag=eloabder-20&linkCode=osi&th=1&psc=1"><img src="https://m.media-amazon.com/images/I/41MlSNY9BVL._SL500_.jpg" alt="Product Image"></a><p>American White Cross Adhesive Bandages, Sheer Strips, 3/4" x 3" | Bulk Case of 1500 | Sterile, Breathable and Multi-Purpose for School Nurses, Businesses, and First Aid Kits</p><p>$35.98 ($0.02 / Count)</p><a href="https://www.amazon.com/dp/B06Y96HDJM?tag=eloabder-20&linkCode=osi&th=1&psc=1">View Product</a></div>




<div class="product"><a href="https://www.amazon.com/dp/B0848WCZFM?tag=eloabder-20&linkCode=osi&th=1&psc=1"><img src="https://m.media-amazon.com/images/I/41Rzyzjg2UL._SL500_.jpg" alt="Product Image"></a><p>HealthA2Z Sleep Aid, Diphenhydramine Softgels, 50mg, Supports Deeper, Restful Sleeping, Non Habit-Forming (250 Counts)</p><p>$9.85 ($0.04 / Count)</p><a href="https://www.amazon.com/dp/B0848WCZFM?tag=eloabder-20&linkCode=osi&th=1&psc=1">View Product</a></div><div class="product"><a href="https://www.amazon.com/dp/B079HXLZGY?tag=eloabder-20&linkCode=osi&th=1&psc=1"><img src="https://m.media-amazon.com/images/I/51O0z0rymgL._SL500_.jpg" alt="Product Image"></a><p>Amazon Basic Care Nighttime Sleep Aid Tablets for Adults, Doxylamine Succinate 25 mg, 96 Count</p><p>$12.59 ($0.13 / Count)</p><a href="https://www.amazon.com/dp/B079HXLZGY?tag=eloabder-20&linkCode=osi&th=1&psc=1">View Product</a></div><div class="product"><a href="https://www.amazon.com/dp/B00NJ1BQZA?tag=eloabder-20&linkCode=osi&th=1&psc=1"><img src="https://m.media-amazon.com/images/I/41q8bT3bu0L._SL500_.jpg" alt="Product Image"></a><p>Relaxium Sleep Aid for Adults, Melatonin 5mg with Magnesium Glycinate, Sleep-Promoting Valerest & Ashwagandha, Non-Habit Forming Sleep Supplement, 60 Capsules, 30-Day Supply</p><p>$29.99 ($0.50 / count)</p><a href="https://www.amazon.com/dp/B00NJ1BQZA?tag=eloabder-20&linkCode=osi&th=1&psc=1">View Product</a></div><div class="product"><a href="https://www.amazon.com/dp/B08H766XS8?tag=eloabder-20&linkCode=osi&th=1&psc=1"><img src="https://m.media-amazon.com/images/I/4117Yuu9uhL._SL500_.jpg" alt="Product Image"></a><p>RXZELL Sleep Aid, Diphenhydramine HCl 50mg, 220 Softgels - Fall Asleep Faster, Deeper Restful Sleeping, Non Habit-Forming</p><p>$9.99 ($0.05 / Count)</p><a href="https://www.amazon.com/dp/B08H766XS8?tag=eloabder-20&linkCode=osi&th=1&psc=1">View Product</a></div><div class="product"><a href="https://www.amazon.com/dp/B07BZW88NY?tag=eloabder-20&linkCode=osi&th=1&psc=1"><img src="https://m.media-amazon.com/images/I/51HD9BxwlWL._SL500_.jpg" alt="Product Image"></a><p>Kirkland Signature Sleep Aid, 192 Tablets</p><p>$13.90 ($0.07 / Count)</p><a href="https://www.amazon.com/dp/B07BZW88NY?tag=eloabder-20&linkCode=osi&th=1&psc=1">View Product</a></div><div class="product"><a href="https://www.amazon.com/dp/B099JXNWYL?tag=eloabder-20&linkCode=osi&th=1&psc=1"><img src="https://m.media-amazon.com/images/I/41K+tJ73J2L._SL500_.jpg" alt="Product Image"></a><p>12-in-1 Melatonin Capsules - Melatonin 5mg Natural Sleep Aids for Adults - Magnesium Glycinate 500mg, Ashwagandha, L Theanine, Valerian Root, GABA, 5-HTP, Sleep Supplement for Adults, Pack of 1</p><p>$21.95 ($0.24 / Count)</p><a href="https://www.amazon.com/dp/B099JXNWYL?tag=eloabder-20&linkCode=osi&th=1&psc=1">View Product</a></div><div class="product"><a href="https://www.amazon.com/dp/B07PXT5LYR?tag=eloabder-20&linkCode=osi&th=1&psc=1"><img src="https://m.media-amazon.com/images/I/41Pu3C1zvML._SL500_.jpg" alt="Product Image"></a><p>Nature's Bounty Sleep3 Melatonin 10mg, Maximum Strength 100% Drug Free Sleep Aid, Dietary Supplement, L-Theanine & Nighttime Herbal Blend Time Release Technology, 60 Tri-Layered Tablets</p><p>$13.07 ($0.22 / Count)</p><a href="https://www.amazon.com/dp/B07PXT5LYR?tag=eloabder-20&linkCode=osi&th=1&psc=1">View Product</a></div><div class="product"><a href="https://www.amazon.com/dp/B08Y74HSSH?tag=eloabder-20&linkCode=osi&th=1&psc=1"><img src="https://m.media-amazon.com/images/I/41WtHEKTuML._SL500_.jpg" alt="Product Image"></a><p>ZzzQuil ULTRA, Sleep Aid, Nighttime Sleep Aid, 25 mg Doxylamine Succinate, From Makers of Nyquil, Non- Habit Forming, Fall Asleep Fast, Stay Asleep Longer, 48 Count</p><p>$19.63 ($0.41 / Count)</p><a href="https://www.amazon.com/dp/B08Y74HSSH?tag=eloabder-20&linkCode=osi&th=1&psc=1">View Product</a></div><div class="product"><a href="https://www.amazon.com/dp/B07T26RMVN?tag=eloabder-20&linkCode=osi&th=1&psc=1"><img src="https://m.media-amazon.com/images/I/41CrzdDrPxL._SL500_.jpg" alt="Product Image"></a><p>Rite Aid Natural Sleep Aid Caplets, Diphenhydramine HCl, 25mg - 200 Count | Sleeping Pills for Adults Extra Strength</p><p>$10.99 ($0.05 / Count)</p><a href="https://www.amazon.com/dp/B07T26RMVN?tag=eloabder-20&linkCode=osi&th=1&psc=1">View Product</a></div><div class="product"><a href="https://www.amazon.com/dp/B093ML2TLT?tag=eloabder-20&linkCode=osi&th=1&psc=1"><img src="https://m.media-amazon.com/images/I/41SyoP7FUKL._SL500_.jpg" alt="Product Image"></a><p>A+Health Nighttime Sleep Aid Diphenhydramine 50 mg Softgels Maximum Strength, 160 Count</p><p>$10.99 ($0.07 / Count)</p><a href="https://www.amazon.com/dp/B093ML2TLT?tag=eloabder-20&linkCode=osi&th=1&psc=1">View Product</a></div>
<div class="product"><a href="https://www.amazon.com/dp/B07S1BZXVW?tag=eloabder-20&linkCode=osi&th=1&psc=1"><img src="https://m.media-amazon.com/images/I/41KfCe6maEL._SL500_.jpg" alt="Product Image"></a><p>HealthA2Z® Allergy Relief | Cetirizine 10mg | All Day Allergy Relief | Indoor & Outdoor | Relief from Itchy Throat, Sneezing, Runny Noses (250 Count (Pack of 1))</p><p>$8.75 ($0.04 / Count)</p><a href="https://www.amazon.com/dp/B07S1BZXVW?tag=eloabder-20&linkCode=osi&th=1&psc=1">View Product</a></div><div class="product"><a href="https://www.amazon.com/dp/B074F19XB8?tag=eloabder-20&linkCode=osi&th=1&psc=1"><img src="https://m.media-amazon.com/images/I/412oY-CSVJL._SL500_.jpg" alt="Product Image"></a><p>Amazon Basic Care Complete Allergy Relief, Diphenhydramine HCl 25 mg, Relieves Symptoms, Antihistamine Tablets, 400 Count</p><p>$7.64 ($0.02 / Count)</p><a href="https://www.amazon.com/dp/B074F19XB8?tag=eloabder-20&linkCode=osi&th=1&psc=1">View Product</a></div><div class="product"><a href="https://www.amazon.com/dp/B087CBHR9W?tag=eloabder-20&linkCode=osi&th=1&psc=1"><img src="https://m.media-amazon.com/images/I/41+XRnnkAXL._SL500_.jpg" alt="Product Image"></a><p>HealthA2Z Fexofenadine Hydrochloride 180mg, Antihistamine for Allergy Relief, Non-Drowsy, 24-Hour Antihistamine for Allergy Relief (120 Count (Pack of 1))</p><p>$21.25 ($0.18 / Count)</p><a href="https://www.amazon.com/dp/B087CBHR9W?tag=eloabder-20&linkCode=osi&th=1&psc=1">View Product</a></div><div class="product"><a href="https://www.amazon.com/dp/B00HE66ZUC?tag=eloabder-20&linkCode=osi&th=1&psc=1"><img src="https://m.media-amazon.com/images/I/510MmBSuAfL._SL500_.jpg" alt="Product Image"></a><p>GoodSense Allergy Relief Loratadine Tablets 10 mg, Compare to Claritin, Antihistamine, 24 Hour Allergy Relief, 365 Count</p><p>$12.99 ($0.04 / Count)</p><a href="https://www.amazon.com/dp/B00HE66ZUC?tag=eloabder-20&linkCode=osi&th=1&psc=1">View Product</a></div><div class="product"><a href="https://www.amazon.com/dp/B074F18H5N?tag=eloabder-20&linkCode=osi&th=1&psc=1"><img src="https://m.media-amazon.com/images/I/41SMpawpNjL._SL500_.jpg" alt="Product Image"></a><p>Amazon Basic Care Allergy Relief Loratadine Tablets 10 mg, 300 Count</p><p>$16.72 ($0.06 / Count)</p><a href="https://www.amazon.com/dp/B074F18H5N?tag=eloabder-20&linkCode=osi&th=1&psc=1">View Product</a></div><div class="product"><a href="https://www.amazon.com/dp/B083VVT61S?tag=eloabder-20&linkCode=osi&th=1&psc=1"><img src="https://m.media-amazon.com/images/I/41BJ8O5m3RL._SL500_.jpg" alt="Product Image"></a><p>Amazon Basic Care 24 Hour Allergy Relief, Levocetirizine Dihydrochloride Tablets, 5 mg, Antihistamine, Relieves Sneezing, Runny Nose, Itchy Nose or Throat and Itchy, Watery Eyes, 80 Count</p><p>$16.31 ($0.20 / Count)</p><a href="https://www.amazon.com/dp/B083VVT61S?tag=eloabder-20&linkCode=osi&th=1&psc=1">View Product</a></div><div class="product"><a href="https://www.amazon.com/dp/B087Z6TKD9?tag=eloabder-20&linkCode=osi&th=1&psc=1"><img src="https://m.media-amazon.com/images/I/41hMESBq3wL._SL500_.jpg" alt="Product Image"></a><p>HealthA2Z® Allergy Relief | Loratadine 10mg | Antihistamine | Non-Drowsy | Relief from Itchy Throat, Sneezing, Runny Noses | 24-Hours Allergy Medicine (300 Tablets)</p><p>$12.45 ($0.04 / Count)</p><a href="https://www.amazon.com/dp/B087Z6TKD9?tag=eloabder-20&linkCode=osi&th=1&psc=1">View Product</a></div><div class="product"><a href="https://www.amazon.com/dp/B002ZX8X2C?tag=eloabder-20&linkCode=osi&th=1&psc=1"><img src="https://m.media-amazon.com/images/I/41ZzxDs5LOL._SL500_.jpg" alt="Product Image"></a><p>berkley jensen 24 Hour Allergy Relief (365-Count), 10 mg Cetirizine Hydrochloride Antihistamine - Fast Allergy Medicine for Indoor & Outdoor Allergies, Easy-Swallow Tablets, Compare to Zyrtec</p><p>$15.48 ($0.04 / Count)</p><a href="https://www.amazon.com/dp/B002ZX8X2C?tag=eloabder-20&linkCode=osi&th=1&psc=1">View Product</a></div><div class="product"><a href="https://www.amazon.com/dp/B07KFPLDGB?tag=eloabder-20&linkCode=osi&th=1&psc=1"><img src="https://m.media-amazon.com/images/I/41OAP+hMYjL._SL500_.jpg" alt="Product Image"></a><p>ValuMeds 24-Hour Allergy Medicine (300-Count) Antihistamine for Pollen, Hay Fever, Dry, Itchy Eyes, Allergies | Cetirizine HCl 10mg Caplets, Compare to Zyrtec</p><p>$19.99 ($0.07 / Count)</p><a href="https://www.amazon.com/dp/B07KFPLDGB?tag=eloabder-20&linkCode=osi&th=1&psc=1">View Product</a></div><div class="product"><a href="https://www.amazon.com/dp/B07TBPNT1F?tag=eloabder-20&linkCode=osi&th=1&psc=1"><img src="https://m.media-amazon.com/images/I/41I4wuxq+WL._SL500_.jpg" alt="Product Image"></a><p>Rite Aid Antihistamine Allergy Relief with Diphenhydramine | Allergy Medicine | Easy-to-Swallow Small Tablet Size Allergy Relief | Common Cold & Respiratory Allergy Medication (365 Count)</p><p>$13.99 ($0.04 / Count)</p><a href="https://www.amazon.com/dp/B07TBPNT1F?tag=eloabder-20&linkCode=osi&th=1&psc=1">View Product</a></div>
<div class="product"><a href="https://www.amazon.com/dp/B009ITR4EY?tag=eloabder-20&linkCode=osi&th=1&psc=1"><img src="https://m.media-amazon.com/images/I/5108J1lmIxL._SL500_.jpg" alt="Product Image"></a><p>Tylenol Cold + Flu Severe Medicine Caplets for Fever, Pain, Cough & Congestion, 24 ct.</p><p>$7.27 ($0.30 / Count)</p><a href="https://www.amazon.com/dp/B009ITR4EY?tag=eloabder-20&linkCode=osi&th=1&psc=1">View Product</a></div><div class="product"><a href="https://www.amazon.com/dp/B000WAWN8K?tag=eloabder-20&linkCode=osi&th=1&psc=1"><img src="https://m.media-amazon.com/images/I/41MhHkkpCQL._SL500_.jpg" alt="Product Image"></a><p>Zicam Cold Remedy Zinc Rapidmelts, Citrus Flavor, 25 Count (Pack of 1)</p><p>$10.92 ($0.44 / Count)</p><a href="https://www.amazon.com/dp/B000WAWN8K?tag=eloabder-20&linkCode=osi&th=1&psc=1">View Product</a></div><div class="product"><a href="https://www.amazon.com/dp/B019DL5KCO?tag=eloabder-20&linkCode=osi&th=1&psc=1"><img src="https://m.media-amazon.com/images/I/51i-U6pGMjL._SL500_.jpg" alt="Product Image"></a><p>Coricidin HBP Decongestant-Free Cough and Cold Medicine - Specially Designed Relief for High Blood Pressure, Cough, Runny Nose, Sneezing and Cold Symptoms (16 Count)</p><p>$8.99 ($0.56 / Count)</p><a href="https://www.amazon.com/dp/B019DL5KCO?tag=eloabder-20&linkCode=osi&th=1&psc=1">View Product</a></div><div class="product"><a href="https://www.amazon.com/dp/B08836KTVQ?tag=eloabder-20&linkCode=osi&th=1&psc=1"><img src="https://m.media-amazon.com/images/I/51kNMcIeJPL._SL500_.jpg" alt="Product Image"></a><p>Mucinex Fast-Max Cold and Flu & Nightshift Severe Cold and Flu Medicine for Adults, Over-the-Counter Medication Combo Pack for Sore Throat Relief, Decongestant, Cough & Cold Medicines, 2 x 6 Fl Oz</p><p>$19.99 ($1.67 / Fl Oz)</p><a href="https://www.amazon.com/dp/B08836KTVQ?tag=eloabder-20&linkCode=osi&th=1&psc=1">View Product</a></div><div class="product"><a href="https://www.amazon.com/dp/B0CBQL9VW7?tag=eloabder-20&linkCode=osi&th=1&psc=1"><img src="https://m.media-amazon.com/images/I/51w+OzVFBlL._SL500_.jpg" alt="Product Image"></a><p>Zicam Cold & Flu-Like Symptoms with Echinacea and Sambucus, Homeopathic, Zinc, Cooling Peppermint Flavor, Helps with Cold Symptoms, 20 Tablets</p><p>$10.98 ($0.55 / Count)</p><a href="https://www.amazon.com/dp/B0CBQL9VW7?tag=eloabder-20&linkCode=osi&th=1&psc=1">View Product</a></div><div class="product"><a href="https://www.amazon.com/dp/B01FCDI70Y?tag=eloabder-20&linkCode=osi&th=1&psc=1"><img src="https://m.media-amazon.com/images/I/51XEbZuRk2L._SL500_.jpg" alt="Product Image"></a><p>Genexa Cold Crush | Multi-Symptom Cough & Cold Relief for Adults | Delicious Organic Acai Berry Flavor | Certified Organic & Non-GMO | Homeopathic Remedy Made Clean | 60 Chewable Tablets</p><p>$15.99 ($0.27 / Count)</p><a href="https://www.amazon.com/dp/B01FCDI70Y?tag=eloabder-20&linkCode=osi&th=1&psc=1">View Product</a></div><div class="product"><a href="https://www.amazon.com/dp/B084HD4P7G?tag=eloabder-20&linkCode=osi&th=1&psc=1"><img src="https://m.media-amazon.com/images/I/51Y9eC+02cL._SL500_.jpg" alt="Product Image"></a><p>Sambucol Cold and Flu Relief Tablets - Homeopathic Cold Medicine, Cold Remedy for Adults, Black Elderberry for Colds, Zinc Cold Remedy - 60 Count</p><p>$19.48 ($0.32 / Count)</p><a href="https://www.amazon.com/dp/B084HD4P7G?tag=eloabder-20&linkCode=osi&th=1&psc=1">View Product</a></div><div class="product"><a href="https://www.amazon.com/dp/B01FCDDEUC?tag=eloabder-20&linkCode=osi&th=1&psc=1"><img src="https://m.media-amazon.com/images/I/51tvGxyWfdL._SL500_.jpg" alt="Product Image"></a><p>Genexa Kids' Cold Crush | Multi-Symptom Cough & Cold Relief for Children | Delicious Organic Acai Berry Flavor | Certified Organic & Non-GMO | Homeopathic Remedy Made Clean | 60 Chewable Tablets</p><p>$14.99 ($0.25 / Count)</p><a href="https://www.amazon.com/dp/B01FCDDEUC?tag=eloabder-20&linkCode=osi&th=1&psc=1">View Product</a></div><div class="product"><a href="https://www.amazon.com/dp/B000XTO9CI?tag=eloabder-20&linkCode=osi&th=1&psc=1"><img src="https://m.media-amazon.com/images/I/41hJoPREnXL._SL500_.jpg" alt="Product Image"></a><p>Nature's Way Cold+Flu Relief, Umcka, Shortens Duration and Reduces Severity, Multi-Symptom Relief, Homeopathic, Phenylephrine Free, Non-Drowsy, Berry Flavored, 20 Chewable Tablets (Packaging May Vary)</p><p>$13.01 ($0.65 / Count)</p><a href="https://www.amazon.com/dp/B000XTO9CI?tag=eloabder-20&linkCode=osi&th=1&psc=1">View Product</a></div>
<div class="product"><a href="https://www.amazon.com/dp/B0C21ZLQNC?tag=eloabder-20&linkCode=osi&th=1&psc=1"><img src="https://m.media-amazon.com/images/I/51mKzlUJ2mL._SL500_.jpg" alt="Product Image"></a><p>Physician's CHOICE Digestive Enzymes - Multi Enzymes, Organic Prebiotics & Probiotics for Digestive Health & Gut Health - Meal Time Discomfort Relief & Bloating - Dual Action Approach - 60 CT</p><p>$17.99 ($0.30 / Count)</p><a href="https://www.amazon.com/dp/B0C21ZLQNC?tag=eloabder-20&linkCode=osi&th=1&psc=1">View Product</a></div><div class="product"><a href="https://www.amazon.com/dp/B012RFVHSO?tag=eloabder-20&linkCode=osi&th=1&psc=1"><img src="https://m.media-amazon.com/images/I/51As5g4VfnL._SL500_.jpg" alt="Product Image"></a><p>OLLY Probiotic + Prebiotic Gummy, Digestive Support and Gut Health, 500 Million CFUs, Fiber, Adult Chewable Supplement for Men and Women, Peach, 30 Day Supply - 30 Count</p><p>$12.49 ($0.42 / Count)</p><a href="https://www.amazon.com/dp/B012RFVHSO?tag=eloabder-20&linkCode=osi&th=1&psc=1">View Product</a></div><div class="product"><a href="https://www.amazon.com/dp/B079H53D2B?tag=eloabder-20&linkCode=osi&th=1&psc=1"><img src="https://m.media-amazon.com/images/I/51Y4b2nfCYL._SL500_.jpg" alt="Product Image"></a><p>Physician's Choice Probiotics 60 Billion CFU - 10 Strains + Organic Prebiotics - Immune, Digestive & Gut Health - Supports Occasional Constipation, Diarrhea, Gas & Bloating - for Women & Men - 30ct</p><p>$21.58 ($0.72 / Count)</p><a href="https://www.amazon.com/dp/B079H53D2B?tag=eloabder-20&linkCode=osi&th=1&psc=1">View Product</a></div><div class="product"><a href="https://www.amazon.com/dp/B001TH7K0G?tag=eloabder-20&linkCode=osi&th=1&psc=1"><img src="https://m.media-amazon.com/images/I/41nbiJxKRNL._SL500_.jpg" alt="Product Image"></a><p>Metamucil 3-in-1 Fiber Capsules, Daily Psyllium Husk Fiber Supplement, Fiber Capsules for Digestive Health, Plant-Based Psyllium Husk Fiber Capsules, #1 Doctor Recommended Fiber Brand, 300ct Capsules</p><p>$30.18 ($0.10 / Count)</p><a href="https://www.amazon.com/dp/B001TH7K0G?tag=eloabder-20&linkCode=osi&th=1&psc=1">View Product</a></div><div class="product"><a href="https://www.amazon.com/dp/B0BYQZZTNH?tag=eloabder-20&linkCode=osi&th=1&psc=1"><img src="https://m.media-amazon.com/images/I/51+PbAZ+BiL._SL500_.jpg" alt="Product Image"></a><p>OLLY Fiber Gummy Rings, 5g Prebiotic Fiber, FOS (Fructo-oligosaccharides), Digestive Support, Berry Melon 50ct</p><p>$18.69 ($0.37 / Count)</p><a href="https://www.amazon.com/dp/B0BYQZZTNH?tag=eloabder-20&linkCode=osi&th=1&psc=1">View Product</a></div><div class="product"><a href="https://www.amazon.com/dp/B072YHM6S2?tag=eloabder-20&linkCode=osi&th=1&psc=1"><img src="https://m.media-amazon.com/images/I/41AeQ7B6ywL._SL500_.jpg" alt="Product Image"></a><p>Zenwise Health Digestive Enzymes - Probiotic Multi Enzymes with Probiotics and Prebiotics for Digestive Health and Bloating Relief for Women and Men, Daily Enzymes for Gut and Digestion - 60 Count</p><p>$18.97 ($0.32 / Count)</p><a href="https://www.amazon.com/dp/B072YHM6S2?tag=eloabder-20&linkCode=osi&th=1&psc=1">View Product</a></div><div class="product"><a href="https://www.amazon.com/dp/B0007IQMVG?tag=eloabder-20&linkCode=osi&th=1&psc=1"><img src="https://m.media-amazon.com/images/I/41LbuIg0j9L._SL500_.jpg" alt="Product Image"></a><p>Digestive Advantage IBS Probiotics For Women and Men, Probiotics For Digestive Health & Intensive Bowel Support with Digestive Enzymes For Gut Health, Occasional Bloating & Immune Support, 96 Capsules</p><p>$40.99 ($0.43 / Count)</p><a href="https://www.amazon.com/dp/B0007IQMVG?tag=eloabder-20&linkCode=osi&th=1&psc=1">View Product</a></div><div class="product"><a href="https://www.amazon.com/dp/B0BSKSTLR6?tag=eloabder-20&linkCode=osi&th=1&psc=1"><img src="https://m.media-amazon.com/images/I/4122KSnK5cL._SL500_.jpg" alt="Product Image"></a><p>Benefiber Prebiotic Fiber Supplement Gummies for Digestive Health, Assorted Fruit Flavor - 81 Count</p><p>$17.99 ($0.22 / Count)</p><a href="https://www.amazon.com/dp/B0BSKSTLR6?tag=eloabder-20&linkCode=osi&th=1&psc=1">View Product</a></div><div class="product"><a href="https://www.amazon.com/dp/B0014CVXMW?tag=eloabder-20&linkCode=osi&th=1&psc=1"><img src="https://m.media-amazon.com/images/I/417nIjuQeVL._SL500_.jpg" alt="Product Image"></a><p>Nature's Bounty Acidophilus Probiotic, Daily Probiotic Supplement, Supports Digestive Health, 1 Pack, 120 Tablets</p><p>$7.79 ($0.06 / Count)</p><a href="https://www.amazon.com/dp/B0014CVXMW?tag=eloabder-20&linkCode=osi&th=1&psc=1">View Product</a></div>
<div class="product"><a href="https://www.amazon.com/dp/B004PVLWW0?tag=eloabder-20&linkCode=osi&th=1&psc=1"><img src="https://m.media-amazon.com/images/I/41MNYerfHQL._SL500_.jpg" alt="Product Image"></a><p>DHT BLOCKER - Hair Growth Supplement for Genetic Thinning for Men and Women | Approved* by American Hair Loss Association | Guaranteed, Backed by 20 Years of Experience in Hair Loss Treatment Clinics</p><p>$43.90 ($0.37 / Count)</p><a href="https://www.amazon.com/dp/B004PVLWW0?tag=eloabder-20&linkCode=osi&th=1&psc=1">View Product</a></div><div class="product"><a href="https://www.amazon.com/dp/B00M6I5SNI?tag=eloabder-20&linkCode=osi&th=1&psc=1"><img src="https://m.media-amazon.com/images/I/51c0-S5TYBL._SL500_.jpg" alt="Product Image"></a><p>Rogaine Women's 5% Minoxidil Foam, Topical Once-A-Day Hair Loss Treatment for Women to Regrow Fuller, Thicker Hair, Unscented, 4-Month Supply, 2 x 2.11 oz</p><p>$49.05 ($23.25 / Ounce)</p><a href="https://www.amazon.com/dp/B00M6I5SNI?tag=eloabder-20&linkCode=osi&th=1&psc=1">View Product</a></div><div class="product"><a href="https://www.amazon.com/dp/B00M6I5SMY?tag=eloabder-20&linkCode=osi&th=1&psc=1"><img src="https://m.media-amazon.com/images/I/415RcmGI84L._SL500_.jpg" alt="Product Image"></a><p>Rogaine 5% Minoxidil Foam, Topical Once-A-Day Hair Loss Treatment for Women to Regrow Fuller, Thicker Hair, Unscented, 2-Month Supply, 2.11 oz</p><p>$30.63 ($14.52 / Ounce)</p><a href="https://www.amazon.com/dp/B00M6I5SMY?tag=eloabder-20&linkCode=osi&th=1&psc=1">View Product</a></div><div class="product"><a href="https://www.amazon.com/dp/B019ZZB3O2?tag=eloabder-20&linkCode=osi&th=1&psc=1"><img src="https://m.media-amazon.com/images/I/41LErxWdadL._SL500_.jpg" alt="Product Image"></a><p>SugarbearPRO Hair Vitamin Extra Strength 6000mcg Biotin, Longer-Looking Hair Gummy for Women & Men,B12, MSM, Inositol, Omega 3, Elderberry, Growth, USA Patent Design, Kosher Halal Vegan 2 Month Supply</p><p>$32.99 ($0.55 / Count)</p><a href="https://www.amazon.com/dp/B019ZZB3O2?tag=eloabder-20&linkCode=osi&th=1&psc=1">View Product</a></div><div class="product"><a href="https://www.amazon.com/dp/B0000Y8H3S?tag=eloabder-20&linkCode=osi&th=1&psc=1"><img src="https://m.media-amazon.com/images/I/41HVx2izbyL._SL500_.jpg" alt="Product Image"></a><p>Men's Rogaine Extra Strength 5% Minoxidil Topical Solution for Thin Hair, Hair Loss Treatment to Regrow Fuller, Thicker Hair, 3-Month Supply, 3 x 2 fl. oz</p><p>$51.70 ($8.62 / Fl Oz)</p><a href="https://www.amazon.com/dp/B0000Y8H3S?tag=eloabder-20&linkCode=osi&th=1&psc=1">View Product</a></div><div class="product"><a href="https://www.amazon.com/dp/B00BMLOKHU?tag=eloabder-20&linkCode=osi&th=1&psc=1"><img src="https://m.media-amazon.com/images/I/41NZ8vQtHtL._SL500_.jpg" alt="Product Image"></a><p>Rogaine Women's 2% Minoxidil Topical Solution for Womens Hair Thinning and Loss & Hair Regrowth, 3-Month Supply, 4 Piece Set, Unscented, 6 Fl Oz</p><p>$59.99 ($10.00 / Fl Oz)</p><a href="https://www.amazon.com/dp/B00BMLOKHU?tag=eloabder-20&linkCode=osi&th=1&psc=1">View Product</a></div><div class="product"><a href="https://www.amazon.com/dp/B08FGZSW8L?tag=eloabder-20&linkCode=osi&th=1&psc=1"><img src="https://m.media-amazon.com/images/I/41zpZ6a7pwL._SL500_.jpg" alt="Product Image"></a><p>WEEM Hair Skin and Nails Gummies - Supports Healthy Hair - Vegan biotin Vitamins for Women & Men Supports Faster Hair Growth, Stronger Nails, Healthy Skin, Extra Strength (1)</p><p>$29.95 ($0.50 / Count)</p><a href="https://www.amazon.com/dp/B08FGZSW8L?tag=eloabder-20&linkCode=osi&th=1&psc=1">View Product</a></div>
<div class="product"><a href="https://www.amazon.com/dp/B00NNZRJ2G?tag=eloabder-20&linkCode=osi&th=1&psc=1"><img src="https://m.media-amazon.com/images/I/41YWG-0RKpL._SL500_.jpg" alt="Product Image"></a><p>OCuSOFT Lid Scrub Original Eyelid Cleanser - Pre-Moistened Eyelid Wipes for Mild to Moderate Conditions - Eyelid Cleanser to Clean, Comfort & Soothe Irritated Eyelids - 30 Count</p><p>$9.95 ($0.33 / Count)</p><a href="https://www.amazon.com/dp/B00NNZRJ2G?tag=eloabder-20&linkCode=osi&th=1&psc=1">View Product</a></div><div class="product"><a href="https://www.amazon.com/dp/B00DJUK8HS?tag=eloabder-20&linkCode=osi&th=1&psc=1"><img src="https://m.media-amazon.com/images/I/51oBE3IVUkL._SL500_.jpg" alt="Product Image"></a><p>PreserVision AREDS 2 Eye Vitamin & Mineral Supplement, Contains Lutein, Vitamin C, Zeaxanthin, Zinc & Vitamin E, 120 Softgels (Packaging May Vary)</p><p>$31.15 ($0.26 / Count)</p><a href="https://www.amazon.com/dp/B00DJUK8HS?tag=eloabder-20&linkCode=osi&th=1&psc=1">View Product</a></div><div class="product"><a href="https://www.amazon.com/dp/B09NXS395V?tag=eloabder-20&linkCode=osi&th=1&psc=1"><img src="https://m.media-amazon.com/images/I/41ZHn0qwWwL._SL500_.jpg" alt="Product Image"></a><p>NAZANO Under Eye Patches - 60 Pcs - 24K Gold Eye Mask- Puffy Eyes & Dark Circles Treatments,Reduce Under Eye Bags and Smooth Wrinkles,Eye Skin Care Pads With Collagen,Hyaluronic Acid & Castor Oil</p><p>$6.98 ($0.23 / Count)</p><a href="https://www.amazon.com/dp/B09NXS395V?tag=eloabder-20&linkCode=osi&th=1&psc=1">View Product</a></div><div class="product"><a href="https://www.amazon.com/dp/B00JJPMXDO?tag=eloabder-20&linkCode=osi&th=1&psc=1"><img src="https://m.media-amazon.com/images/I/41xUbY21ojL._SL500_.jpg" alt="Product Image"></a><p>CeraVe Eye Repair Cream | Under Eye Cream For Puffiness And Bags Under Eyes | Hyaluronic Acid + Niacinamide + Marine Botanical Complex | Hydrating Eye Cream | Oil Free & Opthalmologist Tested</p><p>$9.85 ($19.70 / Ounce)</p><a href="https://www.amazon.com/dp/B00JJPMXDO?tag=eloabder-20&linkCode=osi&th=1&psc=1">View Product</a></div><div class="product"><a href="https://www.amazon.com/dp/B00NMPJR90?tag=eloabder-20&linkCode=osi&th=1&psc=1"><img src="https://m.media-amazon.com/images/I/41OYxfKCMGL._SL500_.jpg" alt="Product Image"></a><p>OCuSOFT Lid Scrub PLUS - Pre-Moistened Leave-On Eyelid Wipes for Moderate to Severe Conditions - Moisturizing Eyelid Cleanser for Maximum Relief - 30 Count</p><p>$18.97 ($0.63 / Count)</p><a href="https://www.amazon.com/dp/B00NMPJR90?tag=eloabder-20&linkCode=osi&th=1&psc=1">View Product</a></div><div class="product"><a href="https://www.amazon.com/dp/B0036B8QL0?tag=eloabder-20&linkCode=osi&th=1&psc=1"><img src="https://m.media-amazon.com/images/I/51JKJ6aZUsL._SL500_.jpg" alt="Product Image"></a><p>Systane Ultra Lubricant Eye Drops, Artificial Tears for Dry Eye, Twin Pack, 10-mL Each</p><p>$17.18 ($52.06 / Fl Oz)</p><a href="https://www.amazon.com/dp/B0036B8QL0?tag=eloabder-20&linkCode=osi&th=1&psc=1">View Product</a></div><div class="product"><a href="https://www.amazon.com/dp/B07BVYZL88?tag=eloabder-20&linkCode=osi&th=1&psc=1"><img src="https://m.media-amazon.com/images/I/41Nyltw77SL._SL500_.jpg" alt="Product Image"></a><p>LUMIFY Redness Reliever Eye Drops 0.25 Ounce (7.5mL)</p><p>$20.99 ($82.96 / Fl Oz)</p><a href="https://www.amazon.com/dp/B07BVYZL88?tag=eloabder-20&linkCode=osi&th=1&psc=1">View Product</a></div><div class="product"><a href="https://www.amazon.com/dp/B00DJUK8IM?tag=eloabder-20&linkCode=osi&th=1&psc=1"><img src="https://m.media-amazon.com/images/I/51LPoH2nRnL._SL500_.jpg" alt="Product Image"></a><p>Ocuvite Eye Vitamin & Mineral Supplement, Contains Zinc, Vitamins C, E, Omega 3, Lutein, & Zeaxanthin, 90 Softgels (Packaging May Vary)</p><p>$23.47 ($0.26 / Count)</p><a href="https://www.amazon.com/dp/B00DJUK8IM?tag=eloabder-20&linkCode=osi&th=1&psc=1">View Product</a></div><div class="product"><a href="https://www.amazon.com/dp/B00008BRR8?tag=eloabder-20&linkCode=osi&th=1&psc=1"><img src="https://m.media-amazon.com/images/I/41RscSZokiL._SL500_.jpg" alt="Product Image"></a><p>Refresh Tears, Lubricant Eye Drops, 2 Bottles .5 fl oz (15 ml)</p><p>$13.79</p><a href="https://www.amazon.com/dp/B00008BRR8?tag=eloabder-20&linkCode=osi&th=1&psc=1">View Product</a></div>
<div class="product"><a href="https://www.amazon.com/dp/B072N7WRHS?tag=eloabder-20&linkCode=osi&th=1&psc=1"><img src="https://m.media-amazon.com/images/I/413f-GdLNQL._SL500_.jpg" alt="Product Image"></a><p>Renu Contact Lens Solution, Advanced Formula, 12 Fl Oz (Pack of 2), Conditions & Hydrates Lenses, 20 Hours Moisture, 3 Disinfectants, For Soft & Silicon Hydrogel Lenses</p><p>$14.96 ($0.62 / Fl Oz)</p><a href="https://www.amazon.com/dp/B072N7WRHS?tag=eloabder-20&linkCode=osi&th=1&psc=1">View Product</a></div><div class="product"><a href="https://www.amazon.com/dp/B09WRB83MX?tag=eloabder-20&linkCode=osi&th=1&psc=1"><img src="https://m.media-amazon.com/images/I/418Hy6lumfL._SL500_.jpg" alt="Product Image"></a><p>Biotrue Hydration Plus Contact Lens Solution, Multi-Purpose Solution for Soft Contact Lenses, Lens Case Included, 10 FL OZ (Pack of 2)</p><p>$18.99 ($0.95 / Fl Oz)</p><a href="https://www.amazon.com/dp/B09WRB83MX?tag=eloabder-20&linkCode=osi&th=1&psc=1">View Product</a></div><div class="product"><a href="https://www.amazon.com/dp/B00EALX660?tag=eloabder-20&linkCode=osi&th=1&psc=1"><img src="https://m.media-amazon.com/images/I/51nm-B778HL._SL500_.jpg" alt="Product Image"></a><p>Bausch & Lomb Sensitive Eyes Contact Lens Solution, Sensitive Eyes Solution for Soft Contact & Gas Permeable Lenses, Saline Solution with Potassium, 12 Fl Oz (Pack of 2)</p><p>$6.99 ($0.29 / Fl Oz)</p><a href="https://www.amazon.com/dp/B00EALX660?tag=eloabder-20&linkCode=osi&th=1&psc=1">View Product</a></div><div class="product"><a href="https://www.amazon.com/dp/B072N7WNTK?tag=eloabder-20&linkCode=osi&th=1&psc=1"><img src="https://m.media-amazon.com/images/I/4109e6u0vfL._SL500_.jpg" alt="Product Image"></a><p>Renu Contact Lens Solution Multipurpose Disinfectant, Advanced Formula Lens Cleaner, Cleans & Moisturizes Soft & Silicon Hydrogel Lenses, 12 Fl Oz</p><p>$8.58 ($0.72 / Fl Oz)</p><a href="https://www.amazon.com/dp/B072N7WNTK?tag=eloabder-20&linkCode=osi&th=1&psc=1">View Product</a></div><div class="product"><a href="https://www.amazon.com/dp/B086TPW1WP?tag=eloabder-20&linkCode=osi&th=1&psc=1"><img src="https://m.media-amazon.com/images/I/51qNhUL2EvL._SL500_.jpg" alt="Product Image"></a><p>Renu Contact Lens Solution Multipurpose Disinfectant, Advanced Formula Lens Cleaner, Cleans & Moisturizes Soft & Silicon Hydrogel Lenses, Multi-Pack 16 Fl Oz (Pack of 2) + 2 Fl Oz Travel Size</p><p>$19.99 ($0.59 / Ounce)</p><a href="https://www.amazon.com/dp/B086TPW1WP?tag=eloabder-20&linkCode=osi&th=1&psc=1">View Product</a></div><div class="product"><a href="https://www.amazon.com/dp/B010GD3NUY?tag=eloabder-20&linkCode=osi&th=1&psc=1"><img src="https://m.media-amazon.com/images/I/51J4K0ac2IL._SL500_.jpg" alt="Product Image"></a><p>Clear Care Plus Cleaning Solution with Lens Case, Twin Pack, Multi, 12 Oz, Pack of 2</p><p>$17.98 ($0.75 / Fl Oz)</p><a href="https://www.amazon.com/dp/B010GD3NUY?tag=eloabder-20&linkCode=osi&th=1&psc=1">View Product</a></div><div class="product"><a href="https://www.amazon.com/dp/B001LFF5WG?tag=eloabder-20&linkCode=osi&th=1&psc=1"><img src="https://m.media-amazon.com/images/I/41yeo4z2YQL._SL500_.jpg" alt="Product Image"></a><p>Boston Simplus Contact Lens Solution, for Gas Permeable Contact Lenses, 3.5 Fl Oz</p><p>$9.58 ($2.74 / Fl Oz)</p><a href="https://www.amazon.com/dp/B001LFF5WG?tag=eloabder-20&linkCode=osi&th=1&psc=1">View Product</a></div><div class="product"><a href="https://www.amazon.com/dp/B003H07RXS?tag=eloabder-20&linkCode=osi&th=1&psc=1"><img src="https://m.media-amazon.com/images/I/410kz7uFY-L._SL500_.jpg" alt="Product Image"></a><p>Biotrue Contact Lens Solution, Multi-Purpose Solution for Soft Contact Lenses, Lens Case Included, 10 FL OZ</p><p>$9.82 ($0.98 / Ounce)</p><a href="https://www.amazon.com/dp/B003H07RXS?tag=eloabder-20&linkCode=osi&th=1&psc=1">View Product</a></div><div class="product"><a href="https://www.amazon.com/dp/B001ET7D42?tag=eloabder-20&linkCode=osi&th=1&psc=1"><img src="https://m.media-amazon.com/images/I/41Mo0p5eInL._SL500_.jpg" alt="Product Image"></a><p>Boston ADVANCE Conditioning Solution, from Bausch + Lomb, 3.5 Fl Oz (Pack of 2)</p><p>$18.96 ($2.71 / Fl Oz)</p><a href="https://www.amazon.com/dp/B001ET7D42?tag=eloabder-20&linkCode=osi&th=1&psc=1">View Product</a></div><div class="product"><a href="https://www.amazon.com/dp/B018KC4G2C?tag=eloabder-20&linkCode=osi&th=1&psc=1"><img src="https://m.media-amazon.com/images/I/41f3UfFJoWL._SL500_.jpg" alt="Product Image"></a><p>Biotrue Contact Lens Solution, Multi-Purpose Solution for Soft Contact Lenses, Lens Case Included, 2 FL OZ</p><p>$3.39 ($1.70 / Fl Oz)</p><a href="https://www.amazon.com/dp/B018KC4G2C?tag=eloabder-20&linkCode=osi&th=1&psc=1">View Product</a></div>
<div class="product"><a href="https://www.amazon.com/dp/B09XW9LBLF?tag=eloabder-20&linkCode=osi&th=1&psc=1"><img src="https://m.media-amazon.com/images/I/51n47pJYTJL._SL500_.jpg" alt="Product Image"></a><p>Arm & Hammer Simply Saline Daily Care Nasal Mist 4.4oz, Saline Nasal Spray, Drug-Free, 3-Pack</p><p>$13.67 ($1.04 / Ounce)</p><a href="https://www.amazon.com/dp/B09XW9LBLF?tag=eloabder-20&linkCode=osi&th=1&psc=1">View Product</a></div><div class="product"><a href="https://www.amazon.com/dp/B08R2SRN88?tag=eloabder-20&linkCode=osi&th=1&psc=1"><img src="https://m.media-amazon.com/images/I/51psI6ed71L._SL500_.jpg" alt="Product Image"></a><p>KIRKLAND SIGNATURE Aller-Flo Fluticasone Propionate (Glucorticoid) 5 Bottles x 120 Metered Sprays 0.54 Fl OZ per Bottle (15.8 mL x 5) 2.70 OZ Total (79 mL Total) 600 Total Sprays Total, 1-Pack</p><p>$27.95 ($10.35 / Fl Oz)</p><a href="https://www.amazon.com/dp/B08R2SRN88?tag=eloabder-20&linkCode=osi&th=1&psc=1">View Product</a></div><div class="product"><a href="https://www.amazon.com/dp/B07MLTLN74?tag=eloabder-20&linkCode=osi&th=1&psc=1"><img src="https://m.media-amazon.com/images/I/41sFNiAjpkL._SL500_.jpg" alt="Product Image"></a><p>Amazon Basic Care No Drip Severe Congestion Nasal Pump Mist Spray, 12 Hour Relief, Oxymetazoline HCl, Maximum Strength Plus Menthol, Steroid Free, 1 fl oz (Pack of 1)</p><p>$5.09</p><a href="https://www.amazon.com/dp/B07MLTLN74?tag=eloabder-20&linkCode=osi&th=1&psc=1">View Product</a></div><div class="product"><a href="https://www.amazon.com/dp/B08ZF27PHM?tag=eloabder-20&linkCode=osi&th=1&psc=1"><img src="https://m.media-amazon.com/images/I/31eIUFUDMjL._SL500_.jpg" alt="Product Image"></a><p>Amazon Basic Care Premium Saline Nasal Moisturizing Spray, 1.5 fl oz (Pack of 1), Clear</p><p>$2.27 ($1.51 / Fl Oz)</p><a href="https://www.amazon.com/dp/B08ZF27PHM?tag=eloabder-20&linkCode=osi&th=1&psc=1">View Product</a></div><div class="product"><a href="https://www.amazon.com/dp/B08ZF4QDKG?tag=eloabder-20&linkCode=osi&th=1&psc=1"><img src="https://m.media-amazon.com/images/I/41QbiS5l98L._SL500_.jpg" alt="Product Image"></a><p>Amazon Basic Care Maximum Strength 12 Hour Nasal Spray, Oxymetazoline HCl Solution, Congestion Relief, Cold and Allergy Medicine, Decongestant, 1 Fl Oz (Pack of 1)</p><p>$3.56</p><a href="https://www.amazon.com/dp/B08ZF4QDKG?tag=eloabder-20&linkCode=osi&th=1&psc=1">View Product</a></div><div class="product"><a href="https://www.amazon.com/dp/B00IPKC622?tag=eloabder-20&linkCode=osi&th=1&psc=1"><img src="https://m.media-amazon.com/images/I/41qfO4OKvjL._SL500_.jpg" alt="Product Image"></a><p>Xlear Nasal Spray with Xylitol, 1.5 fl oz (Pack of 3)</p><p>$32.99 ($7.33 / Fl Oz)</p><a href="https://www.amazon.com/dp/B00IPKC622?tag=eloabder-20&linkCode=osi&th=1&psc=1">View Product</a></div><div class="product"><a href="https://www.amazon.com/dp/B088WMFYMJ?tag=eloabder-20&linkCode=osi&th=1&psc=1"><img src="https://m.media-amazon.com/images/I/414i7EmS51L._SL500_.jpg" alt="Product Image"></a><p>Flonase Allergy Relief Nasal Spray, 24 Hour Non Drowsy Allergy Medicine, Metered Nasal Spray - 72 Sprays - Fall and Seasonal Allergy Relief</p><p>$17.48 ($46.00 / Fl Oz)</p><a href="https://www.amazon.com/dp/B088WMFYMJ?tag=eloabder-20&linkCode=osi&th=1&psc=1">View Product</a></div><div class="product"><a href="https://www.amazon.com/dp/B07MLTLN75?tag=eloabder-20&linkCode=osi&th=1&psc=1"><img src="https://m.media-amazon.com/images/I/41g+3os1psL._SL500_.jpg" alt="Product Image"></a><p>Amazon Basic Care No Drip Nasal Spray, 12 Hour Nasal Decongestant, Pump Mist, Oxymetazoline HCl, Cold and Allergy Nasal Spray, 1 fl oz (Pack of 1)</p><p>$5.09</p><a href="https://www.amazon.com/dp/B07MLTLN75?tag=eloabder-20&linkCode=osi&th=1&psc=1">View Product</a></div>
<div class="product"><a href="https://www.amazon.com/dp/B001FWXKTA?tag=eloabder-20&linkCode=osi&th=1&psc=1"><img src="https://m.media-amazon.com/images/I/31Rb8V-nAVL._SL500_.jpg" alt="Product Image"></a><p>Vicks Warm Mist Humidifier Small to Large Room for Baby, Kids and Adults, 1 Gallon Tank</p><p>$42.99</p><a href="https://www.amazon.com/dp/B001FWXKTA?tag=eloabder-20&linkCode=osi&th=1&psc=1">View Product</a></div>
<div class="product"><a href="https://www.amazon.com/dp/B079QN3154?tag=eloabder-20&linkCode=osi&th=1&psc=1"><img src="https://m.media-amazon.com/images/I/21bP07h-2vL._SL500_.jpg" alt="Product Image"></a><p>Finishing Touch Lumina Painless Hair Remover, Silver, New Edition</p><p>$9.75</p><a href="https://www.amazon.com/dp/B079QN3154?tag=eloabder-20&linkCode=osi&th=1&psc=1">View Product</a></div><div class="product"><a href="https://www.amazon.com/dp/B09QDRJ8ZX?tag=eloabder-20&linkCode=osi&th=1&psc=1"><img src="https://m.media-amazon.com/images/I/41jcrP+03XL._SL500_.jpg" alt="Product Image"></a><p>Finishing Touch Flawless Bikini Shaver and Trimmer Hair Remover for Women, Dry Use Electric Razor, Personal Groomer for Intimate Ladies Shaving, No Bump, Smooth Shave</p><p>$19.99</p><a href="https://www.amazon.com/dp/B09QDRJ8ZX?tag=eloabder-20&linkCode=osi&th=1&psc=1">View Product</a></div>


<div class="product"><a href="https://www.amazon.com/dp/B00LE99PA2?tag=eloabder-20&linkCode=osi&th=1&psc=1"><img src="https://m.media-amazon.com/images/I/518ViTgYdGL._SL500_.jpg" alt="Product Image"></a><p>Amopé Pedi Perfect Electric Callus Remover Foot File w/ Diamond Crystals, Pedicure Tool for Feet, Removes Hard & Dead Skin, Feet Scrubber & Buffer, Splashproof, w/ Extra Coarse Roller Head, 1 Count</p><p>$19.88</p><a href="https://www.amazon.com/dp/B00LE99PA2?tag=eloabder-20&linkCode=osi&th=1&psc=1">View Product</a></div><div class="product"><a href="https://www.amazon.com/dp/B09QMJTDP4?tag=eloabder-20&linkCode=osi&th=1&psc=1"><img src="https://m.media-amazon.com/images/I/41tkdQYqMtL._SL500_.jpg" alt="Product Image"></a><p>Metatarsal Pads, Gel Toe Separators, Bunion Corrector Cushion, Toe Spacers, Ball of Foot Cushions, Soft&Breathable, Idea for Mortons Neuroma, Blisters, Diabetic Feet, Hammer Toe, Rapid Pain Relief</p><p>$9.99</p><a href="https://www.amazon.com/dp/B09QMJTDP4?tag=eloabder-20&linkCode=osi&th=1&psc=1">View Product</a></div><div class="product"><a href="https://www.amazon.com/dp/B07HRYCWQZ?tag=eloabder-20&linkCode=osi&th=1&psc=1"><img src="https://m.media-amazon.com/images/I/41foQatg2ZL._SL500_.jpg" alt="Product Image"></a><p>Extra Strength Callus Remover for Feet - Callus Remover Gel Foot Scrubber for Dead Skin - Professional Pedicure Foot Spa Essential, 6oz</p><p>$8.95</p><a href="https://www.amazon.com/dp/B07HRYCWQZ?tag=eloabder-20&linkCode=osi&th=1&psc=1">View Product</a></div><div class="product"><a href="https://www.amazon.com/dp/B07Z6CG253?tag=eloabder-20&linkCode=osi&th=1&psc=1"><img src="https://m.media-amazon.com/images/I/41pgtZmmDcL._SL500_.jpg" alt="Product Image"></a><p>Okay Himalayan Pink Salt Detoxifying Foot Soak With & Tea Tree Oil, lavender, 20 Ounce</p><p>$9.99 ($0.50 / Ounce)</p><a href="https://www.amazon.com/dp/B07Z6CG253?tag=eloabder-20&linkCode=osi&th=1&psc=1">View Product</a></div><div class="product"><a href="https://www.amazon.com/dp/B07TPS758M?tag=eloabder-20&linkCode=osi&th=1&psc=1"><img src="https://m.media-amazon.com/images/I/51wlELBWJoL._SL500_.jpg" alt="Product Image"></a><p>26 Pieces Toe Cushion Tube 0.98 Inches Toe Tubes Sleeves 3 Different Size Soft Gel Corn Pad Protectors for Cushions Corns,Blisters, Calluses, Toes and Fingers.</p><p>$5.99 ($0.23 / Count)</p><a href="https://www.amazon.com/dp/B07TPS758M?tag=eloabder-20&linkCode=osi&th=1&psc=1">View Product</a></div><div class="product"><a href="https://www.amazon.com/dp/B01NCMJPOQ?tag=eloabder-20&linkCode=osi&th=1&psc=1"><img src="https://m.media-amazon.com/images/I/31lxdO7tvoL._SL500_.jpg" alt="Product Image"></a><p>Lee Beauty Professional Callus Remover for Feet - Original, Powerful Formulation - Extra Strength Gel, Home Pedicure Foot Spa Results - Cracked & Dead Dry Skin Supplies - 8 Oz</p><p>$14.99 ($1.87 / Ounce)</p><a href="https://www.amazon.com/dp/B01NCMJPOQ?tag=eloabder-20&linkCode=osi&th=1&psc=1">View Product</a></div><div class="product"><a href="https://www.amazon.com/dp/B08YZBBVGK?tag=eloabder-20&linkCode=osi&th=1&psc=1"><img src="https://m.media-amazon.com/images/I/31MIcVTBGKL._SL500_.jpg" alt="Product Image"></a><p>Dr. Scholl's Severe Cracked Heel Repair Restoring Balm 2.5oz, with 25% Urea for Dry, Cracked Feet, Heals and Moisturizes for Healthy Feet</p><p>$6.47 ($2.59 / Ounce)</p><a href="https://www.amazon.com/dp/B08YZBBVGK?tag=eloabder-20&linkCode=osi&th=1&psc=1">View Product</a></div><div class="product"><a href="https://www.amazon.com/dp/B07NRZNYF9?tag=eloabder-20&linkCode=osi&th=1&psc=1"><img src="https://m.media-amazon.com/images/I/51yCiC6opTL._SL500_.jpg" alt="Product Image"></a><p>ALIVER Foot Peel Mask 3 Pack, Exfoliator Peel Off Calluses Dead Skin Callus Remover, Baby Soft Smooth Touch Feet-Men Women (Lavender)</p><p>$9.99 ($3.00 / Ounce)</p><a href="https://www.amazon.com/dp/B07NRZNYF9?tag=eloabder-20&linkCode=osi&th=1&psc=1">View Product</a></div><div class="product"><a href="https://www.amazon.com/dp/B0BG8XZQ2J?tag=eloabder-20&linkCode=osi&th=1&psc=1"><img src="https://m.media-amazon.com/images/I/5198oRyNvnL._SL500_.jpg" alt="Product Image"></a><p>Corn Removers for Feet & Toes: Corn Removal with 40% Salicylic Acid, Foot Callous Remover - Corn Pads 24 Pack</p><p>$21.99 ($0.92 / Count)</p><a href="https://www.amazon.com/dp/B0BG8XZQ2J?tag=eloabder-20&linkCode=osi&th=1&psc=1">View Product</a></div>
<div class="product"><a href="https://www.amazon.com/dp/B00JJPMXDO?tag=eloabder-20&linkCode=osi&th=1&psc=1"><img src="https://m.media-amazon.com/images/I/41xUbY21ojL._SL500_.jpg" alt="Product Image"></a><p>CeraVe Eye Repair Cream | Under Eye Cream For Puffiness And Bags Under Eyes | Hyaluronic Acid + Niacinamide + Marine Botanical Complex | Hydrating Eye Cream | Oil Free & Opthalmologist Tested</p><p>$9.85 ($19.70 / Ounce)</p><a href="https://www.amazon.com/dp/B00JJPMXDO?tag=eloabder-20&linkCode=osi&th=1&psc=1">View Product</a></div><div class="product"><a href="https://www.amazon.com/dp/B0009RFB76?tag=eloabder-20&linkCode=osi&th=1&psc=1"><img src="https://m.media-amazon.com/images/I/31M2iQDNDOL._SL500_.jpg" alt="Product Image"></a><p>RoC Retinol Correxion Under Eye Cream for Dark Circles & Puffiness, Daily Wrinkle Cream, Anti Aging Line Smoothing Skin Care Treatment for Women and Men, 0.5 oz (Packaging May Vary)</p><p>$19.76 ($39.52 / Fl Oz)</p><a href="https://www.amazon.com/dp/B0009RFB76?tag=eloabder-20&linkCode=osi&th=1&psc=1">View Product</a></div><div class="product"><a href="https://www.amazon.com/dp/B0B3GCCRVH?tag=eloabder-20&linkCode=osi&th=1&psc=1"><img src="https://m.media-amazon.com/images/I/41EdCdrw-AL._SL500_.jpg" alt="Product Image"></a><p>CeraVe Skin Renewing Eye Cream For Wrinkles | Under Eye Cream With Peptides + Caffeine + Niacinamide | Anti Aging Eye Cream For Wrinkles & Crows Feet | Paraben Free & Opthalmologist Tested</p><p>$18.49 ($36.98 / Ounce)</p><a href="https://www.amazon.com/dp/B0B3GCCRVH?tag=eloabder-20&linkCode=osi&th=1&psc=1">View Product</a></div><div class="product"><a href="https://www.amazon.com/dp/B0B45LL4DD?tag=eloabder-20&linkCode=osi&th=1&psc=1"><img src="https://m.media-amazon.com/images/I/31ZNIWikbtL._SL500_.jpg" alt="Product Image"></a><p>Beauty of Joseon Revive Eye Serum with Retinal Niacinamide Correction for Puffy Eye Bags Fine Lines Dark Circles Wrinkles, Korean Skin Care 30ml, 1 fl.oz</p><p>$11.00 ($11.00 / Fl Oz)</p><a href="https://www.amazon.com/dp/B0B45LL4DD?tag=eloabder-20&linkCode=osi&th=1&psc=1">View Product</a></div><div class="product"><a href="https://www.amazon.com/dp/B00005333I?tag=eloabder-20&linkCode=osi&th=1&psc=1"><img src="https://m.media-amazon.com/images/I/31webfO63dL._SL500_.jpg" alt="Product Image"></a><p>L'Oreal Paris Dermo-Expertise Eye Defense Eye Cream with Caffeine and Hyaluronic Acid 0.5 oz</p><p>$12.27 ($24.54 / Ounce)</p><a href="https://www.amazon.com/dp/B00005333I?tag=eloabder-20&linkCode=osi&th=1&psc=1">View Product</a></div><div class="product"><a href="https://www.amazon.com/dp/B091NJQ29P?tag=eloabder-20&linkCode=osi&th=1&psc=1"><img src="https://m.media-amazon.com/images/I/31b6zrb8KuL._SL500_.jpg" alt="Product Image"></a><p>Good Molecules Yerba Mate Wake Up Eye Gel - Yerba Mate, Hyaluronic Acid and Caffeine to Hydrate, Minimize Puffiness and Swelling - Skincare for Face</p><p>$6.00 ($12.00 / Fl Oz)</p><a href="https://www.amazon.com/dp/B091NJQ29P?tag=eloabder-20&linkCode=osi&th=1&psc=1">View Product</a></div><div class="product"><a href="https://www.amazon.com/dp/B07ZRF416W?tag=eloabder-20&linkCode=osi&th=1&psc=1"><img src="https://m.media-amazon.com/images/I/31cH7vzfBxL._SL500_.jpg" alt="Product Image"></a><p>COSRX Snail Peptide Eye Cream with 73.7% Snail Mucin and Niacinamide - Brightening Korean Night Cream for Fine Lines and Dark Circles</p><p>$13.80 ($16.24 / Fl Oz)</p><a href="https://www.amazon.com/dp/B07ZRF416W?tag=eloabder-20&linkCode=osi&th=1&psc=1">View Product</a></div><div class="product"><a href="https://www.amazon.com/dp/B00NR1YIKM?tag=eloabder-20&linkCode=osi&th=1&psc=1"><img src="https://m.media-amazon.com/images/I/41B32hDgipL._SL500_.jpg" alt="Product Image"></a><p>Neutrogena Hydro Boost Hyaluronic Acid Eye Gel Cream, Under Eye Cream with Hyaluronic Acid, Fragrance Free, Non-Comedogenic Moisturizer, 0.5 OZ</p><p>$8.45 ($16.90 / Fl Oz)</p><a href="https://www.amazon.com/dp/B00NR1YIKM?tag=eloabder-20&linkCode=osi&th=1&psc=1">View Product</a></div><div class="product"><a href="https://www.amazon.com/dp/B000KOLXKM?tag=eloabder-20&linkCode=osi&th=1&psc=1"><img src="https://m.media-amazon.com/images/I/31AyRPc8dQL._SL500_.jpg" alt="Product Image"></a><p>L'Oreal Paris Skincare Revitalift Anti-Wrinkle and Firming Eye Cream with Pro Retinol, Treatment to Reduce Dark Circles, Fragrance Free, 0.5 oz.</p><p>$12.99 ($25.98 / Ounce)</p><a href="https://www.amazon.com/dp/B000KOLXKM?tag=eloabder-20&linkCode=osi&th=1&psc=1">View Product</a></div>
<div class="product"><a href="https://www.amazon.com/dp/B07JGBW826?tag=eloabder-20&linkCode=osi&th=1&psc=1"><img src="https://m.media-amazon.com/images/I/41nq5khANlL._SL500_.jpg" alt="Product Image"></a><p>Amazon Basics Adult Multivitamin for Men & Women, 300 Gummies with Vitamins A, C, D, E, B-6 and B-12, 150 Count (Pack of 2) (150 Day Supply) (Previously Solimo)</p><p>$14.30 ($0.05 / Count)</p><a href="https://www.amazon.com/dp/B07JGBW826?tag=eloabder-20&linkCode=osi&th=1&psc=1">View Product</a></div><div class="product"><a href="https://www.amazon.com/dp/B00DS5BGDY?tag=eloabder-20&linkCode=osi&th=1&psc=1"><img src="https://m.media-amazon.com/images/I/41zXI0XuNYL._SL500_.jpg" alt="Product Image"></a><p>Nature Made Vitamin B12 1000 mcg, Dietary Supplement for Energy Metabolism Support, 150 Softgels, 150 Day Supply</p><p>$9.98 ($0.07 / Count)</p><a href="https://www.amazon.com/dp/B00DS5BGDY?tag=eloabder-20&linkCode=osi&th=1&psc=1">View Product</a></div><div class="product"><a href="https://www.amazon.com/dp/B007L0DPE0?tag=eloabder-20&linkCode=osi&th=1&psc=1"><img src="https://m.media-amazon.com/images/I/41u67LVdJFL._SL500_.jpg" alt="Product Image"></a><p>Vitafusion Womens Multivitamin Gummies, Berry Flavored Daily Vitamins for Women With Vitamins A, C, D, E, B-6 and B-12, America’s Number 1 Gummy Vitamin Brand, 75 Days Supply, 150 Count</p><p>$10.98 ($0.07 / Count)</p><a href="https://www.amazon.com/dp/B007L0DPE0?tag=eloabder-20&linkCode=osi&th=1&psc=1">View Product</a></div><div class="product"><a href="https://www.amazon.com/dp/B09KCCVL9V?tag=eloabder-20&linkCode=osi&th=1&psc=1"><img src="https://m.media-amazon.com/images/I/419o0W0LJgL._SL500_.jpg" alt="Product Image"></a><p>Centrum Silver Women's Multivitamin for Women 50 Plus, Multivitamin/Multimineral Supplement with Vitamin D3, B Vitamins, Non-GMO Ingredients, Supports Memory and Cognition in Older Adults - 200 Ct</p><p>$15.99 ($0.08 / Count)</p><a href="https://www.amazon.com/dp/B09KCCVL9V?tag=eloabder-20&linkCode=osi&th=1&psc=1">View Product</a></div><div class="product"><a href="https://www.amazon.com/dp/B002QO00YO?tag=eloabder-20&linkCode=osi&th=1&psc=1"><img src="https://m.media-amazon.com/images/I/41SQ-7dbsHL._SL500_.jpg" alt="Product Image"></a><p>Nature Made Vitamin D3 2000 IU (50 mcg), Dietary Supplement for Bone, Teeth, Muscle and Immune Health Support, 90 Softgels, 90 Day Supply</p><p>$6.28 ($0.07 / Count)</p><a href="https://www.amazon.com/dp/B002QO00YO?tag=eloabder-20&linkCode=osi&th=1&psc=1">View Product</a></div><div class="product"><a href="https://www.amazon.com/dp/B0000DJASY?tag=eloabder-20&linkCode=osi&th=1&psc=1"><img src="https://m.media-amazon.com/images/I/41PwuIsYASL._SL500_.jpg" alt="Product Image"></a><p>Nature Made Extra Strength Vitamin C 1000 mg, Dietary Supplement for Immune Support, 100 Tablets, 100 Day Supply</p><p>$9.50 ($0.10 / Count)</p><a href="https://www.amazon.com/dp/B0000DJASY?tag=eloabder-20&linkCode=osi&th=1&psc=1">View Product</a></div><div class="product"><a href="https://www.amazon.com/dp/B00YMSLT88?tag=eloabder-20&linkCode=osi&th=1&psc=1"><img src="https://m.media-amazon.com/images/I/41S95x-3xaL._SL500_.jpg" alt="Product Image"></a><p>Nature Made Multivitamin Tablets with Iron, Multivitamin for Women and Men for Daily Nutritional Support, 130 Tablets, 130 Day Supply</p><p>$11.99 ($0.09 / Count)</p><a href="https://www.amazon.com/dp/B00YMSLT88?tag=eloabder-20&linkCode=osi&th=1&psc=1">View Product</a></div><div class="product"><a href="https://www.amazon.com/dp/B0072F8D7S?tag=eloabder-20&linkCode=osi&th=1&psc=1"><img src="https://m.media-amazon.com/images/I/41j4CBYG0SL._SL500_.jpg" alt="Product Image"></a><p>Nature's Bounty Advanced Hair, Skin & Nails, Argan-Infused Vitamin Supplement with Biotin and Hyaluronic Acid, 150 Rapid Release Softgels</p><p>$10.99 ($0.07 / Count)</p><a href="https://www.amazon.com/dp/B0072F8D7S?tag=eloabder-20&linkCode=osi&th=1&psc=1">View Product</a></div><div class="product"><a href="https://www.amazon.com/dp/B07H8LBDTG?tag=eloabder-20&linkCode=osi&th=1&psc=1"><img src="https://m.media-amazon.com/images/I/41oIEGJy42L._SL500_.jpg" alt="Product Image"></a><p>OLLY Women's Multivitamin Gummy, Vitamins A, D, C, E, Biotin, Folic Acid, Adult Chewable Vitamin, Berry Flavor, 65 Day Supply - 130 Count (Packaging May Vary)</p><p>$16.98 ($0.13 / Count)</p><a href="https://www.amazon.com/dp/B07H8LBDTG?tag=eloabder-20&linkCode=osi&th=1&psc=1">View Product</a></div><div class="product"><a href="https://www.amazon.com/dp/B0014D2GEK?tag=eloabder-20&linkCode=osi&th=1&psc=1"><img src="https://m.media-amazon.com/images/I/41Al6x+mTKL._SL500_.jpg" alt="Product Image"></a><p>Nature's Bounty Super B Complex with Vitamin C & Folic Acid, Immune & Energy Support, 150 tablets</p><p>$12.73 ($0.08 / Count)</p><a href="https://www.amazon.com/dp/B0014D2GEK?tag=eloabder-20&linkCode=osi&th=1&psc=1">View Product</a></div>
<div class="product"><a href="https://www.amazon.com/dp/B0BG94RWYN?tag=eloabder-20&linkCode=osi&th=1&psc=1"><img src="https://m.media-amazon.com/images/I/41k1yrK-eGL._SL500_.jpg" alt="Product Image"></a><p>Sea Moss 3000mg Black Seed Oil 2000mg Ashwagandha 1000mg Turmeric 1000mg Bladderwrack 1000mg Burdock 1000mg & Vitamin C & D3 with Elderberry Manuka Dandelion Yellow Dock Iodine Chlorophyll ACV</p><p>$23.96 ($0.40 / Count)</p><a href="https://www.amazon.com/dp/B0BG94RWYN?tag=eloabder-20&linkCode=osi&th=1&psc=1">View Product</a></div><div class="product"><a href="https://www.amazon.com/dp/B01DBTFO98?tag=eloabder-20&linkCode=osi&th=1&psc=1"><img src="https://m.media-amazon.com/images/I/51Evo4SKmEL._SL500_.jpg" alt="Product Image"></a><p>Turmeric Curcumin with Black Pepper Extract 1500mg - High Absorption Ultra Potent Turmeric Supplement with 95% Curcuminoids and BioPerine - Non GMO Turmeric Capsules for Joint Support - 90 Capsules</p><p>$18.79 ($0.21 / Count)</p><a href="https://www.amazon.com/dp/B01DBTFO98?tag=eloabder-20&linkCode=osi&th=1&psc=1">View Product</a></div><div class="product"><a href="https://www.amazon.com/dp/B0BG6TGKZS?tag=eloabder-20&linkCode=osi&th=1&psc=1"><img src="https://m.media-amazon.com/images/I/41aCogcx9OL._SL500_.jpg" alt="Product Image"></a><p>Clean Nutraceuticals Lions Mane 3000mg 20in1 Mushroom Supplement with Turkey Tail 2000mg Reishi 1000mg Cordyceps Chaga 1000mg Maitake Meshima Poria Cocos Shiitake Oyster Porcini Enoki 60 Count</p><p>$29.95 ($0.50 / Count)</p><a href="https://www.amazon.com/dp/B0BG6TGKZS?tag=eloabder-20&linkCode=osi&th=1&psc=1">View Product</a></div><div class="product"><a href="https://www.amazon.com/dp/B0CV9JW4DS?tag=eloabder-20&linkCode=osi&th=1&psc=1"><img src="https://m.media-amazon.com/images/I/51L8z3xzNsL._SL500_.jpg" alt="Product Image"></a><p>Zoyava Dynamic Vitality Bundle, Sea Moss and Shilajit Bundle, Sea Moss 7000mg, Black Seed Oil 4000mg, Ashwagandha 2000mg, Ginger & Shilajit 9000mg, Rhodiola Rosea 1000mg, Panax Ginseng (60 Count)</p><p>$25.99 ($0.43 / Count)</p><a href="https://www.amazon.com/dp/B0CV9JW4DS?tag=eloabder-20&linkCode=osi&th=1&psc=1">View Product</a></div><div class="product"><a href="https://www.amazon.com/dp/B00H5PJ0HW?tag=eloabder-20&linkCode=osi&th=1&psc=1"><img src="https://m.media-amazon.com/images/I/414mKN9ZjbL._SL500_.jpg" alt="Product Image"></a><p>Nature's Bounty Magnesium, Bone and Muscle Health, Whole Body Support, Tablets, 500 Mg, 200 Ct</p><p>$11.28 ($0.06 / Count)</p><a href="https://www.amazon.com/dp/B00H5PJ0HW?tag=eloabder-20&linkCode=osi&th=1&psc=1">View Product</a></div><div class="product"><a href="https://www.amazon.com/dp/B08YLTCDTN?tag=eloabder-20&linkCode=osi&th=1&psc=1"><img src="https://m.media-amazon.com/images/I/41aybXdjmLL._SL500_.jpg" alt="Product Image"></a><p>Nature's Bounty Zinc 50mg, Immune Support & Antioxidant Supplement, Promotes Skin Health 250 Caplets</p><p>$9.48 ($0.04 / Count)</p><a href="https://www.amazon.com/dp/B08YLTCDTN?tag=eloabder-20&linkCode=osi&th=1&psc=1">View Product</a></div><div class="product"><a href="https://www.amazon.com/dp/B0000DJAQU?tag=eloabder-20&linkCode=osi&th=1&psc=1"><img src="https://m.media-amazon.com/images/I/41c7alI7ydL._SL500_.jpg" alt="Product Image"></a><p>Nature Made Fish Oil 1200 mg Softgels, Fish Oil Supplements, Omega 3 Fish Oil for Healthy Heart Support, Omega 3 Supplement with 100 Softgels, 50 Day Supply</p><p>$12.59 ($0.13 / Count)</p><a href="https://www.amazon.com/dp/B0000DJAQU?tag=eloabder-20&linkCode=osi&th=1&psc=1">View Product</a></div><div class="product"><a href="https://www.amazon.com/dp/B07XFGCP21?tag=eloabder-20&linkCode=osi&th=1&psc=1"><img src="https://m.media-amazon.com/images/I/518FQmoWjFL._SL500_.jpg" alt="Product Image"></a><p>Turmeric Curcumin with BioPerine & Ginger 95% Curcuminoids 1950mg - Black Pepper Extract for Max Absorption, Nature's Joint Support Supplement, Herbal Turmeric Pills, Vegan Non-GMO - 240 Capsules</p><p>$26.02 ($0.11 / Count)</p><a href="https://www.amazon.com/dp/B07XFGCP21?tag=eloabder-20&linkCode=osi&th=1&psc=1">View Product</a></div><div class="product"><a href="https://www.amazon.com/dp/B00DS5BGDY?tag=eloabder-20&linkCode=osi&th=1&psc=1"><img src="https://m.media-amazon.com/images/I/41zXI0XuNYL._SL500_.jpg" alt="Product Image"></a><p>Nature Made Vitamin B12 1000 mcg, Dietary Supplement for Energy Metabolism Support, 150 Softgels, 150 Day Supply</p><p>$9.98 ($0.07 / Count)</p><a href="https://www.amazon.com/dp/B00DS5BGDY?tag=eloabder-20&linkCode=osi&th=1&psc=1">View Product</a></div><div class="product"><a href="https://www.amazon.com/dp/B0055OUOQQ?tag=eloabder-20&linkCode=osi&th=1&psc=1"><img src="https://m.media-amazon.com/images/I/41S1bhYiFiL._SL500_.jpg" alt="Product Image"></a><p>Qunol CoQ10 100mg Softgels, Ultra CoQ10 100mg, 3x Better Absorption, Antioxidant for Heart Health & Energy Production, Coenzyme Q10 Vitamins and Supplements, 4 Month Supply, 120 Count</p><p>$29.97 ($0.25 / Count)</p><a href="https://www.amazon.com/dp/B0055OUOQQ?tag=eloabder-20&linkCode=osi&th=1&psc=1">View Product</a></div>
<div class="product"><a href="https://www.amazon.com/dp/B000GISTZ4?tag=eloabder-20&linkCode=osi&th=1&psc=1"><img src="https://m.media-amazon.com/images/I/41oF8bNCKHL._SL500_.jpg" alt="Product Image"></a><p>Optimum Nutrition Gold Standard 100% Whey Protein Powder, Vanilla Ice Cream, 2 Pound (Pack of 1) (Packaging May Vary)</p><p>$39.99 ($1.25 / Ounce)</p><a href="https://www.amazon.com/dp/B000GISTZ4?tag=eloabder-20&linkCode=osi&th=1&psc=1">View Product</a></div><div class="product"><a href="https://www.amazon.com/dp/B06Y5ZG66K?tag=eloabder-20&linkCode=osi&th=1&psc=1"><img src="https://m.media-amazon.com/images/I/51Lyzdfa4oL._SL500_.jpg" alt="Product Image"></a><p>Premier Protein Powder, Chocolate Milkshake, 30g Protein, 1g Sugar, 100% Whey Protein, Keto Friendly, No Soy Ingredients, Gluten Free, 17 Servings, 23.9 Ounce (Pack of 1)</p><p>$25.18 ($1.03 / Ounce)</p><a href="https://www.amazon.com/dp/B06Y5ZG66K?tag=eloabder-20&linkCode=osi&th=1&psc=1">View Product</a></div><div class="product"><a href="https://www.amazon.com/dp/B099J2SWXV?tag=eloabder-20&linkCode=osi&th=1&psc=1"><img src="https://m.media-amazon.com/images/I/51XFs0dRjpL._SL500_.jpg" alt="Product Image"></a><p>Dymatize ISO100 Hydrolyzed Protein Powder, 100% Whey Isolate, 25g of Protein, 5.5g BCAAs, Gluten Free, Fast Absorbing, Easy Digesting, Gourmet Vanilla, 20 Servings</p><p>$27.96 ($1.30 / Ounce)</p><a href="https://www.amazon.com/dp/B099J2SWXV?tag=eloabder-20&linkCode=osi&th=1&psc=1">View Product</a></div><div class="product"><a href="https://www.amazon.com/dp/B0BJLBLQG8?tag=eloabder-20&linkCode=osi&th=1&psc=1"><img src="https://m.media-amazon.com/images/I/516lsWKcp6L._SL500_.jpg" alt="Product Image"></a><p>Body Fortress Super Advanced Whey Protein Powder, Vanilla, 60g Protein & 12g BCAAs Per 2 Scoops, Muscle Gain & Recovery, Immune Support with Vitamins C & D, 1.74lbs (Packaging May Vary)</p><p>$22.98 ($0.83 / Ounce)</p><a href="https://www.amazon.com/dp/B0BJLBLQG8?tag=eloabder-20&linkCode=osi&th=1&psc=1">View Product</a></div><div class="product"><a href="https://www.amazon.com/dp/B00EACSHF4?tag=eloabder-20&linkCode=osi&th=1&psc=1"><img src="https://m.media-amazon.com/images/I/41D4SI8q0mL._SL500_.jpg" alt="Product Image"></a><p>Dymatize Elite 100% Whey Protein Powder, 25g Protein, 5.5g BCAAs & 2.7g L-Leucine, Quick Absorbing & Fast Digesting for Optimal Muscle Recovery, Gourmet Vanilla, 5 Pound, 67 Servings</p><p>$69.97 ($0.87 / Ounce)</p><a href="https://www.amazon.com/dp/B00EACSHF4?tag=eloabder-20&linkCode=osi&th=1&psc=1">View Product</a></div><div class="product"><a href="https://www.amazon.com/dp/B002DYIZHG?tag=eloabder-20&linkCode=osi&th=1&psc=1"><img src="https://m.media-amazon.com/images/I/41JLcuooSqL._SL500_.jpg" alt="Product Image"></a><p>Optimum Nutrition Gold Standard 100% Whey Protein Powder, Extreme Milk Chocolate, 2 Pound (Pack of 1) (Packaging May Vary)</p><p>$35.47 ($1.11 / Ounce)</p><a href="https://www.amazon.com/dp/B002DYIZHG?tag=eloabder-20&linkCode=osi&th=1&psc=1">View Product</a></div><div class="product"><a href="https://www.amazon.com/dp/B099QT2Y84?tag=eloabder-20&linkCode=osi&th=1&psc=1"><img src="https://m.media-amazon.com/images/I/41S+F9UuecL._SL500_.jpg" alt="Product Image"></a><p>GHOST Whey Protein Powder, Oreo - 2LB Tub, 25G of Protein - Cookies & Cream Flavored Isolate, Concentrate & Hydrolyzed Whey Protein Blend - Post Workout Shakes</p><p>$44.99 ($1.28 / Ounce)</p><a href="https://www.amazon.com/dp/B099QT2Y84?tag=eloabder-20&linkCode=osi&th=1&psc=1">View Product</a></div><div class="product"><a href="https://www.amazon.com/dp/B09SVLL2XL?tag=eloabder-20&linkCode=osi&th=1&psc=1"><img src="https://m.media-amazon.com/images/I/51rROmrCNRL._SL500_.jpg" alt="Product Image"></a><p>Six Star Elite Series 100% Whey Protein Plus Vanilla Cream 1.8lbs US</p><p>$19.76 ($0.68 / Ounce)</p><a href="https://www.amazon.com/dp/B09SVLL2XL?tag=eloabder-20&linkCode=osi&th=1&psc=1">View Product</a></div><div class="product"><a href="https://www.amazon.com/dp/B01FNVHGHK?tag=eloabder-20&linkCode=osi&th=1&psc=1"><img src="https://m.media-amazon.com/images/I/41DUlCb6+HL._SL500_.jpg" alt="Product Image"></a><p>Orgain Organic Vegan Protein Powder, Natural Unsweetened - 21g of Plant Protein, 4g Prebiotic Fiber, Low Net Carbs, No Lactose Ingredients, No Added Sugar, Non-GMO, For Shakes & Smoothies, 1.59 lb</p><p>$31.52 ($1.24 / Ounce)</p><a href="https://www.amazon.com/dp/B01FNVHGHK?tag=eloabder-20&linkCode=osi&th=1&psc=1">View Product</a></div><div class="product"><a href="https://www.amazon.com/dp/B00K0FTJ1Q?tag=eloabder-20&linkCode=osi&th=1&psc=1"><img src="https://m.media-amazon.com/images/I/41lj-2jQP7L._SL500_.jpg" alt="Product Image"></a><p>Purely Inspired Plant-Based Protein Powder for Men & Women, Creamy French Vanilla (16 Servings) - Vegan & Organic - 20g of Pea Protein Powder for Smoothies & Shakes - Dairy-Free, & Gluten-Free</p><p>$17.97 ($0.90 / Ounce)</p><a href="https://www.amazon.com/dp/B00K0FTJ1Q?tag=eloabder-20&linkCode=osi&th=1&psc=1">View Product</a></div>
<div class="product"><a href="https://www.amazon.com/dp/B000GISTZ4?tag=eloabder-20&linkCode=osi&th=1&psc=1"><img src="https://m.media-amazon.com/images/I/41oF8bNCKHL._SL500_.jpg" alt="Product Image"></a><p>Optimum Nutrition Gold Standard 100% Whey Protein Powder, Vanilla Ice Cream, 2 Pound (Pack of 1) (Packaging May Vary)</p><p>$39.99 ($1.25 / Ounce)</p><a href="https://www.amazon.com/dp/B000GISTZ4?tag=eloabder-20&linkCode=osi&th=1&psc=1">View Product</a></div><div class="product"><a href="https://www.amazon.com/dp/B07DX89ZHN?tag=eloabder-20&linkCode=osi&th=1&psc=1"><img src="https://m.media-amazon.com/images/I/41INqodQzYL._SL500_.jpg" alt="Product Image"></a><p>Sports Research Triple Strength Omega 3 Fish Oil - Burpless Fish Oil Supplement w/EPA & DHA Fatty Acids from Single-Source Wild Alaska Pollock - 1250 mg, 90 ct</p><p>$26.95 ($0.30 / Count)</p><a href="https://www.amazon.com/dp/B07DX89ZHN?tag=eloabder-20&linkCode=osi&th=1&psc=1">View Product</a></div><div class="product"><a href="https://www.amazon.com/dp/B09Q9WCDY7?tag=eloabder-20&linkCode=osi&th=1&psc=1"><img src="https://m.media-amazon.com/images/I/51jC1zU+TFL._SL500_.jpg" alt="Product Image"></a><p>LMNT Zero Sugar Electrolytes - Sample Pack | Drink Mix | 8 Sticks</p><p>$14.99 ($1.87 / Count)</p><a href="https://www.amazon.com/dp/B09Q9WCDY7?tag=eloabder-20&linkCode=osi&th=1&psc=1">View Product</a></div><div class="product"><a href="https://www.amazon.com/dp/B08Y73HJF4?tag=eloabder-20&linkCode=osi&th=1&psc=1"><img src="https://m.media-amazon.com/images/I/51OTbGJtumL._SL500_.jpg" alt="Product Image"></a><p>Premier Protein, Protein Shake, 8 Flavor Variety Pack, 30g Protein, 1g Sugar, 24 Vitamins & Minerals, Nutrients to Support Immune Health 11.5 Fl Oz (8 Pack)</p><p>$27.98 ($3.50 / Fl Oz)</p><a href="https://www.amazon.com/dp/B08Y73HJF4?tag=eloabder-20&linkCode=osi&th=1&psc=1">View Product</a></div><div class="product"><a href="https://www.amazon.com/dp/B019TUCOF0?tag=eloabder-20&linkCode=osi&th=1&psc=1"><img src="https://m.media-amazon.com/images/I/51Rg20S-WxL._SL500_.jpg" alt="Product Image"></a><p>Orgain Organic Greens Powder + 50 Superfoods, Original - 1 Billion Probiotics for Digestive Health, Antioxidants, Vegan, Plant-Based, Gluten-Free, Non-GMO, Green Juice & Smoothie Drink Mix - 0.62lb</p><p>$15.50 ($1.57 / Ounce)</p><a href="https://www.amazon.com/dp/B019TUCOF0?tag=eloabder-20&linkCode=osi&th=1&psc=1">View Product</a></div><div class="product"><a href="https://www.amazon.com/dp/B002DYIZEE?tag=eloabder-20&linkCode=osi&th=1&psc=1"><img src="https://m.media-amazon.com/images/I/41KL1V59+6L._SL500_.jpg" alt="Product Image"></a><p>Optimum Nutrition Micronized Creatine Monohydrate Powder, Unflavored, Keto Friendly, 60 Servings (Packaging May Vary)</p><p>$17.00 ($1.60 / Ounce)</p><a href="https://www.amazon.com/dp/B002DYIZEE?tag=eloabder-20&linkCode=osi&th=1&psc=1">View Product</a></div><div class="product"><a href="https://www.amazon.com/dp/B019GU4ILQ?tag=eloabder-20&linkCode=osi&th=1&psc=1"><img src="https://m.media-amazon.com/images/I/51QLnQIgtZL._SL500_.jpg" alt="Product Image"></a><p>Nuun Sport: Electrolyte-Rich Sports Drink Tablets, Citrus Berry Mixed Flavor Pack, Box of 4 Count (40 servings), Sports Drink for Replenishment of Essential Electrolytes Lost Through Sweat</p><p>$21.20 ($0.53 / Count)</p><a href="https://www.amazon.com/dp/B019GU4ILQ?tag=eloabder-20&linkCode=osi&th=1&psc=1">View Product</a></div><div class="product"><a href="https://www.amazon.com/dp/B099HZG89P?tag=eloabder-20&linkCode=osi&th=1&psc=1"><img src="https://m.media-amazon.com/images/I/41KY2uQmtnL._SL500_.jpg" alt="Product Image"></a><p>Dymatize ISO100 Hydrolyzed Protein Powder, 100% Whey Isolate, 25g of Protein, 5.5g BCAAs, Gluten Free, Fast Absorbing, Easy Digesting, Fruity Pebbles, 20 Servings</p><p>$33.43 ($1.55 / Ounce)</p><a href="https://www.amazon.com/dp/B099HZG89P?tag=eloabder-20&linkCode=osi&th=1&psc=1">View Product</a></div><div class="product"><a href="https://www.amazon.com/dp/B0C351C9R4?tag=eloabder-20&linkCode=osi&th=1&psc=1"><img src="https://m.media-amazon.com/images/I/41LRAsJYQrL._SL500_.jpg" alt="Product Image"></a><p>Night Time Fat Burner Gummies with Zero Sugar for Sleep & Weight Loss Support | Hunger Suppressant & Metabolism Booster, Shred Belly Fat While You Sleep | Diet Supplement for Women & Men | 60 Ct.</p><p>$19.95 ($0.33 / Count)</p><a href="https://www.amazon.com/dp/B0C351C9R4?tag=eloabder-20&linkCode=osi&th=1&psc=1">View Product</a></div><div class="product"><a href="https://www.amazon.com/dp/B09B4DWNYQ?tag=eloabder-20&linkCode=osi&th=1&psc=1"><img src="https://m.media-amazon.com/images/I/41G2blG7rCL._SL500_.jpg" alt="Product Image"></a><p>Nutricost Nitric Oxide Booster 2250mg, 180 Capsules - 750mg Per Casule, 60 Servings - Gluten Free and Non-GMO</p><p>$14.88 ($0.08 / Count)</p><a href="https://www.amazon.com/dp/B09B4DWNYQ?tag=eloabder-20&linkCode=osi&th=1&psc=1">View Product</a></div>
<div class="product"><a href="https://www.amazon.com/dp/B07XFGCP21?tag=eloabder-20&linkCode=osi&th=1&psc=1"><img src="https://m.media-amazon.com/images/I/518FQmoWjFL._SL500_.jpg" alt="Product Image"></a><p>Turmeric Curcumin with BioPerine & Ginger 95% Curcuminoids 1950mg - Black Pepper Extract for Max Absorption, Nature's Joint Support Supplement, Herbal Turmeric Pills, Vegan Non-GMO - 240 Capsules</p><p>$26.02 ($0.11 / Count)</p><a href="https://www.amazon.com/dp/B07XFGCP21?tag=eloabder-20&linkCode=osi&th=1&psc=1">View Product</a></div><div class="product"><a href="https://www.amazon.com/dp/B0BG94RWYN?tag=eloabder-20&linkCode=osi&th=1&psc=1"><img src="https://m.media-amazon.com/images/I/41k1yrK-eGL._SL500_.jpg" alt="Product Image"></a><p>Sea Moss 3000mg Black Seed Oil 2000mg Ashwagandha 1000mg Turmeric 1000mg Bladderwrack 1000mg Burdock 1000mg & Vitamin C & D3 with Elderberry Manuka Dandelion Yellow Dock Iodine Chlorophyll ACV</p><p>$23.96 ($0.40 / Count)</p><a href="https://www.amazon.com/dp/B0BG94RWYN?tag=eloabder-20&linkCode=osi&th=1&psc=1">View Product</a></div><div class="product"><a href="https://www.amazon.com/dp/B0CV9JW4DS?tag=eloabder-20&linkCode=osi&th=1&psc=1"><img src="https://m.media-amazon.com/images/I/51L8z3xzNsL._SL500_.jpg" alt="Product Image"></a><p>Zoyava Dynamic Vitality Bundle, Sea Moss and Shilajit Bundle, Sea Moss 7000mg, Black Seed Oil 4000mg, Ashwagandha 2000mg, Ginger & Shilajit 9000mg, Rhodiola Rosea 1000mg, Panax Ginseng (60 Count)</p><p>$25.99 ($0.43 / Count)</p><a href="https://www.amazon.com/dp/B0CV9JW4DS?tag=eloabder-20&linkCode=osi&th=1&psc=1">View Product</a></div><div class="product"><a href="https://www.amazon.com/dp/B0BHFCW4C5?tag=eloabder-20&linkCode=osi&th=1&psc=1"><img src="https://m.media-amazon.com/images/I/41fohn0IzqL._SL500_.jpg" alt="Product Image"></a><p>Clean Nutraceuticals Ceylon Cinnamon 3000mg Turmeric 3000mg Apple Cider Vinegar 3000mg Ginseng 2000mg Berberine 1200mg Plus Bitter Melon Gymnema Milk Thistle Fenugreek</p><p>$24.25 ($0.40 / Count)</p><a href="https://www.amazon.com/dp/B0BHFCW4C5?tag=eloabder-20&linkCode=osi&th=1&psc=1">View Product</a></div><div class="product"><a href="https://www.amazon.com/dp/B01NCUJPBF?tag=eloabder-20&linkCode=osi&th=1&psc=1"><img src="https://m.media-amazon.com/images/I/418t59tc2oL._SL500_.jpg" alt="Product Image"></a><p>Liver Cleanse Detox & Repair Formula - Herbal Liver Support Supplement with Milk Thistle Turmeric Dandelion Root & Artichoke Extract for Liver Health - Silymarin Milk Thistle Liver Detox Capsules</p><p>$22.77 ($0.33 / Count)</p><a href="https://www.amazon.com/dp/B01NCUJPBF?tag=eloabder-20&linkCode=osi&th=1&psc=1">View Product</a></div><div class="product"><a href="https://www.amazon.com/dp/B0B3D6TMKS?tag=eloabder-20&linkCode=osi&th=1&psc=1"><img src="https://m.media-amazon.com/images/I/41m2gNyEYkL._SL500_.jpg" alt="Product Image"></a><p>Bloom Nutrition Superfood Greens Powder, Digestive Enzymes with Probiotics and Prebiotics, Gut Health, Bloating Relief for Women, Chlorella, Green Juice Mix with Beet Root Powder, 30 SVG, Mango</p><p>$34.99 ($5.86 / Ounce)</p><a href="https://www.amazon.com/dp/B0B3D6TMKS?tag=eloabder-20&linkCode=osi&th=1&psc=1">View Product</a></div><div class="product"><a href="https://www.amazon.com/dp/B0CQMHSPDV?tag=eloabder-20&linkCode=osi&th=1&psc=1"><img src="https://m.media-amazon.com/images/I/41Bj7Di12VL._SL500_.jpg" alt="Product Image"></a><p>Futurebiotics Ashwagandha Extra Strength Stress & Mood Support with BioPerine - Non GMO Formula, 100 Vegetarian Capsules</p><p>$9.97 ($0.10 / Count)</p><a href="https://www.amazon.com/dp/B0CQMHSPDV?tag=eloabder-20&linkCode=osi&th=1&psc=1">View Product</a></div><div class="product"><a href="https://www.amazon.com/dp/B01DBTFO98?tag=eloabder-20&linkCode=osi&th=1&psc=1"><img src="https://m.media-amazon.com/images/I/51Evo4SKmEL._SL500_.jpg" alt="Product Image"></a><p>Turmeric Curcumin with Black Pepper Extract 1500mg - High Absorption Ultra Potent Turmeric Supplement with 95% Curcuminoids and BioPerine - Non GMO Turmeric Capsules for Joint Support - 90 Capsules</p><p>$18.79 ($0.21 / Count)</p><a href="https://www.amazon.com/dp/B01DBTFO98?tag=eloabder-20&linkCode=osi&th=1&psc=1">View Product</a></div><div class="product"><a href="https://www.amazon.com/dp/B07XZKKDJ8?tag=eloabder-20&linkCode=osi&th=1&psc=1"><img src="https://m.media-amazon.com/images/I/41sKdh7i64L._SL500_.jpg" alt="Product Image"></a><p>Green Tea Weight Loss Pills with Green Coffee Bean Extract | 45% EGCG | Belly Fat Burner, Metabolism Booster, & Appetite Suppressant for Women & Men | Vegan, Gluten-Free Supplement | 60 Capsules</p><p>$19.95</p><a href="https://www.amazon.com/dp/B07XZKKDJ8?tag=eloabder-20&linkCode=osi&th=1&psc=1">View Product</a></div><div class="product"><a href="https://www.amazon.com/dp/B079JX3FMC?tag=eloabder-20&linkCode=osi&th=1&psc=1"><img src="https://m.media-amazon.com/images/I/41a2YMmAOdL._SL500_.jpg" alt="Product Image"></a><p>Bronson Milk Thistle Silymarin Marianum & Dandelion Root Liver Health Support, Antioxidant Support, Detox, 120 Capsules</p><p>$9.99 ($0.08 / Count)</p><a href="https://www.amazon.com/dp/B079JX3FMC?tag=eloabder-20&linkCode=osi&th=1&psc=1">View Product</a></div>
<div class="product"><a href="https://www.amazon.com/dp/B00YMSLT88?tag=eloabder-20&linkCode=osi&th=1&psc=1"><img src="https://m.media-amazon.com/images/I/41S95x-3xaL._SL500_.jpg" alt="Product Image"></a><p>Nature Made Multivitamin Tablets with Iron, Multivitamin for Women and Men for Daily Nutritional Support, 130 Tablets, 130 Day Supply</p><p>$11.99 ($0.09 / Count)</p><a href="https://www.amazon.com/dp/B00YMSLT88?tag=eloabder-20&linkCode=osi&th=1&psc=1">View Product</a></div><div class="product"><a href="https://www.amazon.com/dp/B07JGBW826?tag=eloabder-20&linkCode=osi&th=1&psc=1"><img src="https://m.media-amazon.com/images/I/41nq5khANlL._SL500_.jpg" alt="Product Image"></a><p>Amazon Basics Adult Multivitamin for Men & Women, 300 Gummies with Vitamins A, C, D, E, B-6 and B-12, 150 Count (Pack of 2) (150 Day Supply) (Previously Solimo)</p><p>$14.30 ($0.05 / Count)</p><a href="https://www.amazon.com/dp/B07JGBW826?tag=eloabder-20&linkCode=osi&th=1&psc=1">View Product</a></div><div class="product"><a href="https://www.amazon.com/dp/B09QBKGDLS?tag=eloabder-20&linkCode=osi&th=1&psc=1"><img src="https://m.media-amazon.com/images/I/41Xr3sSp+8L._SL500_.jpg" alt="Product Image"></a><p>ONE A DAY Womens Complete Daily Multivitamin with Vitamin A, B , C, D, and E, Calcium and Magnesium, Immune Health Support, 200 Count</p><p>$17.48 ($0.09 / Count)</p><a href="https://www.amazon.com/dp/B09QBKGDLS?tag=eloabder-20&linkCode=osi&th=1&psc=1">View Product</a></div><div class="product"><a href="https://www.amazon.com/dp/B007L0DONW?tag=eloabder-20&linkCode=osi&th=1&psc=1"><img src="https://m.media-amazon.com/images/I/41vIgYSAtXL._SL500_.jpg" alt="Product Image"></a><p>vitafusion Adult Gummy Vitamins for Men, Berry Flavored Daily Multivitamins for Men With Vitamins A, C, D, E, B6 and B12, America’s Number 1 Gummy Vitamin Brand, 75 Day Supply, 150 Count</p><p>$10.98 ($0.07 / Count)</p><a href="https://www.amazon.com/dp/B007L0DONW?tag=eloabder-20&linkCode=osi&th=1&psc=1">View Product</a></div><div class="product"><a href="https://www.amazon.com/dp/B007L0DPE0?tag=eloabder-20&linkCode=osi&th=1&psc=1"><img src="https://m.media-amazon.com/images/I/41u67LVdJFL._SL500_.jpg" alt="Product Image"></a><p>Vitafusion Womens Multivitamin Gummies, Berry Flavored Daily Vitamins for Women With Vitamins A, C, D, E, B-6 and B-12, America’s Number 1 Gummy Vitamin Brand, 75 Days Supply, 150 Count</p><p>$10.98 ($0.07 / Count)</p><a href="https://www.amazon.com/dp/B007L0DPE0?tag=eloabder-20&linkCode=osi&th=1&psc=1">View Product</a></div><div class="product"><a href="https://www.amazon.com/dp/B00BIZSXMS?tag=eloabder-20&linkCode=osi&th=1&psc=1"><img src="https://m.media-amazon.com/images/I/31f8Dv7qQGL._SL500_.jpg" alt="Product Image"></a><p>GNC Mega Men Essentials One Daily Multivitamin | Supports Overall Health and Muscle Performance | 60 Count</p><p>$8.98 ($0.15 / Count)</p><a href="https://www.amazon.com/dp/B00BIZSXMS?tag=eloabder-20&linkCode=osi&th=1&psc=1">View Product</a></div><div class="product"><a href="https://www.amazon.com/dp/B08XNTBLY9?tag=eloabder-20&linkCode=osi&th=1&psc=1"><img src="https://m.media-amazon.com/images/I/41wugtpv6rL._SL500_.jpg" alt="Product Image"></a><p>Pure Encapsulations O.N.E. Multivitamin - Once Daily Multivitamin with Antioxidant Complex Metafolin, CoQ10, and Lutein to Support Vision, Cognitive Function, and Cellular Health* - 30 Capsules</p><p>$23.20 ($0.77 / Count)</p><a href="https://www.amazon.com/dp/B08XNTBLY9?tag=eloabder-20&linkCode=osi&th=1&psc=1">View Product</a></div><div class="product"><a href="https://www.amazon.com/dp/B005BD8A08?tag=eloabder-20&linkCode=osi&th=1&psc=1"><img src="https://m.media-amazon.com/images/I/41EbKCPo98L._SL500_.jpg" alt="Product Image"></a><p>Nature Made Multivitamin For Him with No Iron, Mens Multivitamins for Daily Nutritional Support, Multivitamin for Men, 90 Tablets, 90 Day Supply</p><p>$9.37 ($0.10 / Count)</p><a href="https://www.amazon.com/dp/B005BD8A08?tag=eloabder-20&linkCode=osi&th=1&psc=1">View Product</a></div><div class="product"><a href="https://www.amazon.com/dp/B09KCCVL9V?tag=eloabder-20&linkCode=osi&th=1&psc=1"><img src="https://m.media-amazon.com/images/I/419o0W0LJgL._SL500_.jpg" alt="Product Image"></a><p>Centrum Silver Women's Multivitamin for Women 50 Plus, Multivitamin/Multimineral Supplement with Vitamin D3, B Vitamins, Non-GMO Ingredients, Supports Memory and Cognition in Older Adults - 200 Ct</p><p>$15.99 ($0.08 / Count)</p><a href="https://www.amazon.com/dp/B09KCCVL9V?tag=eloabder-20&linkCode=osi&th=1&psc=1">View Product</a></div>
<div class="product"><a href="https://www.amazon.com/dp/B0000DJAQU?tag=eloabder-20&linkCode=osi&th=1&psc=1"><img src="https://m.media-amazon.com/images/I/41c7alI7ydL._SL500_.jpg" alt="Product Image"></a><p>Nature Made Fish Oil 1200 mg Softgels, Fish Oil Supplements, Omega 3 Fish Oil for Healthy Heart Support, Omega 3 Supplement with 100 Softgels, 50 Day Supply</p><p>$12.59 ($0.13 / Count)</p><a href="https://www.amazon.com/dp/B0000DJAQU?tag=eloabder-20&linkCode=osi&th=1&psc=1">View Product</a></div><div class="product"><a href="https://www.amazon.com/dp/B07DX89ZHN?tag=eloabder-20&linkCode=osi&th=1&psc=1"><img src="https://m.media-amazon.com/images/I/41INqodQzYL._SL500_.jpg" alt="Product Image"></a><p>Sports Research Triple Strength Omega 3 Fish Oil - Burpless Fish Oil Supplement w/EPA & DHA Fatty Acids from Single-Source Wild Alaska Pollock - 1250 mg, 90 ct</p><p>$26.95 ($0.30 / Count)</p><a href="https://www.amazon.com/dp/B07DX89ZHN?tag=eloabder-20&linkCode=osi&th=1&psc=1">View Product</a></div><div class="product"><a href="https://www.amazon.com/dp/B000NPYY04?tag=eloabder-20&linkCode=osi&th=1&psc=1"><img src="https://m.media-amazon.com/images/I/41AB0odrkeL._SL500_.jpg" alt="Product Image"></a><p>Nature's Bounty Fish Oil, Supports Heart Health, 1200 Mg, 360 Mg Omega-3, Rapid Release Softgels, 200 Ct</p><p>$13.32 ($0.07 / Count)</p><a href="https://www.amazon.com/dp/B000NPYY04?tag=eloabder-20&linkCode=osi&th=1&psc=1">View Product</a></div><div class="product"><a href="https://www.amazon.com/dp/B0046XC528?tag=eloabder-20&linkCode=osi&th=1&psc=1"><img src="https://m.media-amazon.com/images/I/41cdANHQ68L._SL500_.jpg" alt="Product Image"></a><p>Nature Made Fish Oil 1000 mg Softgels, Fish Oil Supplements, Omega 3 Fish Oil for Healthy Heart Support, Omega 3 Supplement with 250 Softgels, 125 Day Supply</p><p>$15.59 ($0.06 / Count)</p><a href="https://www.amazon.com/dp/B0046XC528?tag=eloabder-20&linkCode=osi&th=1&psc=1">View Product</a></div><div class="product"><a href="https://www.amazon.com/dp/B014LDT0ZM?tag=eloabder-20&linkCode=osi&th=1&psc=1"><img src="https://m.media-amazon.com/images/I/515A6lAukiL._SL500_.jpg" alt="Product Image"></a><p>Triple Strength Omega 3 Fish Oil Supplement - 2500 mg Fish Oil with Re-Esterified Omega 3 Fatty Acids Including EPA, DHA DPA - 180 Pescatarian-Friendly Softgels</p><p>$56.95 ($0.32 / Count)</p><a href="https://www.amazon.com/dp/B014LDT0ZM?tag=eloabder-20&linkCode=osi&th=1&psc=1">View Product</a></div><div class="product"><a href="https://www.amazon.com/dp/B000HDV7YS?tag=eloabder-20&linkCode=osi&th=1&psc=1"><img src="https://m.media-amazon.com/images/I/41d-hzNXpVL._SL500_.jpg" alt="Product Image"></a><p>Nordic Naturals Ultimate Omega, Lemon Flavor - 60 Soft Gels - 1280 mg Omega-3 - High-Potency Omega-3 Fish Oil Supplement with EPA & DHA - Promotes Brain & Heart Health - Non-GMO - 30 Servings</p><p>$25.46 ($0.42 / Count)</p><a href="https://www.amazon.com/dp/B000HDV7YS?tag=eloabder-20&linkCode=osi&th=1&psc=1">View Product</a></div><div class="product"><a href="https://www.amazon.com/dp/B01GV4O37E?tag=eloabder-20&linkCode=osi&th=1&psc=1"><img src="https://m.media-amazon.com/images/I/41JtERQfIWL._SL500_.jpg" alt="Product Image"></a><p>Arazo Nutrition Wild Caught Omega 3 Fish Oil – 120 Soft Gels – 4,080mg High EPA 1200mg DHA 900mg Lemon Flavor Burpless Softgels</p><p>$28.95 ($0.24 / Count)</p><a href="https://www.amazon.com/dp/B01GV4O37E?tag=eloabder-20&linkCode=osi&th=1&psc=1">View Product</a></div><div class="product"><a href="https://www.amazon.com/dp/B002QMB55Y?tag=eloabder-20&linkCode=osi&th=1&psc=1"><img src="https://m.media-amazon.com/images/I/41I4GSlk++S._SL500_.jpg" alt="Product Image"></a><p>Nature's Bounty Fish Oil, Supports Heart Health, 2400mg, Coated Softgels, 90 Ct.</p><p>$15.17 ($0.17 / Count)</p><a href="https://www.amazon.com/dp/B002QMB55Y?tag=eloabder-20&linkCode=osi&th=1&psc=1">View Product</a></div><div class="product"><a href="https://www.amazon.com/dp/B07L45XQBR?tag=eloabder-20&linkCode=osi&th=1&psc=1"><img src="https://m.media-amazon.com/images/I/41I80jDNmxL._SL500_.jpg" alt="Product Image"></a><p>Triple Strength Omega 3 Fish Oil Supplements 4200mg Per Serving, 240 Softgels – Lemon Flavored – Burpless | EPA 1200mg + DHA 900mg | Deep Sea Fish</p><p>$31.89 ($0.13 / Count)</p><a href="https://www.amazon.com/dp/B07L45XQBR?tag=eloabder-20&linkCode=osi&th=1&psc=1">View Product</a></div>
<div class="product"><a href="https://www.amazon.com/dp/B09GLGC9DG?tag=eloabder-20&linkCode=osi&th=1&psc=1"><img src="https://m.media-amazon.com/images/I/51OsLLY4B6L._SL500_.jpg" alt="Product Image"></a><p>Physician's CHOICE Probiotics 60 Billion CFU - 10 Strains + Organic Prebiotics - Immune, Digestive & Gut Health - Supports Occasional Constipation, Diarrhea, Gas & Bloating - for Women & Men - 60ct</p><p>$36.97 ($0.62 / Count)</p><a href="https://www.amazon.com/dp/B09GLGC9DG?tag=eloabder-20&linkCode=osi&th=1&psc=1">View Product</a></div><div class="product"><a href="https://www.amazon.com/dp/B071DZQLPQ?tag=eloabder-20&linkCode=osi&th=1&psc=1"><img src="https://m.media-amazon.com/images/I/51E-+x12x5L._SL500_.jpg" alt="Product Image"></a><p>NewRhythm Probiotics 50 Billion CFU 20 Strains, 60 Veggie Capsules, Targeted Release Technology, Stomach Acid Resistant, No Need for Refrigeration, Non-GMO, Gluten Free</p><p>$13.59 ($0.23 / Count)</p><a href="https://www.amazon.com/dp/B071DZQLPQ?tag=eloabder-20&linkCode=osi&th=1&psc=1">View Product</a></div><div class="product"><a href="https://www.amazon.com/dp/B00Y8MP4G6?tag=eloabder-20&linkCode=osi&th=1&psc=1"><img src="https://m.media-amazon.com/images/I/51IIJQSKA5L._SL500_.jpg" alt="Product Image"></a><p>Garden of Life Once Daily Dr. Formulated Probiotics for Women 50 Billion CFU 16 Probiotic Strains with Organic Prebiotics for Digestive, Vaginal & Immune Health, Dairy Free, Shelf Stable 30 Capsules</p><p>$32.19 ($1.07 / Count)</p><a href="https://www.amazon.com/dp/B00Y8MP4G6?tag=eloabder-20&linkCode=osi&th=1&psc=1">View Product</a></div><div class="product"><a href="https://www.amazon.com/dp/B00L1GHMN0?tag=eloabder-20&linkCode=osi&th=1&psc=1"><img src="https://m.media-amazon.com/images/I/41Msqs9cM9L._SL500_.jpg" alt="Product Image"></a><p>NOW Supplements, Probiotic-10™, 25 Billion, with 10 Probiotic Strains, Dairy, Soy and Gluten Free, Strain Verified, 100 Veg Capsules</p><p>$21.46 ($0.21 / Count)</p><a href="https://www.amazon.com/dp/B00L1GHMN0?tag=eloabder-20&linkCode=osi&th=1&psc=1">View Product</a></div><div class="product"><a href="https://www.amazon.com/dp/B08Y66H6B7?tag=eloabder-20&linkCode=osi&th=1&psc=1"><img src="https://m.media-amazon.com/images/I/51zpwlruLzL._SL500_.jpg" alt="Product Image"></a><p>Culturelle Pro Strength Daily Probiotics For Digestive Health (2 Month Supply) with Prebiotics for Women & Men, Supports Occasional Diarrhea, Gas & Bloating, Gluten & Soy Free, 60 Count</p><p>$30.99 ($0.52 / Count)</p><a href="https://www.amazon.com/dp/B08Y66H6B7?tag=eloabder-20&linkCode=osi&th=1&psc=1">View Product</a></div><div class="product"><a href="https://www.amazon.com/dp/B0811P73BT?tag=eloabder-20&linkCode=osi&th=1&psc=1"><img src="https://m.media-amazon.com/images/I/41bBVdIgYdS._SL500_.jpg" alt="Product Image"></a><p>Organic Probiotics 100 Billion CFU, Dr Formulated Probiotics for Women, Probiotics for Men and Adults, Complete Shelf Stable Probiotic Supplement with Prebiotics & Digestive Enzymes; 30 Capsules</p><p>$25.00 ($0.83 / Count)</p><a href="https://www.amazon.com/dp/B0811P73BT?tag=eloabder-20&linkCode=osi&th=1&psc=1">View Product</a></div><div class="product"><a href="https://www.amazon.com/dp/B08GR12D4T?tag=eloabder-20&linkCode=osi&th=1&psc=1"><img src="https://m.media-amazon.com/images/I/413uXWNsVzL._SL500_.jpg" alt="Product Image"></a><p>Nature’s Bounty Probiotic 10, Ultra Strength Daily Probiotic Supplement, Support for Digestive, Immune and Upper Respiratory Health, 1 Pack, 30 Capsules</p><p>$12.84 ($0.43 / Count)</p><a href="https://www.amazon.com/dp/B08GR12D4T?tag=eloabder-20&linkCode=osi&th=1&psc=1">View Product</a></div><div class="product"><a href="https://www.amazon.com/dp/B088LWDLMV?tag=eloabder-20&linkCode=osi&th=1&psc=1"><img src="https://m.media-amazon.com/images/I/41f-jaJZjRL._SL500_.jpg" alt="Product Image"></a><p>VITALITOWN Probiotics 120 Billion CFUs | 36 Strains, with Prebiotics & Digestive Enzymes for Men Women | Shelf Stable | Digestive Health & Immune Support | Vegan, Non-GMO | 30 Delayed Release Veg Caps</p><p>$18.99 ($0.63 / Count)</p><a href="https://www.amazon.com/dp/B088LWDLMV?tag=eloabder-20&linkCode=osi&th=1&psc=1">View Product</a></div><div class="product"><a href="https://www.amazon.com/dp/B07D123YBX?tag=eloabder-20&linkCode=osi&th=1&psc=1"><img src="https://m.media-amazon.com/images/I/310FFXxHX3L._SL500_.jpg" alt="Product Image"></a><p>Amazon Basics Probiotic 5 Billion CFU, 8 Probiotic strains with 60 mg Prebiotic Blend, 60 Count Vegetarian Capsules, 2 Month Supply, Supports Healthy Digestion (Previously Solimo)</p><p>$12.11 ($0.20 / Count)</p><a href="https://www.amazon.com/dp/B07D123YBX?tag=eloabder-20&linkCode=osi&th=1&psc=1">View Product</a></div>
<div class="product"><a href="https://www.amazon.com/dp/B07DX89ZHN?tag=eloabder-20&linkCode=osi&th=1&psc=1"><img src="https://m.media-amazon.com/images/I/41INqodQzYL._SL500_.jpg" alt="Product Image"></a><p>Sports Research Triple Strength Omega 3 Fish Oil - Burpless Fish Oil Supplement w/EPA & DHA Fatty Acids from Single-Source Wild Alaska Pollock - 1250 mg, 90 ct</p><p>$26.95 ($0.30 / Count)</p><a href="https://www.amazon.com/dp/B07DX89ZHN?tag=eloabder-20&linkCode=osi&th=1&psc=1">View Product</a></div><div class="product"><a href="https://www.amazon.com/dp/B0000DJAQU?tag=eloabder-20&linkCode=osi&th=1&psc=1"><img src="https://m.media-amazon.com/images/I/41c7alI7ydL._SL500_.jpg" alt="Product Image"></a><p>Nature Made Fish Oil 1200 mg Softgels, Fish Oil Supplements, Omega 3 Fish Oil for Healthy Heart Support, Omega 3 Supplement with 100 Softgels, 50 Day Supply</p><p>$12.59 ($0.13 / Count)</p><a href="https://www.amazon.com/dp/B0000DJAQU?tag=eloabder-20&linkCode=osi&th=1&psc=1">View Product</a></div><div class="product"><a href="https://www.amazon.com/dp/B001GCU6KA?tag=eloabder-20&linkCode=osi&th=1&psc=1"><img src="https://m.media-amazon.com/images/I/41GqjqtkrqL._SL500_.jpg" alt="Product Image"></a><p>NOW Supplements, Omega-3 180 EPA / 120 DHA, Molecularly Distilled, Cardiovascular Support*, 200 Softgels</p><p>$12.24 ($0.06 / Count)</p><a href="https://www.amazon.com/dp/B001GCU6KA?tag=eloabder-20&linkCode=osi&th=1&psc=1">View Product</a></div><div class="product"><a href="https://www.amazon.com/dp/B01NBTJFJB?tag=eloabder-20&linkCode=osi&th=1&psc=1"><img src="https://m.media-amazon.com/images/I/41gJBxUZtcL._SL500_.jpg" alt="Product Image"></a><p>Triple Strength Omega 3 Fish Oil | 3600 mg EPA & DHA | Over 2100mg of Omega 3 Fatty Acids | 1300mg EPA + 860mg DHA | Best Essential Fatty Acids | Premium Burpless Softgel Supplements (120 Ct)</p><p>$29.95 ($0.25 / Count)</p><a href="https://www.amazon.com/dp/B01NBTJFJB?tag=eloabder-20&linkCode=osi&th=1&psc=1">View Product</a></div><div class="product"><a href="https://www.amazon.com/dp/B002CQU564?tag=eloabder-20&linkCode=osi&th=1&psc=1"><img src="https://m.media-amazon.com/images/I/41K6hyWbwsL._SL500_.jpg" alt="Product Image"></a><p>Nordic Naturals Ultimate Omega, Lemon Flavor - 180 Soft Gels - 1280 mg Omega-3 - High-Potency Omega-3 Fish Oil with EPA & DHA - Promotes Brain & Heart Health - Non-GMO - 90 Servings</p><p>$53.99 ($0.30 / Count)</p><a href="https://www.amazon.com/dp/B002CQU564?tag=eloabder-20&linkCode=osi&th=1&psc=1">View Product</a></div><div class="product"><a href="https://www.amazon.com/dp/B000J18RSW?tag=eloabder-20&linkCode=osi&th=1&psc=1"><img src="https://m.media-amazon.com/images/I/41bBRe7FxlL._SL500_.jpg" alt="Product Image"></a><p>NOW Foods Omega-3-100 Softgels</p><p>$6.72 ($0.07 / Count)</p><a href="https://www.amazon.com/dp/B000J18RSW?tag=eloabder-20&linkCode=osi&th=1&psc=1">View Product</a></div><div class="product"><a href="https://www.amazon.com/dp/B014LDT0ZM?tag=eloabder-20&linkCode=osi&th=1&psc=1"><img src="https://m.media-amazon.com/images/I/515A6lAukiL._SL500_.jpg" alt="Product Image"></a><p>Triple Strength Omega 3 Fish Oil Supplement - 2500 mg Fish Oil with Re-Esterified Omega 3 Fatty Acids Including EPA, DHA DPA - 180 Pescatarian-Friendly Softgels</p><p>$56.95 ($0.32 / Count)</p><a href="https://www.amazon.com/dp/B014LDT0ZM?tag=eloabder-20&linkCode=osi&th=1&psc=1">View Product</a></div><div class="product"><a href="https://www.amazon.com/dp/B0C5F4PN8R?tag=eloabder-20&linkCode=osi&th=1&psc=1"><img src="https://m.media-amazon.com/images/I/31DpddHOGcL._SL500_.jpg" alt="Product Image"></a><p>NatureWise Extra-Strength Omega 3 Fish Oil Supplement - 1000mg per Serving - 600 EPA & 400 DHA and Vitamin E - Support for Heart & Brain Health - Lemon Flavor, Non-GMO - 180 Softgels[3-Month Supply]</p><p>$18.99 ($0.11 / Count)</p><a href="https://www.amazon.com/dp/B0C5F4PN8R?tag=eloabder-20&linkCode=osi&th=1&psc=1">View Product</a></div><div class="product"><a href="https://www.amazon.com/dp/B01GV4O37E?tag=eloabder-20&linkCode=osi&th=1&psc=1"><img src="https://m.media-amazon.com/images/I/41JtERQfIWL._SL500_.jpg" alt="Product Image"></a><p>Arazo Nutrition Wild Caught Omega 3 Fish Oil – 120 Soft Gels – 4,080mg High EPA 1200mg DHA 900mg Lemon Flavor Burpless Softgels</p><p>$28.95 ($0.24 / Count)</p><a href="https://www.amazon.com/dp/B01GV4O37E?tag=eloabder-20&linkCode=osi&th=1&psc=1">View Product</a></div><div class="product"><a href="https://www.amazon.com/dp/B000NPYY04?tag=eloabder-20&linkCode=osi&th=1&psc=1"><img src="https://m.media-amazon.com/images/I/41AB0odrkeL._SL500_.jpg" alt="Product Image"></a><p>Nature's Bounty Fish Oil, Supports Heart Health, 1200 Mg, 360 Mg Omega-3, Rapid Release Softgels, 200 Ct</p><p>$13.32 ($0.07 / Count)</p><a href="https://www.amazon.com/dp/B000NPYY04?tag=eloabder-20&linkCode=osi&th=1&psc=1">View Product</a></div>
<div class="product"><a href="https://www.amazon.com/dp/B09RQBHRCT?tag=eloabder-20&linkCode=osi&th=1&psc=1"><img src="https://m.media-amazon.com/images/I/41NS743i1FL._SL500_.jpg" alt="Product Image"></a><p>Vital Proteins Collagen Peptides Powder, Promotes Hair, Nail, Skin, Bone and Joint Health, Zero Sugar, Unflavored 9.33 OZ</p><p>$20.14 ($2.16 / Ounce)</p><a href="https://www.amazon.com/dp/B09RQBHRCT?tag=eloabder-20&linkCode=osi&th=1&psc=1">View Product</a></div><div class="product"><a href="https://www.amazon.com/dp/B00K6JUG4K?tag=eloabder-20&linkCode=osi&th=1&psc=1"><img src="https://m.media-amazon.com/images/I/41wLQfDnEKL._SL500_.jpg" alt="Product Image"></a><p>Vital Proteins Collagen Peptides Powder with Hyaluronic Acid and Vitamin C, Unflavored, 20 oz</p><p>$46.99 ($2.35 / Ounce)</p><a href="https://www.amazon.com/dp/B00K6JUG4K?tag=eloabder-20&linkCode=osi&th=1&psc=1">View Product</a></div><div class="product"><a href="https://www.amazon.com/dp/B00XQ2XGAA?tag=eloabder-20&linkCode=osi&th=1&psc=1"><img src="https://m.media-amazon.com/images/I/3176H8jDR9L._SL500_.jpg" alt="Product Image"></a><p>Sports Research Collagen Peptides for Women & Men - Hydrolyzed Type 1 & 3 Collagen Powder Protein Supplement for Healthy Skin, Nails, Bones & Joints - Easy Mixing Vital Nutrients & Proteins</p><p>$32.95 ($2.06 / Ounce)</p><a href="https://www.amazon.com/dp/B00XQ2XGAA?tag=eloabder-20&linkCode=osi&th=1&psc=1">View Product</a></div><div class="product"><a href="https://www.amazon.com/dp/B0BKK4X56L?tag=eloabder-20&linkCode=osi&th=1&psc=1"><img src="https://m.media-amazon.com/images/I/41mBslU0oLL._SL500_.jpg" alt="Product Image"></a><p>Multi Collagen Peptides Powder, 16 Oz - Hydrolyzed Protein Peptides | Type I,II,III,V,X with Hyaluronic Acid, Biotin & Vitamin C - Unflavored - Keto & Paleo Friendly, Ez Mix in Drinks</p><p>$34.95 ($2.18 / Ounce)</p><a href="https://www.amazon.com/dp/B0BKK4X56L?tag=eloabder-20&linkCode=osi&th=1&psc=1">View Product</a></div><div class="product"><a href="https://www.amazon.com/dp/B07BL69CD2?tag=eloabder-20&linkCode=osi&th=1&psc=1"><img src="https://m.media-amazon.com/images/I/41WxBUh+sqL._SL500_.jpg" alt="Product Image"></a><p>Orgain Hydrolyzed Collagen Peptides Powder For Women & Men, 20g Grass Fed Collagen, Unflavored - Hair, Skin, Nail, & Joint Support Supplement, Paleo & Keto, Non-GMO, Type I and III, 1lb</p><p>$24.36 ($1.52 / Ounce)</p><a href="https://www.amazon.com/dp/B07BL69CD2?tag=eloabder-20&linkCode=osi&th=1&psc=1">View Product</a></div><div class="product"><a href="https://www.amazon.com/dp/B006VAZYNG?tag=eloabder-20&linkCode=osi&th=1&psc=1"><img src="https://m.media-amazon.com/images/I/41Zc2u0aSPL._SL500_.jpg" alt="Product Image"></a><p>Youtheory Advanced Collagen - 6,000 mg Collagen - with Vitamin C - for Hair, Skin & Nails* - Collagen Supplements for Women and Men - 290 Tablets</p><p>$18.56 ($0.06 / Count)</p><a href="https://www.amazon.com/dp/B006VAZYNG?tag=eloabder-20&linkCode=osi&th=1&psc=1">View Product</a></div><div class="product"><a href="https://www.amazon.com/dp/B09DP6SVD1?tag=eloabder-20&linkCode=osi&th=1&psc=1"><img src="https://m.media-amazon.com/images/I/519H-zmBdBL._SL500_.jpg" alt="Product Image"></a><p>Vital Vitamins Collagen for Women & Men (2 Pack) - Type I, II, III, V, X Multi Collagen Pills - Grass Fed, Non-GMO - 300 Capsules</p><p>$40.95 ($0.14 / Count)</p><a href="https://www.amazon.com/dp/B09DP6SVD1?tag=eloabder-20&linkCode=osi&th=1&psc=1">View Product</a></div><div class="product"><a href="https://www.amazon.com/dp/B071S8D69C?tag=eloabder-20&linkCode=osi&th=1&psc=1"><img src="https://m.media-amazon.com/images/I/41E-Q4q+kWL._SL500_.jpg" alt="Product Image"></a><p>Anthony's Collagen Peptide Powder, 1 lb, Pure Hydrolyzed, Gluten Free, Keto and Paleo Friendly, Grass Fed, Unflavored, Non GMO</p><p>$22.99 ($1.44 / Ounce)</p><a href="https://www.amazon.com/dp/B071S8D69C?tag=eloabder-20&linkCode=osi&th=1&psc=1">View Product</a></div><div class="product"><a href="https://www.amazon.com/dp/B07K4SK9SY?tag=eloabder-20&linkCode=osi&th=1&psc=1"><img src="https://m.media-amazon.com/images/I/51t8W8AmaFL._SL500_.jpg" alt="Product Image"></a><p>Garden of Life Grass Fed Collagen Peptides Powder – Unflavored Collagen Powder for Women Men Hair Skin Nails Joints, Hydrolyzed Collagen Protein Supplements, Post Workout, Paleo & Keto, 28 Servings</p><p>$30.91 ($1.56 / Ounce)</p><a href="https://www.amazon.com/dp/B07K4SK9SY?tag=eloabder-20&linkCode=osi&th=1&psc=1">View Product</a></div>
<div class="product"><a href="https://www.amazon.com/dp/B07JMHNP9F?tag=eloabder-20&linkCode=osi&th=1&psc=1"><img src="https://m.media-amazon.com/images/I/51LdUja0NTL._SL500_.jpg" alt="Product Image"></a><p>Prebiotics for Advanced Gut Health - Immune System Support & Dietary Fiber - Fuels Good Bacteria Growth to Promote Digestive Health - Gas & Digestion Support - Probiotics for Men & Women - 60 Capsules</p><p>$19.97 ($0.33 / Count)</p><a href="https://www.amazon.com/dp/B07JMHNP9F?tag=eloabder-20&linkCode=osi&th=1&psc=1">View Product</a></div><div class="product"><a href="https://www.amazon.com/dp/B0BRTJ7BJ1?tag=eloabder-20&linkCode=osi&th=1&psc=1"><img src="https://m.media-amazon.com/images/I/51JFiTJs6ZL._SL500_.jpg" alt="Product Image"></a><p>Physician's CHOICE Prebiotic-Probiotic - Multi-Strain Probiotics & Synergistic Prebiotics -Designed for Digestive Health, Supporting Gut Microbiome - Powerful PrePro for Gut Health - for Women & Men</p><p>$18.97 ($0.63 / Count)</p><a href="https://www.amazon.com/dp/B0BRTJ7BJ1?tag=eloabder-20&linkCode=osi&th=1&psc=1">View Product</a></div><div class="product"><a href="https://www.amazon.com/dp/B07VYMQF6M?tag=eloabder-20&linkCode=osi&th=1&psc=1"><img src="https://m.media-amazon.com/images/I/51Y0hMBp3NL._SL500_.jpg" alt="Product Image"></a><p>Prebiotics and Probiotic with Whole Food Enzymes for Adults Women & Men - Probiotics Lactobacillus Acidophilus - Digestive Health Capsules Shelf Stable Supplement - Non-GMO Gluten & Dairy Free -30ct</p><p>$19.97 ($0.67 / Count)</p><a href="https://www.amazon.com/dp/B07VYMQF6M?tag=eloabder-20&linkCode=osi&th=1&psc=1">View Product</a></div><div class="product"><a href="https://www.amazon.com/dp/B075NDQP5B?tag=eloabder-20&linkCode=osi&th=1&psc=1"><img src="https://m.media-amazon.com/images/I/31vYaymr8pL._SL500_.jpg" alt="Product Image"></a><p>Swanson Prebiotic Capsules - Promotes Friendly Flora Support & Overall Digestive Health - Prebiotic Fiber Promoting Gut Health & Immune Health Support - (120 Veggie Capsules, 750mg Each) 1 Pack</p><p>$16.37 ($0.14 / Count)</p><a href="https://www.amazon.com/dp/B075NDQP5B?tag=eloabder-20&linkCode=osi&th=1&psc=1">View Product</a></div><div class="product"><a href="https://www.amazon.com/dp/B01FICESXE?tag=eloabder-20&linkCode=osi&th=1&psc=1"><img src="https://m.media-amazon.com/images/I/41wI-mGIidL._SL500_.jpg" alt="Product Image"></a><p>Dr. Tobias Prebiotics, Supports Digestion & Gut Health, Feed Good Probiotic Bacteria, Boost Gut Immune Function, Vegan & Non-GMO Gut Health Supplements for Men and Women, 30 Capsules, 30 Servings</p><p>$25.99 ($0.87 / Count)</p><a href="https://www.amazon.com/dp/B01FICESXE?tag=eloabder-20&linkCode=osi&th=1&psc=1">View Product</a></div><div class="product"><a href="https://www.amazon.com/dp/B0CGMMYWR5?tag=eloabder-20&linkCode=osi&th=1&psc=1"><img src="https://m.media-amazon.com/images/I/41nkD8q8XqL._SL500_.jpg" alt="Product Image"></a><p>Horbäach Prebiotic for Men and Women | 120 Powder Pills | High Strength & Premium Quality Supplement | Non-GMO & Gluten Free Quick Release Capsules</p><p>$9.99 ($0.08 / Count)</p><a href="https://www.amazon.com/dp/B0CGMMYWR5?tag=eloabder-20&linkCode=osi&th=1&psc=1">View Product</a></div><div class="product"><a href="https://www.amazon.com/dp/B07GPFB6FJ?tag=eloabder-20&linkCode=osi&th=1&psc=1"><img src="https://m.media-amazon.com/images/I/41IkSyAmJOL._SL500_.jpg" alt="Product Image"></a><p>Amazon Basics Prebiotic & Probiotic Gummies, 2 Billion CFU, Blue Raspberry, 50 Count (2 per Serving) (Previously Solimo)</p><p>$9.21 ($0.18 / Count)</p><a href="https://www.amazon.com/dp/B07GPFB6FJ?tag=eloabder-20&linkCode=osi&th=1&psc=1">View Product</a></div><div class="product"><a href="https://www.amazon.com/dp/B0CPN9NK38?tag=eloabder-20&linkCode=osi&th=1&psc=1"><img src="https://m.media-amazon.com/images/I/41hL4HSQxwL._SL500_.jpg" alt="Product Image"></a><p>OLLY Probiotic + Prebiotic Gummy, Digestive Support and Gut Health, 500 Million CFUs, Fiber, Adult Chewable Supplement for Men and Women, Peach, 30 Day Supply - 60 Count</p><p>$23.88 ($0.40 / Count)</p><a href="https://www.amazon.com/dp/B0CPN9NK38?tag=eloabder-20&linkCode=osi&th=1&psc=1">View Product</a></div><div class="product"><a href="https://www.amazon.com/dp/B06XKLJ9C5?tag=eloabder-20&linkCode=osi&th=1&psc=1"><img src="https://m.media-amazon.com/images/I/41qULNw-LNL._SL500_.jpg" alt="Product Image"></a><p>Hyperbiotics Organic Prebiotic Fiber Powder | Vegan Unflavored Soluble Fiber Supplement Powder | Supports Healthy Digestion & Growth of Beneficial Gut Bacteria | Gluten Free | 54 Servings</p><p>$31.99</p><a href="https://www.amazon.com/dp/B06XKLJ9C5?tag=eloabder-20&linkCode=osi&th=1&psc=1">View Product</a></div><div class="product"><a href="https://www.amazon.com/dp/B079H53D2B?tag=eloabder-20&linkCode=osi&th=1&psc=1"><img src="https://m.media-amazon.com/images/I/51Y4b2nfCYL._SL500_.jpg" alt="Product Image"></a><p>Physician's Choice Probiotics 60 Billion CFU - 10 Strains + Organic Prebiotics - Immune, Digestive & Gut Health - Supports Occasional Constipation, Diarrhea, Gas & Bloating - for Women & Men - 30ct</p><p>$21.58 ($0.72 / Count)</p><a href="https://www.amazon.com/dp/B079H53D2B?tag=eloabder-20&linkCode=osi&th=1&psc=1">View Product</a></div>
<div class="product"><a href="https://www.amazon.com/dp/B0C21ZLQNC?tag=eloabder-20&linkCode=osi&th=1&psc=1"><img src="https://m.media-amazon.com/images/I/51mKzlUJ2mL._SL500_.jpg" alt="Product Image"></a><p>Physician's CHOICE Digestive Enzymes - Multi Enzymes, Organic Prebiotics & Probiotics for Digestive Health & Gut Health - Meal Time Discomfort Relief & Bloating - Dual Action Approach - 60 CT</p><p>$17.99 ($0.30 / Count)</p><a href="https://www.amazon.com/dp/B0C21ZLQNC?tag=eloabder-20&linkCode=osi&th=1&psc=1">View Product</a></div><div class="product"><a href="https://www.amazon.com/dp/B091DBMLMV?tag=eloabder-20&linkCode=osi&th=1&psc=1"><img src="https://m.media-amazon.com/images/I/41sJvTS7UzL._SL500_.jpg" alt="Product Image"></a><p>Zenwise Health Digestive Enzymes - Probiotic Multi Enzymes with Probiotics and Prebiotics for Digestive Health and Bloating Relief for Women and Men, Daily Enzymes for Gut and Digestion - 100 Count</p><p>$25.87 ($0.26 / Count)</p><a href="https://www.amazon.com/dp/B091DBMLMV?tag=eloabder-20&linkCode=osi&th=1&psc=1">View Product</a></div><div class="product"><a href="https://www.amazon.com/dp/B0001T0GAE?tag=eloabder-20&linkCode=osi&th=1&psc=1"><img src="https://m.media-amazon.com/images/I/41G271GqUaL._SL500_.jpg" alt="Product Image"></a><p>NOW Supplements, Super Enzymes, Formulated with Bromelain, Ox Bile, Pancreatin and Papain, Super Enzymes,90 Capsules</p><p>$14.31 ($0.16 / Count)</p><a href="https://www.amazon.com/dp/B0001T0GAE?tag=eloabder-20&linkCode=osi&th=1&psc=1">View Product</a></div><div class="product"><a href="https://www.amazon.com/dp/B0009EXOUA?tag=eloabder-20&linkCode=osi&th=1&psc=1"><img src="https://m.media-amazon.com/images/I/41jQAIqtQxL._SL500_.jpg" alt="Product Image"></a><p>Source Naturals Essential Enzymes 500mg Bio-Aligned Multiple Supplement Herbal Defense for Digestion, Gas & Constipation Relief - Strong Immune System Support* - 120 Capsules</p><p>$13.56 ($0.11 / Count)</p><a href="https://www.amazon.com/dp/B0009EXOUA?tag=eloabder-20&linkCode=osi&th=1&psc=1">View Product</a></div><div class="product"><a href="https://www.amazon.com/dp/B0016X8Y0S?tag=eloabder-20&linkCode=osi&th=1&psc=1"><img src="https://m.media-amazon.com/images/I/41Yl4DNr++L._SL500_.jpg" alt="Product Image"></a><p>Pure Encapsulations Digestive Enzymes Ultra - Vegetarian Digestive Enzyme Supplement to Support Protein, Carb, Fiber, and Dairy Digestion* - 180 Capsules</p><p>$64.00 ($0.36 / Count)</p><a href="https://www.amazon.com/dp/B0016X8Y0S?tag=eloabder-20&linkCode=osi&th=1&psc=1">View Product</a></div><div class="product"><a href="https://www.amazon.com/dp/B0971P79G2?tag=eloabder-20&linkCode=osi&th=1&psc=1"><img src="https://m.media-amazon.com/images/I/41sjwVKMyyL._SL500_.jpg" alt="Product Image"></a><p>Digestive Enzymes - 800mg Blend of All 10 Most Essential Digestive and Pancreatic Enzymes (Amylase, Lipase, Bromelain, Lactase, Papain, Protease, Cellulase, Maltase, Invertase) by Double Wood</p><p>$18.95 ($0.11 / Count)</p><a href="https://www.amazon.com/dp/B0971P79G2?tag=eloabder-20&linkCode=osi&th=1&psc=1">View Product</a></div><div class="product"><a href="https://www.amazon.com/dp/B07PQWXYKZ?tag=eloabder-20&linkCode=osi&th=1&psc=1"><img src="https://m.media-amazon.com/images/I/51PlwYVPOdL._SL500_.jpg" alt="Product Image"></a><p>MaryRuth Organics Ultra Digestive Enzymes Capsules | Up to 2 Month Supply | Supplement for Gut Health Support | Digestion & Immune Support with Amylase | Lipase & Lactase | Vegan | 60 Count</p><p>$24.95 ($0.42 / Count)</p><a href="https://www.amazon.com/dp/B07PQWXYKZ?tag=eloabder-20&linkCode=osi&th=1&psc=1">View Product</a></div><div class="product"><a href="https://www.amazon.com/dp/B000Q487DC?tag=eloabder-20&linkCode=osi&th=1&psc=1"><img src="https://m.media-amazon.com/images/I/318ZKbie4-L._SL500_.jpg" alt="Product Image"></a><p>Doctor's Best Digestive Enzymes Non-GMO Vegetarian Gluten Free, 90 Veggie Caps</p><p>$21.95 ($0.24 / Count)</p><a href="https://www.amazon.com/dp/B000Q487DC?tag=eloabder-20&linkCode=osi&th=1&psc=1">View Product</a></div><div class="product"><a href="https://www.amazon.com/dp/B00HLXPYAA?tag=eloabder-20&linkCode=osi&th=1&psc=1"><img src="https://m.media-amazon.com/images/I/41xZ0QIGSBL._SL500_.jpg" alt="Product Image"></a><p>Enzymedica Digest Gold + ATPro, Maximum Strength, Fast-Acting, Helps Digest Large Meals, Prevents Bloating and Gas, 90 Count (FFP)</p><p>$40.12 ($0.45 / Count)</p><a href="https://www.amazon.com/dp/B00HLXPYAA?tag=eloabder-20&linkCode=osi&th=1&psc=1">View Product</a></div><div class="product"><a href="https://www.amazon.com/dp/B00GSP4R6O?tag=eloabder-20&linkCode=osi&th=1&psc=1"><img src="https://m.media-amazon.com/images/I/41oaLuwaf6L._SL500_.jpg" alt="Product Image"></a><p>Pure Encapsulations Digestive Enzymes Ultra with Betaine HCl - Vegetarian Digestive Enzyme Supplement to Support Protein, Carb, Fiber, and Dairy Digestion* - 90 Capsules</p><p>$36.80 ($0.41 / Count)</p><a href="https://www.amazon.com/dp/B00GSP4R6O?tag=eloabder-20&linkCode=osi&th=1&psc=1">View Product</a></div>
<div class="product"><a href="https://www.amazon.com/dp/B08RPB34NR?tag=eloabder-20&linkCode=osi&th=1&psc=1"><img src="https://m.media-amazon.com/images/I/51GlheVabKL._SL500_.jpg" alt="Product Image"></a><p>8 in 1 Immune Support Booster Supplement with Echinacea, Vitamin C and Zinc 50mg, Vitamin D 5000 IU, Turmeric Curcumin & Ginger, B6, Elderberry 120 Count (Pack of 2)</p><p>$29.95 ($0.25 / Count)</p><a href="https://www.amazon.com/dp/B08RPB34NR?tag=eloabder-20&linkCode=osi&th=1&psc=1">View Product</a></div><div class="product"><a href="https://www.amazon.com/dp/B08KHZQTML?tag=eloabder-20&linkCode=osi&th=1&psc=1"><img src="https://m.media-amazon.com/images/I/41Sxje928sL._SL500_.jpg" alt="Product Image"></a><p>Nature's Bounty Immune 24 Hour +, The only Vitamin C with 24 Hour Immune Support from Ester C, Rapid Release Softgels, 50 Count</p><p>$10.98 ($0.22 / Count)</p><a href="https://www.amazon.com/dp/B08KHZQTML?tag=eloabder-20&linkCode=osi&th=1&psc=1">View Product</a></div><div class="product"><a href="https://www.amazon.com/dp/B093P29P79?tag=eloabder-20&linkCode=osi&th=1&psc=1"><img src="https://m.media-amazon.com/images/I/419UA39m4vL._SL500_.jpg" alt="Product Image"></a><p>8 in 1 Immune Support with Quercetin Zinc 50mg Vitamin C 1000mg Vitamin D3 5000 IU and Elderberry Echinacea Ginger for Adults Kids - VIT D Immunity Defense Booster Supplement Veg Capsules Made in USA</p><p>$24.95 ($0.42 / Count)</p><a href="https://www.amazon.com/dp/B093P29P79?tag=eloabder-20&linkCode=osi&th=1&psc=1">View Product</a></div><div class="product"><a href="https://www.amazon.com/dp/B00MJ7VL1O?tag=eloabder-20&linkCode=osi&th=1&psc=1"><img src="https://m.media-amazon.com/images/I/41ErKDwzpHL._SL500_.jpg" alt="Product Image"></a><p>Nature’s Way Sambucus Elderberry Immune Gummies, Daily Immune Support for Kids and Adults*, with Vitamin C, Vitamin D3, Zinc, Gluten Free, Vegetarian, 60 Gummies (Packaging May Vary)</p><p>$14.97 ($0.25 / Count)</p><a href="https://www.amazon.com/dp/B00MJ7VL1O?tag=eloabder-20&linkCode=osi&th=1&psc=1">View Product</a></div><div class="product"><a href="https://www.amazon.com/dp/B086PHR52V?tag=eloabder-20&linkCode=osi&th=1&psc=1"><img src="https://m.media-amazon.com/images/I/519QOCq89xL._SL500_.jpg" alt="Product Image"></a><p>Viva Naturals Elderberry with Vitamin C and Zinc for Adults - 5 in 1 Sambucus Black Elderberry Capsules with Vitamin D3 5000 IU, Elderberries Immune Support Supplement 2 Months Supply Pills</p><p>$24.95 ($0.21 / Count)</p><a href="https://www.amazon.com/dp/B086PHR52V?tag=eloabder-20&linkCode=osi&th=1&psc=1">View Product</a></div><div class="product"><a href="https://www.amazon.com/dp/B087JNQ4X8?tag=eloabder-20&linkCode=osi&th=1&psc=1"><img src="https://m.media-amazon.com/images/I/41KqQHK5+vL._SL500_.jpg" alt="Product Image"></a><p>Immuneti - Advanced Immune Defense, 6-in-1 Powerful Blend of Vitamin C, Vitamin D3, Zinc, Elderberries, Garlic Bulb, Echinacea - Supports Overall Health, Provides Vital Nutrients & Antioxidants</p><p>$19.50 ($0.32 / Count)</p><a href="https://www.amazon.com/dp/B087JNQ4X8?tag=eloabder-20&linkCode=osi&th=1&psc=1">View Product</a></div><div class="product"><a href="https://www.amazon.com/dp/B019ND0DU6?tag=eloabder-20&linkCode=osi&th=1&psc=1"><img src="https://m.media-amazon.com/images/I/3164NVjFiiL._SL500_.jpg" alt="Product Image"></a><p>Propolis Throat Spray by Beekeeper's Naturals - 95% Bee Propolis Extract, Natural Immune Support & Sore Throat Relief - Antioxidants, Keto, Paleo, Gluten-Free (1.06 oz)(Pack of 1)</p><p>$11.19 ($10.56 / Fl Oz)</p><a href="https://www.amazon.com/dp/B019ND0DU6?tag=eloabder-20&linkCode=osi&th=1&psc=1">View Product</a></div><div class="product"><a href="https://www.amazon.com/dp/B09ZYN6Z5R?tag=eloabder-20&linkCode=osi&th=1&psc=1"><img src="https://m.media-amazon.com/images/I/61CzAf44o4L._SL500_.jpg" alt="Product Image"></a><p>12 in 1 Premium Immune Defense Vitamins - Immune Supplement w/ Vitamin D3 5000 IU Vitamin С 1000mg Zinс 50mg - Luxe Choice for Premium Immune Support - With Echinacea Elderberry and Ginger - 120 Caps</p><p>$29.95 ($29.95 / Count)</p><a href="https://www.amazon.com/dp/B09ZYN6Z5R?tag=eloabder-20&linkCode=osi&th=1&psc=1">View Product</a></div><div class="product"><a href="https://www.amazon.com/dp/B08CBBHPTF?tag=eloabder-20&linkCode=osi&th=1&psc=1"><img src="https://m.media-amazon.com/images/I/41U8ywAfz1L._SL500_.jpg" alt="Product Image"></a><p>A Dose of Immunity Quercetin with Vitamin C and Zinc, Vitamin D, 500mg Quercetin Bromelain with Echinacea & B Vitamins, Lung Immune Support Supplement 7 in 1 Immunity Defense Booster (60 Count)</p><p>$19.95 ($0.33 / Count)</p><a href="https://www.amazon.com/dp/B08CBBHPTF?tag=eloabder-20&linkCode=osi&th=1&psc=1">View Product</a></div>
<div class="product"><a href="https://www.amazon.com/dp/B0CKVSGYZV?tag=eloabder-20&linkCode=osi&th=1&psc=1"><img src="https://m.media-amazon.com/images/I/41meSPQU9WL._SL500_.jpg" alt="Product Image"></a><p>Basigano Natural Dopamine Supplement for Energy, Focus, Motivation, Mental Alertness, Mood, and Stress - Non-GMO, Gluten-Free - 90 Tablets</p><p>$23.99 ($0.27 / Count)</p><a href="https://www.amazon.com/dp/B0CKVSGYZV?tag=eloabder-20&linkCode=osi&th=1&psc=1">View Product</a></div><div class="product"><a href="https://www.amazon.com/dp/B01LXX5Z8Q?tag=eloabder-20&linkCode=osi&th=1&psc=1"><img src="https://m.media-amazon.com/images/I/415nqmJDODL._SL500_.jpg" alt="Product Image"></a><p>OLLY Daily Energy Gummy, Caffeine Free, Vitamin B12, CoQ10, Goji Berry, Adult Chewable Supplement, Tropical Flavor - 60 Count</p><p>$12.88 ($0.21 / Count)</p><a href="https://www.amazon.com/dp/B01LXX5Z8Q?tag=eloabder-20&linkCode=osi&th=1&psc=1">View Product</a></div><div class="product"><a href="https://www.amazon.com/dp/B0B1VRCJ2Z?tag=eloabder-20&linkCode=osi&th=1&psc=1"><img src="https://m.media-amazon.com/images/I/31rFUBNNRlL._SL500_.jpg" alt="Product Image"></a><p>Health by Habit Energy Supplement (60 Capsules) - Natual Caffeine Blend, Vitamins B & C, Supports Energy Levels, Promotes Mental Alertness and Focus, Vegan, Non-GMO, Sugar Free (1 Pack)</p><p>$7.88 ($0.13 / Count)</p><a href="https://www.amazon.com/dp/B0B1VRCJ2Z?tag=eloabder-20&linkCode=osi&th=1&psc=1">View Product</a></div><div class="product"><a href="https://www.amazon.com/dp/B008PQDCG0?tag=eloabder-20&linkCode=osi&th=1&psc=1"><img src="https://m.media-amazon.com/images/I/51EFLU6zpCL._SL500_.jpg" alt="Product Image"></a><p>Nature Made Super B Energy Complex, Dietary Supplement for Brain Cell Function Support, 60 Softgels, 60 Day Supply</p><p>$9.34 ($0.16 / Count)</p><a href="https://www.amazon.com/dp/B008PQDCG0?tag=eloabder-20&linkCode=osi&th=1&psc=1">View Product</a></div><div class="product"><a href="https://www.amazon.com/dp/B0BV4F17B4?tag=eloabder-20&linkCode=osi&th=1&psc=1"><img src="https://m.media-amazon.com/images/I/41UR52LyNJL._SL500_.jpg" alt="Product Image"></a><p>OLLY Extra Strength Daily Energy Gummy, Caffeine Free, 1000mcg Vitamin B12, CoQ10, Goji Berry, Adult Chewable Supplement, Berry Yuzu Flavor - 60 Count</p><p>$15.88 ($0.26 / Count)</p><a href="https://www.amazon.com/dp/B0BV4F17B4?tag=eloabder-20&linkCode=osi&th=1&psc=1">View Product</a></div><div class="product"><a href="https://www.amazon.com/dp/B078SJ9F5S?tag=eloabder-20&linkCode=osi&th=1&psc=1"><img src="https://m.media-amazon.com/images/I/41kM5+mO9kL._SL500_.jpg" alt="Product Image"></a><p>Genius Mushroom Supplement - Lions Mane, Cordyceps, Reishi - Brain Nootropic for Energy, Focus, Overall Wellness, & Immune Support, - 90 Veggie Pills</p><p>$21.95 ($0.24 / Count)</p><a href="https://www.amazon.com/dp/B078SJ9F5S?tag=eloabder-20&linkCode=osi&th=1&psc=1">View Product</a></div><div class="product"><a href="https://www.amazon.com/dp/B07Q6ZVMK4?tag=eloabder-20&linkCode=osi&th=1&psc=1"><img src="https://m.media-amazon.com/images/I/41rv+HJYEeL._SL500_.jpg" alt="Product Image"></a><p>Acetyl L-Carnitine 1,500 mg High Potency Supports Energy Production, Sports Nutrition, Supports Memory/Focus - 100 Veggie Capsules</p><p>$17.88 ($0.18 / Count)</p><a href="https://www.amazon.com/dp/B07Q6ZVMK4?tag=eloabder-20&linkCode=osi&th=1&psc=1">View Product</a></div><div class="product"><a href="https://www.amazon.com/dp/B003X5LM1U?tag=eloabder-20&linkCode=osi&th=1&psc=1"><img src="https://m.media-amazon.com/images/I/51TnMZ845vL._SL500_.jpg" alt="Product Image"></a><p>Optimum Nutrition Amino Energy - Pre Workout with Green Tea, BCAA, Amino Acids, Keto Friendly, Green Coffee Extract, Energy Powder - Concord Grape, 30 Servings</p><p>$23.68 ($2.49 / Ounce)</p><a href="https://www.amazon.com/dp/B003X5LM1U?tag=eloabder-20&linkCode=osi&th=1&psc=1">View Product</a></div>
<div class="product"><a href="https://www.amazon.com/dp/B01GVJK3XW?tag=eloabder-20&linkCode=osi&th=1&psc=1"><img src="https://m.media-amazon.com/images/I/41y-ROAavrL._SL500_.jpg" alt="Product Image"></a><p>Glucosamine Chondroitin MSM Turmeric Boswellia - Joint Support Supplement. Antioxidant Properties. Helps with Inflammatory Response. Occasional Discomfort Relief for Back, Knees & Hands. 90 Capsules</p><p>$28.97 ($0.32 / Count)</p><a href="https://www.amazon.com/dp/B01GVJK3XW?tag=eloabder-20&linkCode=osi&th=1&psc=1">View Product</a></div><div class="product"><a href="https://www.amazon.com/dp/B07SSVYMJV?tag=eloabder-20&linkCode=osi&th=1&psc=1"><img src="https://m.media-amazon.com/images/I/41nKoj5uWZL._SL500_.jpg" alt="Product Image"></a><p>Kirkland Signature Triple Action Joint Health, UC•ll Undenatured Type II Collagen, Boron, Hyaluronic Acid,with Boron,110 Coated Tablets(Pack of 2)</p><p>$51.35 ($0.23 / Count)</p><a href="https://www.amazon.com/dp/B07SSVYMJV?tag=eloabder-20&linkCode=osi&th=1&psc=1">View Product</a></div><div class="product"><a href="https://www.amazon.com/dp/B01M5DEMWI?tag=eloabder-20&linkCode=osi&th=1&psc=1"><img src="https://m.media-amazon.com/images/I/410zXYEJpKL._SL500_.jpg" alt="Product Image"></a><p>Arazo Nutrition Glucosamine Chondroitin Turmeric Msm Boswellia - Joint Support Supplement for Relief 180 Tablets for Bones, Back, Knees, Hands (180 Tablets)</p><p>$25.95 ($0.14 / Count)</p><a href="https://www.amazon.com/dp/B01M5DEMWI?tag=eloabder-20&linkCode=osi&th=1&psc=1">View Product</a></div><div class="product"><a href="https://www.amazon.com/dp/B01N0T9PFZ?tag=eloabder-20&linkCode=osi&th=1&psc=1"><img src="https://m.media-amazon.com/images/I/51QekqG+VoL._SL500_.jpg" alt="Product Image"></a><p>Member's Mark™ Ultra Triple Action Joint Health</p><p>$36.52 ($0.29 / Count)</p><a href="https://www.amazon.com/dp/B01N0T9PFZ?tag=eloabder-20&linkCode=osi&th=1&psc=1">View Product</a></div><div class="product"><a href="https://www.amazon.com/dp/B07VLJN7C6?tag=eloabder-20&linkCode=osi&th=1&psc=1"><img src="https://m.media-amazon.com/images/I/51DwRUN7v6L._SL500_.jpg" alt="Product Image"></a><p>Move Free Ultra Triple Action Joint Support Supplement - Type II Collagen Boron & Hyaluronic Acid - Supports Joint Comfort, Cartiliage & Bones in 1 Tiny Pill Per Day, 64 Tablets (64 servings)*</p><p>$20.47 ($0.32 / Count)</p><a href="https://www.amazon.com/dp/B07VLJN7C6?tag=eloabder-20&linkCode=osi&th=1&psc=1">View Product</a></div><div class="product"><a href="https://www.amazon.com/dp/B001W2MBSE?tag=eloabder-20&linkCode=osi&th=1&psc=1"><img src="https://m.media-amazon.com/images/I/4144YmkKbfL._SL500_.jpg" alt="Product Image"></a><p>Move Free Advanced Glucosamine Chondroitin MSM Joint Support Supplement, Supports Mobility Comfort Strength Flexibility & Bone - 120 Tablets (40 servings)*</p><p>$22.99 ($0.19 / Count)</p><a href="https://www.amazon.com/dp/B001W2MBSE?tag=eloabder-20&linkCode=osi&th=1&psc=1">View Product</a></div><div class="product"><a href="https://www.amazon.com/dp/B0CZB1RJ8L?tag=eloabder-20&linkCode=osi&th=1&psc=1"><img src="https://m.media-amazon.com/images/I/516O87kHbuL._SL500_.jpg" alt="Product Image"></a><p>Qunol 5-in-1 Joint Support Supplement, Fast Acting, One Pill Dose, Support Healthy Inflammation Response & Discomfort Caused by Overuse of Joints, Alternative to Glucosamine Chondroitin MSM, 60 Count</p><p>$29.69 ($0.49 / Count)</p><a href="https://www.amazon.com/dp/B0CZB1RJ8L?tag=eloabder-20&linkCode=osi&th=1&psc=1">View Product</a></div><div class="product"><a href="https://www.amazon.com/dp/B09YDMDMDP?tag=eloabder-20&linkCode=osi&th=1&psc=1"><img src="https://m.media-amazon.com/images/I/41qeEtbAu+L._SL500_.jpg" alt="Product Image"></a><p>Nature Made Glucosamine Chondroitin Complex with MSM, Dietary Supplement for Joint Support, 120 Caplets, 60 Day Supply</p><p>$19.87 ($0.17 / Count)</p><a href="https://www.amazon.com/dp/B09YDMDMDP?tag=eloabder-20&linkCode=osi&th=1&psc=1">View Product</a></div>
<div class="product"><a href="https://www.amazon.com/dp/B08ML6GMY4?tag=eloabder-20&linkCode=osi&th=1&psc=1"><img src="https://m.media-amazon.com/images/I/415l9I+T6aL._SL500_.jpg" alt="Product Image"></a><p>Snap Supplements Heart Health Supplements and Blood Circulation Supplements, 90 Capsules</p><p>$33.96 ($0.38 / Count)</p><a href="https://www.amazon.com/dp/B08ML6GMY4?tag=eloabder-20&linkCode=osi&th=1&psc=1">View Product</a></div><div class="product"><a href="https://www.amazon.com/dp/B07SRK1F3Y?tag=eloabder-20&linkCode=osi&th=1&psc=1"><img src="https://m.media-amazon.com/images/I/51PUDA9xJjL._SL500_.jpg" alt="Product Image"></a><p>humanN SuperBeets Heart Chews - Nitric Oxide Production and Blood Pressure Support - Grape Seed Extract & Non-GMO Beet Energy Chews - Pomegranate Berry Flavor - 60 Count</p><p>$39.95 ($0.67 / Count)</p><a href="https://www.amazon.com/dp/B07SRK1F3Y?tag=eloabder-20&linkCode=osi&th=1&psc=1">View Product</a></div><div class="product"><a href="https://www.amazon.com/dp/B0B36DNWQQ?tag=eloabder-20&linkCode=osi&th=1&psc=1"><img src="https://m.media-amazon.com/images/I/41piHVRRu9L._SL500_.jpg" alt="Product Image"></a><p>Heart Health Blood Pressure Support Supplement - Support Blood Pressure & Healthy Circularity Naturally with Hawthorn Berry & Hibiscus.Vitamins Pills for Healthy Hypertension (BP) & Healthy Heart.</p><p>$23.91 ($0.27 / Count)</p><a href="https://www.amazon.com/dp/B0B36DNWQQ?tag=eloabder-20&linkCode=osi&th=1&psc=1">View Product</a></div><div class="product"><a href="https://www.amazon.com/dp/B00014JOWU?tag=eloabder-20&linkCode=osi&th=1&psc=1"><img src="https://m.media-amazon.com/images/I/41L4KTA5YkL._SL500_.jpg" alt="Product Image"></a><p>Century Systems - Heart Miracle, Nutritional Supplement for Blood Pressure, Cholesterol, and Cardiovascular Support, 32 Ounce Liquid, 16-32 Servings</p><p>$27.74 ($0.87 / Fl Oz)</p><a href="https://www.amazon.com/dp/B00014JOWU?tag=eloabder-20&linkCode=osi&th=1&psc=1">View Product</a></div><div class="product"><a href="https://www.amazon.com/dp/B0BMW8YF9G?tag=eloabder-20&linkCode=osi&th=1&psc=1"><img src="https://m.media-amazon.com/images/I/41CZEmqjJ+L._SL500_.jpg" alt="Product Image"></a><p>Heart Defend-Her Womens Heart Health Supplements – Advanced 3-in-1 Blend with Grape Seed Extract, Vitamin K2 MK-7, and CoQ10 – Support Blood Pressure, Artery and Bone Strength – 60 Vegetarian Capsules</p><p>$12.99 ($0.22 / Count)</p><a href="https://www.amazon.com/dp/B0BMW8YF9G?tag=eloabder-20&linkCode=osi&th=1&psc=1">View Product</a></div><div class="product"><a href="https://www.amazon.com/dp/B0055OUOQQ?tag=eloabder-20&linkCode=osi&th=1&psc=1"><img src="https://m.media-amazon.com/images/I/41S1bhYiFiL._SL500_.jpg" alt="Product Image"></a><p>Qunol CoQ10 100mg Softgels, Ultra CoQ10 100mg, 3x Better Absorption, Antioxidant for Heart Health & Energy Production, Coenzyme Q10 Vitamins and Supplements, 4 Month Supply, 120 Count</p><p>$29.97 ($0.25 / Count)</p><a href="https://www.amazon.com/dp/B0055OUOQQ?tag=eloabder-20&linkCode=osi&th=1&psc=1">View Product</a></div><div class="product"><a href="https://www.amazon.com/dp/B07CT1KCY8?tag=eloabder-20&linkCode=osi&th=1&psc=1"><img src="https://m.media-amazon.com/images/I/41uYctPvrhL._SL500_.jpg" alt="Product Image"></a><p>NutraPro Healthy Heart - Heart Health Supplements. Artery Cleanse & Protect. Supports Cholesterol and Triglyceride Balancing. GMP Certified</p><p>$28.91 ($0.32 / Count)</p><a href="https://www.amazon.com/dp/B07CT1KCY8?tag=eloabder-20&linkCode=osi&th=1&psc=1">View Product</a></div><div class="product"><a href="https://www.amazon.com/dp/B0CGRXWGV3?tag=eloabder-20&linkCode=osi&th=1&psc=1"><img src="https://m.media-amazon.com/images/I/51zNfcBwHLL._SL500_.jpg" alt="Product Image"></a><p>Garden of Life Herbals Heart Health Supplement with Folate, Bergamot, Green Tea & Vitamin E & K for Cholesterol, Circulatory & Blood Pressure Support, Non-GMO, Gluten-Free, Citrus Flavor, 30 Servings</p><p>$25.49 ($0.85 / Count)</p><a href="https://www.amazon.com/dp/B0CGRXWGV3?tag=eloabder-20&linkCode=osi&th=1&psc=1">View Product</a></div>
<div class="product"><a href="https://www.amazon.com/dp/B0716RWHX4?tag=eloabder-20&linkCode=osi&th=1&psc=1"><img src="https://m.media-amazon.com/images/I/51GW4bwdnIL._SL500_.jpg" alt="Product Image"></a><p>NATURELO Calcium Supplement - Bone Strength with Calcium 600mg, Vitamin D3, K2, C, Magnesium Zinc - Plant-Based, 120 Vegetarian Capsules, Non-GMO, Soy & Gluten-Free</p><p>$26.95 ($0.22 / Count)</p><a href="https://www.amazon.com/dp/B0716RWHX4?tag=eloabder-20&linkCode=osi&th=1&psc=1">View Product</a></div><div class="product"><a href="https://www.amazon.com/dp/B009E9YK90?tag=eloabder-20&linkCode=osi&th=1&psc=1"><img src="https://m.media-amazon.com/images/I/41k8JHjszUL._SL500_.jpg" alt="Product Image"></a><p>Life Extension Bone Restore + Vitamin K2 Vitamins & Minerals Maintain Bone Health & Strength - Fortifying Nutrients Calcium, D3 & Important Bone Building Minerals - Non-GMO, Gluten-Free -120 Capsules</p><p>$18.00 ($0.15 / Count)</p><a href="https://www.amazon.com/dp/B009E9YK90?tag=eloabder-20&linkCode=osi&th=1&psc=1">View Product</a></div><div class="product"><a href="https://www.amazon.com/dp/B07ZQQWKGN?tag=eloabder-20&linkCode=osi&th=1&psc=1"><img src="https://m.media-amazon.com/images/I/51Z+ZOCtD6L._SL500_.jpg" alt="Product Image"></a><p>Bone Strength Calcium Supplement - With Calcium, Vitamin D3, K2, C, Magnesium, Zinc - 8 Bone-Building Nutrients, High Absorption, Non-Constipating Formula - 120 Veggie Capsules for Optimal Bone Health</p><p>$17.97 ($0.15 / Count)</p><a href="https://www.amazon.com/dp/B07ZQQWKGN?tag=eloabder-20&linkCode=osi&th=1&psc=1">View Product</a></div><div class="product"><a href="https://www.amazon.com/dp/B0CCXFCR88?tag=eloabder-20&linkCode=osi&th=1&psc=1"><img src="https://m.media-amazon.com/images/I/316DOWXwifL._SL500_.jpg" alt="Product Image"></a><p>NativePath Bone Health Collagen Peptides, Type 1 & 3 Peptides, with Fortibone and Verisol, 7.9 Ounce, 30 Servings</p><p>$59.99 ($7.59 / Ounce)</p><a href="https://www.amazon.com/dp/B0CCXFCR88?tag=eloabder-20&linkCode=osi&th=1&psc=1">View Product</a></div><div class="product"><a href="https://www.amazon.com/dp/B01MZ6YI2A?tag=eloabder-20&linkCode=osi&th=1&psc=1"><img src="https://m.media-amazon.com/images/I/51cTsNDt7bL._SL500_.jpg" alt="Product Image"></a><p>New Chapter Calcium Supplement - Bone Strength Organic Calcium with Magnesium, Vitamin D3+K2, 70+ Trace Minerals for Bone Health, Gluten Free, Easy to Swallow - 120 Slim Tablets</p><p>$37.29 ($0.31 / Count)</p><a href="https://www.amazon.com/dp/B01MZ6YI2A?tag=eloabder-20&linkCode=osi&th=1&psc=1">View Product</a></div><div class="product"><a href="https://www.amazon.com/dp/B0B5Y5J6G2?tag=eloabder-20&linkCode=osi&th=1&psc=1"><img src="https://m.media-amazon.com/images/I/41MlY2QgEJL._SL500_.jpg" alt="Product Image"></a><p>Primal Harvest Primal Bone Health Calcium Carbonate Bone Health Complex for Men & Women with Calcium, Magnesium, Zinc, Manganese, Potassium, & L-Carnitine (120 Capsules)</p><p>$39.95 ($0.33 / Count)</p><a href="https://www.amazon.com/dp/B0B5Y5J6G2?tag=eloabder-20&linkCode=osi&th=1&psc=1">View Product</a></div><div class="product"><a href="https://www.amazon.com/dp/B0013TMWIK?tag=eloabder-20&linkCode=osi&th=1&psc=1"><img src="https://m.media-amazon.com/images/I/41e-17tK4hL._SL500_.jpg" alt="Product Image"></a><p>Caltrate 600 Plus D3 Calcium and Vitamin D Supplement Tablets, Bone Health Supplements for Adults - 200 Count</p><p>$16.78 ($0.08 / Count)</p><a href="https://www.amazon.com/dp/B0013TMWIK?tag=eloabder-20&linkCode=osi&th=1&psc=1">View Product</a></div><div class="product"><a href="https://www.amazon.com/dp/B002IS4GYI?tag=eloabder-20&linkCode=osi&th=1&psc=1"><img src="https://m.media-amazon.com/images/I/51gGC2YQZmL._SL500_.jpg" alt="Product Image"></a><p>Garden of Life Calcium Supplement - Vitamin Code Grow Bone Made with Whole Foods, Strontium, Magnesium, K2 MK7, Vitamin D3 & C Plus Probiotics for Gut Health, 30 Day Supply</p><p>$47.50</p><a href="https://www.amazon.com/dp/B002IS4GYI?tag=eloabder-20&linkCode=osi&th=1&psc=1">View Product</a></div><div class="product"><a href="https://www.amazon.com/dp/B0B1N5Z372?tag=eloabder-20&linkCode=osi&th=1&psc=1"><img src="https://m.media-amazon.com/images/I/41yz7a0Qn5L._SL500_.jpg" alt="Product Image"></a><p>ALGAECAL Plus - Organic Red Algae Calcium Supplement, Vitamin K2 MK7 (100mg), Vitamin D3 (1600 IU), Magnesium (350mg) & Trace Minerals, for Bone Health & Strength, Easy to Swallow, 120 Veggie Caps</p><p>$83.00 ($0.69 / Count)</p><a href="https://www.amazon.com/dp/B0B1N5Z372?tag=eloabder-20&linkCode=osi&th=1&psc=1">View Product</a></div><div class="product"><a href="https://www.amazon.com/dp/B0012ZW8TI?tag=eloabder-20&linkCode=osi&th=1&psc=1"><img src="https://m.media-amazon.com/images/I/31oIwyVZXlL._SL500_.jpg" alt="Product Image"></a><p>THORNE Advanced Bone Support‡ - (Formerly Oscap) - Bone Health Supplement with Calcium and Vitamin D - 120 Capsules</p><p>$25.00 ($0.21 / Count)</p><a href="https://www.amazon.com/dp/B0012ZW8TI?tag=eloabder-20&linkCode=osi&th=1&psc=1">View Product</a></div>
<div class="product"><a href="https://www.amazon.com/dp/B07PN7FB1R?tag=eloabder-20&linkCode=osi&th=1&psc=1"><img src="https://m.media-amazon.com/images/I/515GHvAy+FL._SL500_.jpg" alt="Product Image"></a><p>Physician's CHOICE Probiotics for Weight Management & Bloating - 6 Probiotic Strains - Prebiotics - Key ingredient Cayenne & Green Tea - Supports Gut Health - Weight Management for Women & Men - 30 CT</p><p>$26.98 ($0.90 / Count)</p><a href="https://www.amazon.com/dp/B07PN7FB1R?tag=eloabder-20&linkCode=osi&th=1&psc=1">View Product</a></div><div class="product"><a href="https://www.amazon.com/dp/B01ANSJV80?tag=eloabder-20&linkCode=osi&th=1&psc=1"><img src="https://m.media-amazon.com/images/I/4124WZb3jhL._SL500_.jpg" alt="Product Image"></a><p>Estroven Weight Management for Menopause Relief - 30 Ct. - Clinically Proven Ingredients Help Manage Weight, Provide Night Sweats & Hot Flash Relief - Drug-Free & Gluten-Free Caplets</p><p>$18.68 ($0.62 / Count)</p><a href="https://www.amazon.com/dp/B01ANSJV80?tag=eloabder-20&linkCode=osi&th=1&psc=1">View Product</a></div><div class="product"><a href="https://www.amazon.com/dp/B00027D80A?tag=eloabder-20&linkCode=osi&th=1&psc=1"><img src="https://m.media-amazon.com/images/I/41hpUYe6+cL._SL500_.jpg" alt="Product Image"></a><p>Natrol Carb Intercept with Phase 2 Carb Controller Capsules, White kidney bean extract, Helps control carbs, Helps metabolize fats, Clinically tested, Promotes healthy body weight, 1,000mg, 120 Count</p><p>$23.96 ($0.20 / Count)</p><a href="https://www.amazon.com/dp/B00027D80A?tag=eloabder-20&linkCode=osi&th=1&psc=1">View Product</a></div><div class="product"><a href="https://www.amazon.com/dp/B0CG3SL43Q?tag=eloabder-20&linkCode=osi&th=1&psc=1"><img src="https://m.media-amazon.com/images/I/41THJhLx0IL._SL500_.jpg" alt="Product Image"></a><p>Dr Vitamin Thermogenic Fat Burner Brazilian Lean, Weight Loss Pills for Women, Waist Trimmer & Supplements for Bloating 60 Capsules</p><p>$19.95 ($0.33 / Count)</p><a href="https://www.amazon.com/dp/B0CG3SL43Q?tag=eloabder-20&linkCode=osi&th=1&psc=1">View Product</a></div><div class="product"><a href="https://www.amazon.com/dp/B08ZY8MSMV?tag=eloabder-20&linkCode=osi&th=1&psc=1"><img src="https://m.media-amazon.com/images/I/41vVKSGbgPL._SL500_.jpg" alt="Product Image"></a><p>Bragg Apple Cider Vinegar Capsules - Vitamin D3 & Zinc - 750mg of Acetic Acid – Immune & Weight Management Support - Non-GMO, Vegan, Gluten Free, No Sugar (1)</p><p>$13.99 ($0.16 / Count)</p><a href="https://www.amazon.com/dp/B08ZY8MSMV?tag=eloabder-20&linkCode=osi&th=1&psc=1">View Product</a></div><div class="product"><a href="https://www.amazon.com/dp/B08HHQWBBZ?tag=eloabder-20&linkCode=osi&th=1&psc=1"><img src="https://m.media-amazon.com/images/I/51LeIP217fL._SL500_.jpg" alt="Product Image"></a><p>NutriFlair Premium Berberine HCL 1200mg, 120 Capsules - Plus Pure True Ceylon Cinnamon, Berberine HCI Root Supplements Pills - Immune System, Healthy Weight Management</p><p>$26.99 ($0.22 / Count)</p><a href="https://www.amazon.com/dp/B08HHQWBBZ?tag=eloabder-20&linkCode=osi&th=1&psc=1">View Product</a></div><div class="product"><a href="https://www.amazon.com/dp/B07X1M7DLM?tag=eloabder-20&linkCode=osi&th=1&psc=1"><img src="https://m.media-amazon.com/images/I/51WIhkLkeWL._SL500_.jpg" alt="Product Image"></a><p>MaryRuth Organics Probiotics for Women & Men, with Garcinia Cambogia & Green Tea Extract, Probiotics for Digestive & Gut Health, Vegan, Non-GMO, Gluten Free, 30 Servings</p><p>$28.95 ($0.48 / Count)</p><a href="https://www.amazon.com/dp/B07X1M7DLM?tag=eloabder-20&linkCode=osi&th=1&psc=1">View Product</a></div><div class="product"><a href="https://www.amazon.com/dp/B008KPZLEC?tag=eloabder-20&linkCode=osi&th=1&psc=1"><img src="https://m.media-amazon.com/images/I/312sXW5syeL._SL500_.jpg" alt="Product Image"></a><p>Metabolism - Weight Control Support & Energy Boosting Supplement - Natural Appetite Suppressant - Curbs Cravings - Green Tea, Coffee Bean, Chromium, Cacao & Theobromine - 70 Capsules</p><p>$21.99 ($0.31 / Count)</p><a href="https://www.amazon.com/dp/B008KPZLEC?tag=eloabder-20&linkCode=osi&th=1&psc=1">View Product</a></div><div class="product"><a href="https://www.amazon.com/dp/B072F8HRM1?tag=eloabder-20&linkCode=osi&th=1&psc=1"><img src="https://m.media-amazon.com/images/I/51KS6y-EH7L._SL500_.jpg" alt="Product Image"></a><p>AZO Bladder Control with Go-Less® & Weight Management Dietary Supplement | Helps Reduce Occasional Urgency* | Promotes Healthy Metabolism* | Supports a Good Night’s Sleep* | 48 Capsules</p><p>$21.99 ($0.46 / Count)</p><a href="https://www.amazon.com/dp/B072F8HRM1?tag=eloabder-20&linkCode=osi&th=1&psc=1">View Product</a></div><div class="product"><a href="https://www.amazon.com/dp/B0CYCPG3DM?tag=eloabder-20&linkCode=osi&th=1&psc=1"><img src="https://m.media-amazon.com/images/I/41vkuI2sW7L._SL500_.jpg" alt="Product Image"></a><p>Estroven SlimBiotics, Weight Management Menopause Supplements for Women, 30 Capsules, B Vitamins to Support Metabolic Health, Probiotics for Digestive Health to Provide Gas & Bloating Relief</p><p>$23.99 ($0.80 / Count)</p><a href="https://www.amazon.com/dp/B0CYCPG3DM?tag=eloabder-20&linkCode=osi&th=1&psc=1">View Product</a></div>
<div class="product"><a href="https://www.amazon.com/dp/B00ISAPPLI?tag=eloabder-20&linkCode=osi&th=1&psc=1"><img src="https://m.media-amazon.com/images/I/417-h8k4YML._SL500_.jpg" alt="Product Image"></a><p>Dr. Tobias Colon 14 Day Cleanse, Advanced Gut Cleanse Detox for Women & Men with Cascara Sagrada, Psyllium Husk & Senna Leaf, Non-GMO Colon Cleanse, 28 Capsules 1-2 Daily</p><p>$19.99 ($0.71 / Count)</p><a href="https://www.amazon.com/dp/B00ISAPPLI?tag=eloabder-20&linkCode=osi&th=1&psc=1">View Product</a></div><div class="product"><a href="https://www.amazon.com/dp/B0CLH9BQ22?tag=eloabder-20&linkCode=osi&th=1&psc=1"><img src="https://m.media-amazon.com/images/I/31rR+aA0rBL._SL500_.jpg" alt="Product Image"></a><p>Bella All Natural Extreme Detox Powder - Mango</p><p>$35.00 ($2.48 / Ounce)</p><a href="https://www.amazon.com/dp/B0CLH9BQ22?tag=eloabder-20&linkCode=osi&th=1&psc=1">View Product</a></div><div class="product"><a href="https://www.amazon.com/dp/B095H6GR19?tag=eloabder-20&linkCode=osi&th=1&psc=1"><img src="https://m.media-amazon.com/images/I/41cAOGEXneL._SL500_.jpg" alt="Product Image"></a><p>Colon Cleanser Detox for Weight Flush - 15 Day Intestinal Cleanse Pills & Probiotic - Fast Natural Laxative for Constipation Relief - Bowel Movement Supplements for Stomach Bloating, Gut Loss Support</p><p>$9.95 ($0.33 / Count)</p><a href="https://www.amazon.com/dp/B095H6GR19?tag=eloabder-20&linkCode=osi&th=1&psc=1">View Product</a></div><div class="product"><a href="https://www.amazon.com/dp/B01AVJGHW4?tag=eloabder-20&linkCode=osi&th=1&psc=1"><img src="https://m.media-amazon.com/images/I/51xGQHea+JL._SL500_.jpg" alt="Product Image"></a><p>Century Systems The Cleaner Detox, Powerful 7-Day Complete Internal Cleansing Formula for Men, Support Digestive Health, 52 Vegetarian Capsules</p><p>$11.75 ($0.23 / Count)</p><a href="https://www.amazon.com/dp/B01AVJGHW4?tag=eloabder-20&linkCode=osi&th=1&psc=1">View Product</a></div><div class="product"><a href="https://www.amazon.com/dp/B016BAO0LW?tag=eloabder-20&linkCode=osi&th=1&psc=1"><img src="https://m.media-amazon.com/images/I/41CEuhtv5jL._SL500_.jpg" alt="Product Image"></a><p>Detox Cleanse | Purely Inspired 7 Day Cleanse and Detox Pills | Acai Berry Cleanse | Whole Body Cleanse Detox for Women & Men | Body Detox with Senna Leaf & Digestive Enzymes | 42 Acai Berry Capsules</p><p>$11.23 ($0.27 / Count)</p><a href="https://www.amazon.com/dp/B016BAO0LW?tag=eloabder-20&linkCode=osi&th=1&psc=1">View Product</a></div><div class="product"><a href="https://www.amazon.com/dp/B07D4372Y8?tag=eloabder-20&linkCode=osi&th=1&psc=1"><img src="https://m.media-amazon.com/images/I/41BJ0OX9gML._SL500_.jpg" alt="Product Image"></a><p>Herbal Nitro My Gentle Detox - Fast, Gentle Constipation Relief in 1 Day - All-Natural Colon Cleanse Detox Pills for Women & Men - Helps Reduce Bloating, Gas, Irregularity - 30 Capsules</p><p>$27.97 ($0.93 / Count)</p><a href="https://www.amazon.com/dp/B07D4372Y8?tag=eloabder-20&linkCode=osi&th=1&psc=1">View Product</a></div><div class="product"><a href="https://www.amazon.com/dp/B0C9N21MB9?tag=eloabder-20&linkCode=osi&th=1&psc=1"><img src="https://m.media-amazon.com/images/I/41VtUHf8FIL._SL500_.jpg" alt="Product Image"></a><p>Bronson Liver Detox Advanced Detox & Cleansing Formula Supports Health Liver Function with Milk Thistle, Dandelion Root, Turmeric, Artichoke Leaf & More, Non-GMO, 60 Vegetarian Capsules</p><p>$8.99 ($0.15 / Count)</p><a href="https://www.amazon.com/dp/B0C9N21MB9?tag=eloabder-20&linkCode=osi&th=1&psc=1">View Product</a></div><div class="product"><a href="https://www.amazon.com/dp/B005P0SI36?tag=eloabder-20&linkCode=osi&th=1&psc=1"><img src="https://m.media-amazon.com/images/I/41O6fy3UcdL._SL500_.jpg" alt="Product Image"></a><p>Herbal Clean QCarbo32 Same-Day Premium Detox Drink, Grape Flavor, 32 Fl Oz</p><p>$32.95 ($1.03 / Fl Oz)</p><a href="https://www.amazon.com/dp/B005P0SI36?tag=eloabder-20&linkCode=osi&th=1&psc=1">View Product</a></div><div class="product"><a href="https://www.amazon.com/dp/B001982OBK?tag=eloabder-20&linkCode=osi&th=1&psc=1"><img src="https://m.media-amazon.com/images/I/310UDR061PL._SL500_.jpg" alt="Product Image"></a><p>Detoxify – Mega Clean Herbal Detox Cleanse Drink – Full body cleanse detox for women and men - Same day results - Plus sticker</p><p>$43.99 ($1.37 / Fl Oz)</p><a href="https://www.amazon.com/dp/B001982OBK?tag=eloabder-20&linkCode=osi&th=1&psc=1">View Product</a></div><div class="product"><a href="https://www.amazon.com/dp/B0BZD387D3?tag=eloabder-20&linkCode=osi&th=1&psc=1"><img src="https://m.media-amazon.com/images/I/51OVxGt0+pL._SL500_.jpg" alt="Product Image"></a><p>Complete Body Cleanse - Natural, Healthy Cleansing Support for Liver, Urinary Tract, Kidney, Digestive System - Made in United States - 42 Vegan Caps</p><p>$28.49 ($0.68 / Count)</p><a href="https://www.amazon.com/dp/B0BZD387D3?tag=eloabder-20&linkCode=osi&th=1&psc=1">View Product</a></div>
<div class="product"><a href="https://www.amazon.com/dp/B00ISAPPLI?tag=eloabder-20&linkCode=osi&th=1&psc=1"><img src="https://m.media-amazon.com/images/I/417-h8k4YML._SL500_.jpg" alt="Product Image"></a><p>Dr. Tobias Colon 14 Day Cleanse, Advanced Gut Cleanse Detox for Women & Men with Cascara Sagrada, Psyllium Husk & Senna Leaf, Non-GMO Colon Cleanse, 28 Capsules 1-2 Daily</p><p>$19.99 ($0.71 / Count)</p><a href="https://www.amazon.com/dp/B00ISAPPLI?tag=eloabder-20&linkCode=osi&th=1&psc=1">View Product</a></div><div class="product"><a href="https://www.amazon.com/dp/B08DP57QF5?tag=eloabder-20&linkCode=osi&th=1&psc=1"><img src="https://m.media-amazon.com/images/I/41fG9e3QHeL._SL500_.jpg" alt="Product Image"></a><p>Inno Cleanse - Waist Trimming Complex | Digestive System Support & Aid | Reduced Bloating | Improves Energy Levels | Gluten Free, Vegan Friendly</p><p>$43.99 ($0.73 / Count)</p><a href="https://www.amazon.com/dp/B08DP57QF5?tag=eloabder-20&linkCode=osi&th=1&psc=1">View Product</a></div><div class="product"><a href="https://www.amazon.com/dp/B076QGVCTJ?tag=eloabder-20&linkCode=osi&th=1&psc=1"><img src="https://m.media-amazon.com/images/I/51mTNryXDDL._SL500_.jpg" alt="Product Image"></a><p>CLEANSE on the go - 3 Day Juice Cleanse - Just Add Water - 21 Powder Packets</p><p>$64.95 ($64.95 / Count)</p><a href="https://www.amazon.com/dp/B076QGVCTJ?tag=eloabder-20&linkCode=osi&th=1&psc=1">View Product</a></div><div class="product"><a href="https://www.amazon.com/dp/B0CPVVYG5D?tag=eloabder-20&linkCode=osi&th=1&psc=1"><img src="https://m.media-amazon.com/images/I/41L2n+A9vjL._SL500_.jpg" alt="Product Image"></a><p>Milamiamor 15 Day Cleanse - Gut and Colon Support - Advanced Gut Cleanse Detox for Women & Men with Senna, Cascara Sagrada & Psyllium Husk - Non-GMO - Made in USA - 30 Capsules</p><p>$16.99 ($0.57 / Count)</p><a href="https://www.amazon.com/dp/B0CPVVYG5D?tag=eloabder-20&linkCode=osi&th=1&psc=1">View Product</a></div><div class="product"><a href="https://www.amazon.com/dp/B095H6GR19?tag=eloabder-20&linkCode=osi&th=1&psc=1"><img src="https://m.media-amazon.com/images/I/41cAOGEXneL._SL500_.jpg" alt="Product Image"></a><p>Colon Cleanser Detox for Weight Flush - 15 Day Intestinal Cleanse Pills & Probiotic - Fast Natural Laxative for Constipation Relief - Bowel Movement Supplements for Stomach Bloating, Gut Loss Support</p><p>$9.95 ($0.33 / Count)</p><a href="https://www.amazon.com/dp/B095H6GR19?tag=eloabder-20&linkCode=osi&th=1&psc=1">View Product</a></div><div class="product"><a href="https://www.amazon.com/dp/B01AVJGHW4?tag=eloabder-20&linkCode=osi&th=1&psc=1"><img src="https://m.media-amazon.com/images/I/51xGQHea+JL._SL500_.jpg" alt="Product Image"></a><p>Century Systems The Cleaner Detox, Powerful 7-Day Complete Internal Cleansing Formula for Men, Support Digestive Health, 52 Vegetarian Capsules</p><p>$11.75 ($0.23 / Count)</p><a href="https://www.amazon.com/dp/B01AVJGHW4?tag=eloabder-20&linkCode=osi&th=1&psc=1">View Product</a></div><div class="product"><a href="https://www.amazon.com/dp/B016BAO0LW?tag=eloabder-20&linkCode=osi&th=1&psc=1"><img src="https://m.media-amazon.com/images/I/41CEuhtv5jL._SL500_.jpg" alt="Product Image"></a><p>Detox Cleanse | Purely Inspired 7 Day Cleanse and Detox Pills | Acai Berry Cleanse | Whole Body Cleanse Detox for Women & Men | Body Detox with Senna Leaf & Digestive Enzymes | 42 Acai Berry Capsules</p><p>$11.23 ($0.27 / Count)</p><a href="https://www.amazon.com/dp/B016BAO0LW?tag=eloabder-20&linkCode=osi&th=1&psc=1">View Product</a></div><div class="product"><a href="https://www.amazon.com/dp/B06XJGM923?tag=eloabder-20&linkCode=osi&th=1&psc=1"><img src="https://m.media-amazon.com/images/I/5148-tD3ipL._SL500_.jpg" alt="Product Image"></a><p>3 Day Juice Cleanse by Raw Fountain, All Natural Raw Detox Cleanse, Liquid Juice Diet, Cold Pressed Fruit and Vegetable Juices, Tasty and Energizing, 18 Bottles 12oz, 3 Ginger Shots</p><p>$107.99 ($0.49 / Fl Oz)</p><a href="https://www.amazon.com/dp/B06XJGM923?tag=eloabder-20&linkCode=osi&th=1&psc=1">View Product</a></div><div class="product"><a href="https://www.amazon.com/dp/B077GFFF7L?tag=eloabder-20&linkCode=osi&th=1&psc=1"><img src="https://m.media-amazon.com/images/I/41K6Y+M6IwL._SL500_.jpg" alt="Product Image"></a><p>COUNTRY FARMS Super Cleanse, Super Juice Cleanse, Supports Healthy Digestive System, 34 Fruits and Vegetables with Aloe, Promotes Natural Detoxification, Drink Powder, 14 Servings, 9.88 Ounce</p><p>$15.90 ($1.61 / Ounce)</p><a href="https://www.amazon.com/dp/B077GFFF7L?tag=eloabder-20&linkCode=osi&th=1&psc=1">View Product</a></div><div class="product"><a href="https://www.amazon.com/dp/B000W6N3B0?tag=eloabder-20&linkCode=osi&th=1&psc=1"><img src="https://m.media-amazon.com/images/I/513eRgpwDzL._SL500_.jpg" alt="Product Image"></a><p>Nature's Secret Ultimate Cleanse 2-Part Total Body Detoxification & Elimination Supports Digestion, Wellness, Colon Health & Regularity - Multi-Herb Digestion & Multi-Fiber Cleanse - 240 Tablets</p><p>$26.24 ($0.11 / Count)</p><a href="https://www.amazon.com/dp/B000W6N3B0?tag=eloabder-20&linkCode=osi&th=1&psc=1">View Product</a></div>
<div class="product"><a href="https://www.amazon.com/dp/B0848WCZFM?tag=eloabder-20&linkCode=osi&th=1&psc=1"><img src="https://m.media-amazon.com/images/I/41Rzyzjg2UL._SL500_.jpg" alt="Product Image"></a><p>HealthA2Z Sleep Aid, Diphenhydramine Softgels, 50mg, Supports Deeper, Restful Sleeping, Non Habit-Forming (250 Counts)</p><p>$9.85 ($0.04 / Count)</p><a href="https://www.amazon.com/dp/B0848WCZFM?tag=eloabder-20&linkCode=osi&th=1&psc=1">View Product</a></div><div class="product"><a href="https://www.amazon.com/dp/B079HXLZGY?tag=eloabder-20&linkCode=osi&th=1&psc=1"><img src="https://m.media-amazon.com/images/I/51O0z0rymgL._SL500_.jpg" alt="Product Image"></a><p>Amazon Basic Care Nighttime Sleep Aid Tablets for Adults, Doxylamine Succinate 25 mg, 96 Count</p><p>$12.59 ($0.13 / Count)</p><a href="https://www.amazon.com/dp/B079HXLZGY?tag=eloabder-20&linkCode=osi&th=1&psc=1">View Product</a></div><div class="product"><a href="https://www.amazon.com/dp/B00NJ1BQZA?tag=eloabder-20&linkCode=osi&th=1&psc=1"><img src="https://m.media-amazon.com/images/I/41q8bT3bu0L._SL500_.jpg" alt="Product Image"></a><p>Relaxium Sleep Aid for Adults, Melatonin 5mg with Magnesium Glycinate, Sleep-Promoting Valerest & Ashwagandha, Non-Habit Forming Sleep Supplement, 60 Capsules, 30-Day Supply</p><p>$29.99 ($0.50 / count)</p><a href="https://www.amazon.com/dp/B00NJ1BQZA?tag=eloabder-20&linkCode=osi&th=1&psc=1">View Product</a></div><div class="product"><a href="https://www.amazon.com/dp/B08H766XS8?tag=eloabder-20&linkCode=osi&th=1&psc=1"><img src="https://m.media-amazon.com/images/I/4117Yuu9uhL._SL500_.jpg" alt="Product Image"></a><p>RXZELL Sleep Aid, Diphenhydramine HCl 50mg, 220 Softgels - Fall Asleep Faster, Deeper Restful Sleeping, Non Habit-Forming</p><p>$9.99 ($0.05 / Count)</p><a href="https://www.amazon.com/dp/B08H766XS8?tag=eloabder-20&linkCode=osi&th=1&psc=1">View Product</a></div><div class="product"><a href="https://www.amazon.com/dp/B07BZW88NY?tag=eloabder-20&linkCode=osi&th=1&psc=1"><img src="https://m.media-amazon.com/images/I/51HD9BxwlWL._SL500_.jpg" alt="Product Image"></a><p>Kirkland Signature Sleep Aid, 192 Tablets</p><p>$13.90 ($0.07 / Count)</p><a href="https://www.amazon.com/dp/B07BZW88NY?tag=eloabder-20&linkCode=osi&th=1&psc=1">View Product</a></div><div class="product"><a href="https://www.amazon.com/dp/B099JXNWYL?tag=eloabder-20&linkCode=osi&th=1&psc=1"><img src="https://m.media-amazon.com/images/I/41K+tJ73J2L._SL500_.jpg" alt="Product Image"></a><p>12-in-1 Melatonin Capsules - Melatonin 5mg Natural Sleep Aids for Adults - Magnesium Glycinate 500mg, Ashwagandha, L Theanine, Valerian Root, GABA, 5-HTP, Sleep Supplement for Adults, Pack of 1</p><p>$21.95 ($0.24 / Count)</p><a href="https://www.amazon.com/dp/B099JXNWYL?tag=eloabder-20&linkCode=osi&th=1&psc=1">View Product</a></div><div class="product"><a href="https://www.amazon.com/dp/B07PXT5LYR?tag=eloabder-20&linkCode=osi&th=1&psc=1"><img src="https://m.media-amazon.com/images/I/41Pu3C1zvML._SL500_.jpg" alt="Product Image"></a><p>Nature's Bounty Sleep3 Melatonin 10mg, Maximum Strength 100% Drug Free Sleep Aid, Dietary Supplement, L-Theanine & Nighttime Herbal Blend Time Release Technology, 60 Tri-Layered Tablets</p><p>$13.07 ($0.22 / Count)</p><a href="https://www.amazon.com/dp/B07PXT5LYR?tag=eloabder-20&linkCode=osi&th=1&psc=1">View Product</a></div><div class="product"><a href="https://www.amazon.com/dp/B08Y74HSSH?tag=eloabder-20&linkCode=osi&th=1&psc=1"><img src="https://m.media-amazon.com/images/I/41WtHEKTuML._SL500_.jpg" alt="Product Image"></a><p>ZzzQuil ULTRA, Sleep Aid, Nighttime Sleep Aid, 25 mg Doxylamine Succinate, From Makers of Nyquil, Non- Habit Forming, Fall Asleep Fast, Stay Asleep Longer, 48 Count</p><p>$19.63 ($0.41 / Count)</p><a href="https://www.amazon.com/dp/B08Y74HSSH?tag=eloabder-20&linkCode=osi&th=1&psc=1">View Product</a></div><div class="product"><a href="https://www.amazon.com/dp/B07T26RMVN?tag=eloabder-20&linkCode=osi&th=1&psc=1"><img src="https://m.media-amazon.com/images/I/41CrzdDrPxL._SL500_.jpg" alt="Product Image"></a><p>Rite Aid Natural Sleep Aid Caplets, Diphenhydramine HCl, 25mg - 200 Count | Sleeping Pills for Adults Extra Strength</p><p>$10.99 ($0.05 / Count)</p><a href="https://www.amazon.com/dp/B07T26RMVN?tag=eloabder-20&linkCode=osi&th=1&psc=1">View Product</a></div><div class="product"><a href="https://www.amazon.com/dp/B093ML2TLT?tag=eloabder-20&linkCode=osi&th=1&psc=1"><img src="https://m.media-amazon.com/images/I/41SyoP7FUKL._SL500_.jpg" alt="Product Image"></a><p>A+Health Nighttime Sleep Aid Diphenhydramine 50 mg Softgels Maximum Strength, 160 Count</p><p>$10.99 ($0.07 / Count)</p><a href="https://www.amazon.com/dp/B093ML2TLT?tag=eloabder-20&linkCode=osi&th=1&psc=1">View Product</a></div>
<div class="product"><a href="https://www.amazon.com/dp/B08LQZCR3L?tag=eloabder-20&linkCode=osi&th=1&psc=1"><img src="https://m.media-amazon.com/images/I/41HE+7tML2L._SL500_.jpg" alt="Product Image"></a><p>OLLY Ultra Strength Goodbye Stress Softgels, GABA, Ashwagandha, L-Theanine and Lemon Balm, Stress Relief Supplement - 60 Count</p><p>$18.38 ($0.31 / Count)</p><a href="https://www.amazon.com/dp/B08LQZCR3L?tag=eloabder-20&linkCode=osi&th=1&psc=1">View Product</a></div><div class="product"><a href="https://www.amazon.com/dp/B07PWMXMZ6?tag=eloabder-20&linkCode=osi&th=1&psc=1"><img src="https://m.media-amazon.com/images/I/41VD6DY7HqL._SL500_.jpg" alt="Product Image"></a><p>Nature's Bounty Anxiety & Stress Relief Ashwagandha Ksm-66 Tablets, 50 Count</p><p>$10.98 ($0.22 / Count)</p><a href="https://www.amazon.com/dp/B07PWMXMZ6?tag=eloabder-20&linkCode=osi&th=1&psc=1">View Product</a></div><div class="product"><a href="https://www.amazon.com/dp/B09SR84773?tag=eloabder-20&linkCode=osi&th=1&psc=1"><img src="https://m.media-amazon.com/images/I/41ZCNv-yCrL._SL500_.jpg" alt="Product Image"></a><p>Nature Made Wellblends Stress Relief Gummies, L theanine 200mg to Help Reduce Stress, with GABA 100mg, Same Day Stress Support, 40 Strawberry Flavor Gummies</p><p>$17.85 ($0.45 / Count)</p><a href="https://www.amazon.com/dp/B09SR84773?tag=eloabder-20&linkCode=osi&th=1&psc=1">View Product</a></div><div class="product"><a href="https://www.amazon.com/dp/B01M1HYRNJ?tag=eloabder-20&linkCode=osi&th=1&psc=1"><img src="https://m.media-amazon.com/images/I/41cyJuNhkJL._SL500_.jpg" alt="Product Image"></a><p>OLLY Goodbye Stress Gummy, GABA, L-Theanine, Lemon Balm, Stress Relief Supplement, Berry - 42 Count</p><p>$12.49 ($0.30 / Count)</p><a href="https://www.amazon.com/dp/B01M1HYRNJ?tag=eloabder-20&linkCode=osi&th=1&psc=1">View Product</a></div><div class="product"><a href="https://www.amazon.com/dp/B08VYWSVVF?tag=eloabder-20&linkCode=osi&th=1&psc=1"><img src="https://m.media-amazon.com/images/I/41Ho+8wPa0L._SL500_.jpg" alt="Product Image"></a><p>Boiron StressCalm for Relief of Stress, Anxiousness, Nervousness, Irritability, and Fatigue - 60 Count</p><p>$9.99 ($0.17 / Count)</p><a href="https://www.amazon.com/dp/B08VYWSVVF?tag=eloabder-20&linkCode=osi&th=1&psc=1">View Product</a></div><div class="product"><a href="https://www.amazon.com/dp/B07JDWTDPB?tag=eloabder-20&linkCode=osi&th=1&psc=1"><img src="https://m.media-amazon.com/images/I/41Suhu46BgL._SL500_.jpg" alt="Product Image"></a><p>UpNature Calm Essential Oil Roll On Blend - Self Care Gifts for Women - 100% Natural Relaxation Aromatherapy - Ideal Stocking Stuffers</p><p>$8.98 ($27.21 / Fl Oz)</p><a href="https://www.amazon.com/dp/B07JDWTDPB?tag=eloabder-20&linkCode=osi&th=1&psc=1">View Product</a></div><div class="product"><a href="https://www.amazon.com/dp/B06ZYHJYD5?tag=eloabder-20&linkCode=osi&th=1&psc=1"><img src="https://m.media-amazon.com/images/I/41Ybvou207L._SL500_.jpg" alt="Product Image"></a><p>Organic Ashwagandha 2,100 mg - 100 Vegan Capsules Pure Organic Ashwagandha Powder and Root Extract - Stress Relief, Mood Enhancer</p><p>$16.95 ($0.17 / Count)</p><a href="https://www.amazon.com/dp/B06ZYHJYD5?tag=eloabder-20&linkCode=osi&th=1&psc=1">View Product</a></div><div class="product"><a href="https://www.amazon.com/dp/B0BC5DGWC6?tag=eloabder-20&linkCode=osi&th=1&psc=1"><img src="https://m.media-amazon.com/images/I/41QkZSYQEeL._SL500_.jpg" alt="Product Image"></a><p>Stress Ease Essential Oil Roll On Blend 10ml - Natural Stress Relief Essential Oils Roll-On - Pure Lavender, Geranium and Frankincense Oil Blend - Stress Away - Nexon Botanics</p><p>$9.99 ($30.27 / Fl Oz)</p><a href="https://www.amazon.com/dp/B0BC5DGWC6?tag=eloabder-20&linkCode=osi&th=1&psc=1">View Product</a></div><div class="product"><a href="https://www.amazon.com/dp/B000OC1ETU?tag=eloabder-20&linkCode=osi&th=1&psc=1"><img src="https://m.media-amazon.com/images/I/51tdD9F9O4L._SL500_.jpg" alt="Product Image"></a><p>Bach RESCUE PASTILLES, Orange and Elderflower Flavor, Natural Stress Relief Lozenges, Homeopathic Flower Essence, Vegetarian, Gluten & Sugar-Free, Holiday Stocking Stuffer, 35 Count</p><p>$8.99 ($0.26 / Count)</p><a href="https://www.amazon.com/dp/B000OC1ETU?tag=eloabder-20&linkCode=osi&th=1&psc=1">View Product</a></div>
<div class="product"><a href="https://www.amazon.com/dp/B07PBZRDJN?tag=eloabder-20&linkCode=osi&th=1&psc=1"><img src="https://m.media-amazon.com/images/I/51mpObXjYwL._SL500_.jpg" alt="Product Image"></a><p>NEURIVA Plus Brain Supplement for Memory and Focus Clinically Tested Nootropics for Concentration for Mental Clarity, Cognitive Enhancement Vitamins B6, B12, Phosphatidylserine 30 Capsules</p><p>$39.97 ($1.33 / Count)</p><a href="https://www.amazon.com/dp/B07PBZRDJN?tag=eloabder-20&linkCode=osi&th=1&psc=1">View Product</a></div><div class="product"><a href="https://www.amazon.com/dp/B01JIKQDPS?tag=eloabder-20&linkCode=osi&th=1&psc=1"><img src="https://m.media-amazon.com/images/I/41Ezne379HL._SL500_.jpg" alt="Product Image"></a><p>Nootropics Brain Support Supplement - Mental Focus Nootropic Memory Supplement for Brain Health & and Performance Blend, with Energy and Vitamins DMAE Bacopa and Phosphatidylserine Capsule</p><p>$19.55 ($0.33 / Count)</p><a href="https://www.amazon.com/dp/B01JIKQDPS?tag=eloabder-20&linkCode=osi&th=1&psc=1">View Product</a></div><div class="product"><a href="https://www.amazon.com/dp/B078SJ9F5S?tag=eloabder-20&linkCode=osi&th=1&psc=1"><img src="https://m.media-amazon.com/images/I/41kM5+mO9kL._SL500_.jpg" alt="Product Image"></a><p>Genius Mushroom Supplement - Lions Mane, Cordyceps, Reishi - Brain Nootropic for Energy, Focus, Overall Wellness, & Immune Support, - 90 Veggie Pills</p><p>$21.95 ($0.24 / Count)</p><a href="https://www.amazon.com/dp/B078SJ9F5S?tag=eloabder-20&linkCode=osi&th=1&psc=1">View Product</a></div><div class="product"><a href="https://www.amazon.com/dp/B07Q5DZJTK?tag=eloabder-20&linkCode=osi&th=1&psc=1"><img src="https://m.media-amazon.com/images/I/414Ts8+w+YL._SL500_.jpg" alt="Product Image"></a><p>DR. EMIL NUTRITION 2100mg Organic Lions Mane Supplement Capsules - Focus, Mental Clarity & Cognition - Nootropic Lion's Mane Mushroom Supplement with Organic Lions Mane</p><p>$22.85 ($0.25 / Count)</p><a href="https://www.amazon.com/dp/B07Q5DZJTK?tag=eloabder-20&linkCode=osi&th=1&psc=1">View Product</a></div><div class="product"><a href="https://www.amazon.com/dp/B07H8N5VF6?tag=eloabder-20&linkCode=osi&th=1&psc=1"><img src="https://m.media-amazon.com/images/I/41BPGrNSadL._SL500_.jpg" alt="Product Image"></a><p>OLLY Laser Focus Gummy, Ginseng, Alpha GPC, B Vitamins, Berry Tangerine Flavor - 36 Count</p><p>$12.88 ($0.36 / Count)</p><a href="https://www.amazon.com/dp/B07H8N5VF6?tag=eloabder-20&linkCode=osi&th=1&psc=1">View Product</a></div><div class="product"><a href="https://www.amazon.com/dp/B07RP44QPT?tag=eloabder-20&linkCode=osi&th=1&psc=1"><img src="https://m.media-amazon.com/images/I/414Ge8If89L._SL500_.jpg" alt="Product Image"></a><p>Vital Vitamins Brain Supplements for Memory and Focus - Nootropic Brain Support - Memory, Clarity, Focus, Energy - Vitamin B12, Gingko Biloba, DMAE</p><p>$23.99 ($0.80 / Count)</p><a href="https://www.amazon.com/dp/B07RP44QPT?tag=eloabder-20&linkCode=osi&th=1&psc=1">View Product</a></div><div class="product"><a href="https://www.amazon.com/dp/B0BXTN1V7F?tag=eloabder-20&linkCode=osi&th=1&psc=1"><img src="https://m.media-amazon.com/images/I/513JW5FoUhL._SL500_.jpg" alt="Product Image"></a><p>NEURIVA Ultra Decaffeinated Clinically Tested Nootropic Brain Supplement for Mental Alertness, Memory, Focus & Concentration, Cognivive, Neurofactor, Phosphatidylserine, Vitamins B6 B12, 60 Capsules</p><p>$62.13 ($1.04 / Count)</p><a href="https://www.amazon.com/dp/B0BXTN1V7F?tag=eloabder-20&linkCode=osi&th=1&psc=1">View Product</a></div><div class="product"><a href="https://www.amazon.com/dp/B000WVW6YK?tag=eloabder-20&linkCode=osi&th=1&psc=1"><img src="https://m.media-amazon.com/images/I/418U02yuWpL._SL500_.jpg" alt="Product Image"></a><p>NOW Supplements, True Focus™ with Amino Acids, Ginkgo, DMAE + CoQ10 and Grape Seed Extract , 90 Veg Capsules</p><p>$13.30 ($0.15 / Count)</p><a href="https://www.amazon.com/dp/B000WVW6YK?tag=eloabder-20&linkCode=osi&th=1&psc=1">View Product</a></div><div class="product"><a href="https://www.amazon.com/dp/B0157EJZGI?tag=eloabder-20&linkCode=osi&th=1&psc=1"><img src="https://m.media-amazon.com/images/I/41dkN3unlXL._SL500_.jpg" alt="Product Image"></a><p>Zhou Neuro Peak Brain Support Supplement | Memory, Focus & Clarity Formula | DMAE, Rhodiola Rosea, Bacopa Monnieri, Ginkgo Biloba & More | 30 VegCaps</p><p>$11.82 ($0.39 / Count)</p><a href="https://www.amazon.com/dp/B0157EJZGI?tag=eloabder-20&linkCode=osi&th=1&psc=1">View Product</a></div><div class="product"><a href="https://www.amazon.com/dp/B0C8ZHNVHK?tag=eloabder-20&linkCode=osi&th=1&psc=1"><img src="https://m.media-amazon.com/images/I/51LyeYCadbL._SL500_.jpg" alt="Product Image"></a><p>Switch, Brain Boosting Nootropic Energy Supplement, Increase Mental Focus & Cognitive Function, Enhances Mood & Memory, Alpha GPC, Ashwagandha, Sugar Free Energy Powder-Keto</p><p>$49.99 ($8.91 / Ounce)</p><a href="https://www.amazon.com/dp/B0C8ZHNVHK?tag=eloabder-20&linkCode=osi&th=1&psc=1">View Product</a></div>
<div class="product"><a href="https://www.amazon.com/dp/B09X2CG92L?tag=eloabder-20&linkCode=osi&th=1&psc=1"><img src="https://m.media-amazon.com/images/I/41ebxpgEyDL._SL500_.jpg" alt="Product Image"></a><p>21,800mg Testosterone Booster for Men 8X Strength w. Ashwagandha, Tongkat Ali, Pycnogenol, Tribulus - Total T Male Enhancing Test Libido Booster + Muscle Builder Growth Testosterone Supplement for Men</p><p>$29.95 ($0.33 / Count)</p><a href="https://www.amazon.com/dp/B09X2CG92L?tag=eloabder-20&linkCode=osi&th=1&psc=1">View Product</a></div><div class="product"><a href="https://www.amazon.com/dp/B09W1R4JJ9?tag=eloabder-20&linkCode=osi&th=1&psc=1"><img src="https://m.media-amazon.com/images/I/51FMBwtAQZL._SL500_.jpg" alt="Product Image"></a><p>Force Factor Test X180 Gummies Testosterone Booster for Men with Tongkat Ali, Horny Goat Weed, Tribulus Terrestris, Fenugreek, & Black Maca, Supplement Men, Berry Punch, 60 Gummies, 1-Pack</p><p>$18.80 ($0.31 / Count)</p><a href="https://www.amazon.com/dp/B09W1R4JJ9?tag=eloabder-20&linkCode=osi&th=1&psc=1">View Product</a></div><div class="product"><a href="https://www.amazon.com/dp/B01KE592JU?tag=eloabder-20&linkCode=osi&th=1&psc=1"><img src="https://m.media-amazon.com/images/I/41H9Ng4ybQL._SL500_.jpg" alt="Product Image"></a><p>Multivitamin for Men - Daily Mens Multivitamins & Multiminerals Supplement for Energy, Focus and Performance. Mens Vitamins A, C, D, E & B12, Zinc, Calcium, Magnesium & More. Multi Vitamin Capsules</p><p>$22.97 ($0.38 / Count)</p><a href="https://www.amazon.com/dp/B01KE592JU?tag=eloabder-20&linkCode=osi&th=1&psc=1">View Product</a></div><div class="product"><a href="https://www.amazon.com/dp/B079H53D2B?tag=eloabder-20&linkCode=osi&th=1&psc=1"><img src="https://m.media-amazon.com/images/I/51Y4b2nfCYL._SL500_.jpg" alt="Product Image"></a><p>Physician's Choice Probiotics 60 Billion CFU - 10 Strains + Organic Prebiotics - Immune, Digestive & Gut Health - Supports Occasional Constipation, Diarrhea, Gas & Bloating - for Women & Men - 30ct</p><p>$21.58 ($0.72 / Count)</p><a href="https://www.amazon.com/dp/B079H53D2B?tag=eloabder-20&linkCode=osi&th=1&psc=1">View Product</a></div><div class="product"><a href="https://www.amazon.com/dp/B076PVXYQK?tag=eloabder-20&linkCode=osi&th=1&psc=1"><img src="https://m.media-amazon.com/images/I/51H+gxwn7UL._SL500_.jpg" alt="Product Image"></a><p>Super Strength 1590mg Horny Goat Weed 120 Capsules With Maca Arginine & Ginseng - Naturally Boost your Health, Workout Performance, Endurance & Energy, Joint Health For Men & Women (120C)</p><p>$13.99 ($0.12 / Count)</p><a href="https://www.amazon.com/dp/B076PVXYQK?tag=eloabder-20&linkCode=osi&th=1&psc=1">View Product</a></div><div class="product"><a href="https://www.amazon.com/dp/B07TYRTY26?tag=eloabder-20&linkCode=osi&th=1&psc=1"><img src="https://m.media-amazon.com/images/I/41y0PwcW6EL._SL500_.jpg" alt="Product Image"></a><p>Ancestral Supplements Mofo, Supplements for Men, Support for Test and Energy Levels and Overall Men's Health and Wellness, Non-GMO Grass Fed Beef Organ Supplement with Liver, No Fillers, 180 Capsules</p><p>$62.00 ($0.34 / Count)</p><a href="https://www.amazon.com/dp/B07TYRTY26?tag=eloabder-20&linkCode=osi&th=1&psc=1">View Product</a></div><div class="product"><a href="https://www.amazon.com/dp/B01FKP3Q7S?tag=eloabder-20&linkCode=osi&th=1&psc=1"><img src="https://m.media-amazon.com/images/I/413pONqgwjL._SL500_.jpg" alt="Product Image"></a><p>OLLY Men's Multivitamin Gummy, Vitamins A, C, D, E, B, Zinc, Blackberry Flavor, 45 Day Supply - 90 Count</p><p>$12.49 ($0.14 / Count)</p><a href="https://www.amazon.com/dp/B01FKP3Q7S?tag=eloabder-20&linkCode=osi&th=1&psc=1">View Product</a></div><div class="product"><a href="https://www.amazon.com/dp/B0CLJ62HJN?tag=eloabder-20&linkCode=osi&th=1&psc=1"><img src="https://m.media-amazon.com/images/I/51fzZ1f4aKL._SL500_.jpg" alt="Product Image"></a><p>Probiotics for Men, 500 Billion CFU 12 Strains Mens Probiotic with Turmeric Cranberry & Goji, Gut Health for Men, Probiotics for Men Digestive Health, Bloating, Immune & Overall Health, 30-Day Supply</p><p>$23.90 ($0.40 / Count)</p><a href="https://www.amazon.com/dp/B0CLJ62HJN?tag=eloabder-20&linkCode=osi&th=1&psc=1">View Product</a></div><div class="product"><a href="https://www.amazon.com/dp/B01MQ1JLWY?tag=eloabder-20&linkCode=osi&th=1&psc=1"><img src="https://m.media-amazon.com/images/I/41O5MqjxlDL._SL500_.jpg" alt="Product Image"></a><p>Prime Labs - Men's Testosterone Booster - Stamina, Endurance, & Strength Booster - 60 Caplets</p><p>$21.99 ($0.37 / Count)</p><a href="https://www.amazon.com/dp/B01MQ1JLWY?tag=eloabder-20&linkCode=osi&th=1&psc=1">View Product</a></div><div class="product"><a href="https://www.amazon.com/dp/B0BG94RWYN?tag=eloabder-20&linkCode=osi&th=1&psc=1"><img src="https://m.media-amazon.com/images/I/41k1yrK-eGL._SL500_.jpg" alt="Product Image"></a><p>Sea Moss 3000mg Black Seed Oil 2000mg Ashwagandha 1000mg Turmeric 1000mg Bladderwrack 1000mg Burdock 1000mg & Vitamin C & D3 with Elderberry Manuka Dandelion Yellow Dock Iodine Chlorophyll ACV</p><p>$23.96 ($0.40 / Count)</p><a href="https://www.amazon.com/dp/B0BG94RWYN?tag=eloabder-20&linkCode=osi&th=1&psc=1">View Product</a></div>
<div class="product"><a href="https://www.amazon.com/dp/B0D5FZGY8W?tag=eloabder-20&linkCode=osi&th=1&psc=1"><img src="https://m.media-amazon.com/images/I/51gWW6a+5uL._SL500_.jpg" alt="Product Image"></a><p>URO Vaginal Probiotics for Women pH Balance with Prebiotics & Lactobacillus Probiotic Blend - Women's Vaginal Health Supplement - Promote Healthy Vaginal Odor & Vaginal Flora, 60 Count (Pack of 1)</p><p>$28.79 ($0.48 / Count)</p><a href="https://www.amazon.com/dp/B0D5FZGY8W?tag=eloabder-20&linkCode=osi&th=1&psc=1">View Product</a></div><div class="product"><a href="https://www.amazon.com/dp/B0BL2GM261?tag=eloabder-20&linkCode=osi&th=1&psc=1"><img src="https://m.media-amazon.com/images/I/31nzULQJHwL._SL500_.jpg" alt="Product Image"></a><p>Health by Habit Womens Multi Supplement (60 Capsules) - 23 Essential Vitamins and Minerals, Supports General Health & Wellness, Non-GMO, Sugar Free (1 Pack)</p><p>$10.48 ($0.17 / Count)</p><a href="https://www.amazon.com/dp/B0BL2GM261?tag=eloabder-20&linkCode=osi&th=1&psc=1">View Product</a></div><div class="product"><a href="https://www.amazon.com/dp/B092CS29NR?tag=eloabder-20&linkCode=osi&th=1&psc=1"><img src="https://m.media-amazon.com/images/I/41mHol7tOzL._SL500_.jpg" alt="Product Image"></a><p>OLLY Happy Hoo-Ha Capsules, Probiotic for Women, Vaginal Health and pH Balance, 10 Billion CFU, Gluten Free - 25 Count</p><p>$16.88 ($0.68 / Count)</p><a href="https://www.amazon.com/dp/B092CS29NR?tag=eloabder-20&linkCode=osi&th=1&psc=1">View Product</a></div><div class="product"><a href="https://www.amazon.com/dp/B07B8BSGPL?tag=eloabder-20&linkCode=osi&th=1&psc=1"><img src="https://m.media-amazon.com/images/I/51fhicydrEL._SL500_.jpg" alt="Product Image"></a><p>Physician's Choice Probiotics for Women - PH Balance, Digestive, UT, & Feminine Health - 50 Billion CFU - 6 Unique Strains for Women - Organic Prebiotics, Cranberry Extract+ - Women Probiotic - 30 CT</p><p>$21.58 ($0.72 / Count)</p><a href="https://www.amazon.com/dp/B07B8BSGPL?tag=eloabder-20&linkCode=osi&th=1&psc=1">View Product</a></div><div class="product"><a href="https://www.amazon.com/dp/B014G4AY1A?tag=eloabder-20&linkCode=osi&th=1&psc=1"><img src="https://m.media-amazon.com/images/I/41Sw6ljhdlL._SL500_.jpg" alt="Product Image"></a><p>OLLY Women's Multivitamin Gummy, Vitamins A, D, C, E, Biotin, Folic Acid, Adult Chewable Vitamin, Berry Flavor, 45 Day Supply - 90 Count (Packaging May Vary)</p><p>$11.99 ($0.13 / Count)</p><a href="https://www.amazon.com/dp/B014G4AY1A?tag=eloabder-20&linkCode=osi&th=1&psc=1">View Product</a></div><div class="product"><a href="https://www.amazon.com/dp/B08JHPZVPC?tag=eloabder-20&linkCode=osi&th=1&psc=1"><img src="https://m.media-amazon.com/images/I/31VsL7VAvZL._SL500_.jpg" alt="Product Image"></a><p>Revive MD Women's Health | Vitamin Health Supplement for Women | Hormonal Balancing - Hair, Skin Nail Support</p><p>$39.99 ($0.44 / Count)</p><a href="https://www.amazon.com/dp/B08JHPZVPC?tag=eloabder-20&linkCode=osi&th=1&psc=1">View Product</a></div><div class="product"><a href="https://www.amazon.com/dp/B012RFVHSO?tag=eloabder-20&linkCode=osi&th=1&psc=1"><img src="https://m.media-amazon.com/images/I/51As5g4VfnL._SL500_.jpg" alt="Product Image"></a><p>OLLY Probiotic + Prebiotic Gummy, Digestive Support and Gut Health, 500 Million CFUs, Fiber, Adult Chewable Supplement for Men and Women, Peach, 30 Day Supply - 30 Count</p><p>$12.49 ($0.42 / Count)</p><a href="https://www.amazon.com/dp/B012RFVHSO?tag=eloabder-20&linkCode=osi&th=1&psc=1">View Product</a></div><div class="product"><a href="https://www.amazon.com/dp/B0BL1MXV78?tag=eloabder-20&linkCode=osi&th=1&psc=1"><img src="https://m.media-amazon.com/images/I/31djY+cfT5L._SL500_.jpg" alt="Product Image"></a><p>Health by Habit Libido Blend (60 Capsules) - Natural Aphrodisiac Blend with Maca, Ashwagandha, Vegan, Non-GMO, Sugar-Free (1 Pack)</p><p>$7.57 ($0.13 / Count)</p><a href="https://www.amazon.com/dp/B0BL1MXV78?tag=eloabder-20&linkCode=osi&th=1&psc=1">View Product</a></div><div class="product"><a href="https://www.amazon.com/dp/B006I7AT78?tag=eloabder-20&linkCode=osi&th=1&psc=1"><img src="https://m.media-amazon.com/images/I/41v96+mT7-L._SL500_.jpg" alt="Product Image"></a><p>Nature's Way Women's Probiotic Pearls, Supports Vaginal and Digestive Health*, 1 Billion Live Cultures, No Refrigeration Required, 30 Softgels (Packaging May Vary)</p><p>$11.81 ($0.39 / Count)</p><a href="https://www.amazon.com/dp/B006I7AT78?tag=eloabder-20&linkCode=osi&th=1&psc=1">View Product</a></div>
<div class="product"><a href="https://www.amazon.com/dp/B0BWZTV1V7?tag=eloabder-20&linkCode=osi&th=1&psc=1"><img src="https://m.media-amazon.com/images/I/412B7e7oK+L._SL500_.jpg" alt="Product Image"></a><p>Nature's Bounty Hair Growth Supplement, 1 Per Day, Clinically Shown to Support Thicker, Fuller Hair, with Biotin, Silicon & Arginine, 30 Capsules</p><p>$16.98 ($0.57 / Count)</p><a href="https://www.amazon.com/dp/B0BWZTV1V7?tag=eloabder-20&linkCode=osi&th=1&psc=1">View Product</a></div><div class="product"><a href="https://www.amazon.com/dp/B0CWS5QP8F?tag=eloabder-20&linkCode=osi&th=1&psc=1"><img src="https://m.media-amazon.com/images/I/51qHqbsqtaL._SL500_.jpg" alt="Product Image"></a><p>MaryRuth's Liquid Multivitamin + Lustriva® Hair Growth | Biotin 10000mcg | Vitamin D | B Vitamins | Clinically Tested for Thicker Hair, Wrinkles, Fine Lines, Skin Care | Ages 18+ | 15.22 Fl Oz</p><p>$39.95 ($2.62 / Fl Oz)</p><a href="https://www.amazon.com/dp/B0CWS5QP8F?tag=eloabder-20&linkCode=osi&th=1&psc=1">View Product</a></div><div class="product"><a href="https://www.amazon.com/dp/B07L8KPCFY?tag=eloabder-20&linkCode=osi&th=1&psc=1"><img src="https://m.media-amazon.com/images/I/31NkOtXpn0L._SL500_.jpg" alt="Product Image"></a><p>Hello Lovely! Hair Vitamins Gummy with Biotin 5000 mcg Vitamin E & C Support Hair Growth, Premium Vegetarian Non-GMO, for Stronger Beautiful Hair, Skin & Nails Supplement - 60 Bear Gummies</p><p>$14.92 ($0.25 / Count)</p><a href="https://www.amazon.com/dp/B07L8KPCFY?tag=eloabder-20&linkCode=osi&th=1&psc=1">View Product</a></div><div class="product"><a href="https://www.amazon.com/dp/B08LQZNF8H?tag=eloabder-20&linkCode=osi&th=1&psc=1"><img src="https://m.media-amazon.com/images/I/31dVsgRqciL._SL500_.jpg" alt="Product Image"></a><p>OLLY Ultra Strength Hair Softgels, Supports Hair Health, Biotin, Keratin, Vitamin D, B12, Hair Supplement, 30 Day Supply - 30 Count (Packaging May Vary)</p><p>$19.86 ($0.66 / Count)</p><a href="https://www.amazon.com/dp/B08LQZNF8H?tag=eloabder-20&linkCode=osi&th=1&psc=1">View Product</a></div><div class="product"><a href="https://www.amazon.com/dp/B009SZXM4E?tag=eloabder-20&linkCode=osi&th=1&psc=1"><img src="https://m.media-amazon.com/images/I/418wJuLSwhL._SL500_.jpg" alt="Product Image"></a><p>Nature's Bounty Biotin, Supports Healthy Hair, Skin and Nails, 10,000 mcg, Rapid Release Softgels, 120 Ct</p><p>$9.99 ($0.08 / Count)</p><a href="https://www.amazon.com/dp/B009SZXM4E?tag=eloabder-20&linkCode=osi&th=1&psc=1">View Product</a></div><div class="product"><a href="https://www.amazon.com/dp/B0D2JFRTJY?tag=eloabder-20&linkCode=osi&th=1&psc=1"><img src="https://m.media-amazon.com/images/I/415HdLpj8pL._SL500_.jpg" alt="Product Image"></a><p>InstaRelief® Hair Growth with Lustriva® - Clinically Shown to Grow Thicker, Healthier Hair in 3 Weeks, Reduce Wrinkles and Fine Lines, with Biotin, Silicon, and Arginine, 60 Tablets</p><p>$26.98 ($0.45 / Count)</p><a href="https://www.amazon.com/dp/B0D2JFRTJY?tag=eloabder-20&linkCode=osi&th=1&psc=1">View Product</a></div><div class="product"><a href="https://www.amazon.com/dp/B0072F8D7S?tag=eloabder-20&linkCode=osi&th=1&psc=1"><img src="https://m.media-amazon.com/images/I/41j4CBYG0SL._SL500_.jpg" alt="Product Image"></a><p>Nature's Bounty Advanced Hair, Skin & Nails, Argan-Infused Vitamin Supplement with Biotin and Hyaluronic Acid, 150 Rapid Release Softgels</p><p>$10.99 ($0.07 / Count)</p><a href="https://www.amazon.com/dp/B0072F8D7S?tag=eloabder-20&linkCode=osi&th=1&psc=1">View Product</a></div><div class="product"><a href="https://www.amazon.com/dp/B0D379XS3Z?tag=eloabder-20&linkCode=osi&th=1&psc=1"><img src="https://m.media-amazon.com/images/I/41ZnobZ4taL._SL500_.jpg" alt="Product Image"></a><p>WONDERCOW Hair Skin and Nails Vitamins w/Bovine Colostrum, Collagen, Hyaluronic Acid, Biotin, Zinc, & Lactoferrin┃Supports Faster Hair Growth, Stronger Nails and Glowing Skin (30 Servings, Capsule)</p><p>$39.99 ($0.44 / Count)</p><a href="https://www.amazon.com/dp/B0D379XS3Z?tag=eloabder-20&linkCode=osi&th=1&psc=1">View Product</a></div><div class="product"><a href="https://www.amazon.com/dp/B07FJQ32BG?tag=eloabder-20&linkCode=osi&th=1&psc=1"><img src="https://m.media-amazon.com/images/I/51fT9SGmIyL._SL500_.jpg" alt="Product Image"></a><p>PURE RESEARCH Liquid Biotin & Collagen Hair Growth Drops 60,000mcg - Biotin and Liquid Collagen Supplement for Men & Women - Glowing Skin Support, Healthy Hair & Nail Growth - 2oz</p><p>$21.89 ($10.94 / Fl Oz)</p><a href="https://www.amazon.com/dp/B07FJQ32BG?tag=eloabder-20&linkCode=osi&th=1&psc=1">View Product</a></div>
<div class="product"><a href="https://www.amazon.com/dp/B07FB65182?tag=eloabder-20&linkCode=osi&th=1&psc=1"><img src="https://m.media-amazon.com/images/I/41Dof1D4sQL._SL500_.jpg" alt="Product Image"></a><p>Life Extension Skin Restoring Ceramides - Promotes Hydration & Encourages Healthy Ceramide Levels in Skin - Once-Daily Oral Supplement - Non-GMO, Gluten-Free – 30 Liquid Vegetarian Capsules</p><p>$18.75 ($0.62 / Count)</p><a href="https://www.amazon.com/dp/B07FB65182?tag=eloabder-20&linkCode=osi&th=1&psc=1">View Product</a></div><div class="product"><a href="https://www.amazon.com/dp/B07SRVJBSJ?tag=eloabder-20&linkCode=osi&th=1&psc=1"><img src="https://m.media-amazon.com/images/I/415Fg7XSFDL._SL500_.jpg" alt="Product Image"></a><p>Horbäach Hair Skin and Nails Vitamins | 300 Softgels | with Biotin and Collagen | Infused with Argan Oil and Coconut Oil | Non-GMO, Gluten Free Supplement</p><p>$16.99 ($0.06 / Count)</p><a href="https://www.amazon.com/dp/B07SRVJBSJ?tag=eloabder-20&linkCode=osi&th=1&psc=1">View Product</a></div><div class="product"><a href="https://www.amazon.com/dp/B0072F8D7S?tag=eloabder-20&linkCode=osi&th=1&psc=1"><img src="https://m.media-amazon.com/images/I/41j4CBYG0SL._SL500_.jpg" alt="Product Image"></a><p>Nature's Bounty Advanced Hair, Skin & Nails, Argan-Infused Vitamin Supplement with Biotin and Hyaluronic Acid, 150 Rapid Release Softgels</p><p>$10.99 ($0.07 / Count)</p><a href="https://www.amazon.com/dp/B0072F8D7S?tag=eloabder-20&linkCode=osi&th=1&psc=1">View Product</a></div><div class="product"><a href="https://www.amazon.com/dp/B01F7W03PM?tag=eloabder-20&linkCode=osi&th=1&psc=1"><img src="https://m.media-amazon.com/images/I/41bu2ppNdZL._SL500_.jpg" alt="Product Image"></a><p>OLLY Glowing Skin Gummy, 25 Day Supply (50 Count), Plump Berry, Hyaluronic Acid, Collagen, Sea Buckthorn, Chewable Supplement (Packaging May Vary)</p><p>$12.88 ($0.26 / Count)</p><a href="https://www.amazon.com/dp/B01F7W03PM?tag=eloabder-20&linkCode=osi&th=1&psc=1">View Product</a></div><div class="product"><a href="https://www.amazon.com/dp/B06ZZ5MGYH?tag=eloabder-20&linkCode=osi&th=1&psc=1"><img src="https://m.media-amazon.com/images/I/41ghRQjvjkL._SL500_.jpg" alt="Product Image"></a><p>OLLY Flawless Complexion Gummy, Clear and Healthy Skin Support, Vitamins E, A, Zinc, Chewable Supplement, Berry - 50 Count (Pack of 1)</p><p>$12.88 ($0.26 / Count)</p><a href="https://www.amazon.com/dp/B06ZZ5MGYH?tag=eloabder-20&linkCode=osi&th=1&psc=1">View Product</a></div><div class="product"><a href="https://www.amazon.com/dp/B0D379XS3Z?tag=eloabder-20&linkCode=osi&th=1&psc=1"><img src="https://m.media-amazon.com/images/I/41ZnobZ4taL._SL500_.jpg" alt="Product Image"></a><p>WONDERCOW Hair Skin and Nails Vitamins w/Bovine Colostrum, Collagen, Hyaluronic Acid, Biotin, Zinc, & Lactoferrin┃Supports Faster Hair Growth, Stronger Nails and Glowing Skin (30 Servings, Capsule)</p><p>$39.99 ($0.44 / Count)</p><a href="https://www.amazon.com/dp/B0D379XS3Z?tag=eloabder-20&linkCode=osi&th=1&psc=1">View Product</a></div><div class="product"><a href="https://www.amazon.com/dp/B0B3GBJJGW?tag=eloabder-20&linkCode=osi&th=1&psc=1"><img src="https://m.media-amazon.com/images/I/41h5D2kKYEL._SL500_.jpg" alt="Product Image"></a><p>Collagen Pills 1000mg Biotin 10000mcg Keratin Saw Palmetto 2500mg Hyaluronic Acid - Hair Skin and Nails Vitamins and DHT Blocker with Vitamin E Folic Acid Pumpkin Seed MSM - 90 Count</p><p>$29.95 ($0.33 / Count)</p><a href="https://www.amazon.com/dp/B0B3GBJJGW?tag=eloabder-20&linkCode=osi&th=1&psc=1">View Product</a></div><div class="product"><a href="https://www.amazon.com/dp/B07WZVX3L1?tag=eloabder-20&linkCode=osi&th=1&psc=1"><img src="https://m.media-amazon.com/images/I/41FQaGyTUlL._SL500_.jpg" alt="Product Image"></a><p>Vital Vitamins Collagen for Women & Men - Type I, II, III, V, X Multi Collagen Pills - Grass Fed, Non-GMO - 150 Capsules</p><p>$22.85 ($0.15 / Count)</p><a href="https://www.amazon.com/dp/B07WZVX3L1?tag=eloabder-20&linkCode=osi&th=1&psc=1">View Product</a></div><div class="product"><a href="https://www.amazon.com/dp/B00EEOGIWC?tag=eloabder-20&linkCode=osi&th=1&psc=1"><img src="https://m.media-amazon.com/images/I/41nrfhmSAUL._SL500_.jpg" alt="Product Image"></a><p>Phytoceramides 350mg per softgel - Plant Derived Ceramides for Healthy Skin and Hydration - Non GMO with No Fillers or Synthetic Vitamins - 30 Liquid softgels</p><p>$19.95 ($0.66 / Count)</p><a href="https://www.amazon.com/dp/B00EEOGIWC?tag=eloabder-20&linkCode=osi&th=1&psc=1">View Product</a></div>
<div class="product"><a href="https://www.amazon.com/dp/B00F644LTQ?tag=eloabder-20&linkCode=osi&th=1&psc=1"><img src="https://m.media-amazon.com/images/I/31+v2SZDagL._SL500_.jpg" alt="Product Image"></a><p>Cuccio Naturale Revitalizing- Hydrating Oil For Repaired Cuticles Overnight - Remedy For Damaged Skin And Thin Nails - Paraben /Cruelty-Free Formula - Milk And Honey - 2.5 Oz</p><p>$9.28 ($3.71 / Fl Oz)</p><a href="https://www.amazon.com/dp/B00F644LTQ?tag=eloabder-20&linkCode=osi&th=1&psc=1">View Product</a></div><div class="product"><a href="https://www.amazon.com/dp/B009SZXM4E?tag=eloabder-20&linkCode=osi&th=1&psc=1"><img src="https://m.media-amazon.com/images/I/418wJuLSwhL._SL500_.jpg" alt="Product Image"></a><p>Nature's Bounty Biotin, Supports Healthy Hair, Skin and Nails, 10,000 mcg, Rapid Release Softgels, 120 Ct</p><p>$9.99 ($0.08 / Count)</p><a href="https://www.amazon.com/dp/B009SZXM4E?tag=eloabder-20&linkCode=osi&th=1&psc=1">View Product</a></div><div class="product"><a href="https://www.amazon.com/dp/B0072F8D7S?tag=eloabder-20&linkCode=osi&th=1&psc=1"><img src="https://m.media-amazon.com/images/I/41j4CBYG0SL._SL500_.jpg" alt="Product Image"></a><p>Nature's Bounty Advanced Hair, Skin & Nails, Argan-Infused Vitamin Supplement with Biotin and Hyaluronic Acid, 150 Rapid Release Softgels</p><p>$10.99 ($0.07 / Count)</p><a href="https://www.amazon.com/dp/B0072F8D7S?tag=eloabder-20&linkCode=osi&th=1&psc=1">View Product</a></div><div class="product"><a href="https://www.amazon.com/dp/B00006MMU6?tag=eloabder-20&linkCode=osi&th=1&psc=1"><img src="https://m.media-amazon.com/images/I/41ItG2Bl1RL._SL500_.jpg" alt="Product Image"></a><p>NONYX Fungal Nail Clarifying Gel | Rids Nails of Fungus by Removing Keratin Debris Where Nail Fungus Grows | 90% of Toenails Improved Using this Toenail Fungus Treatment | 4 oz</p><p>$19.98 ($5.00 / Fl Oz)</p><a href="https://www.amazon.com/dp/B00006MMU6?tag=eloabder-20&linkCode=osi&th=1&psc=1">View Product</a></div><div class="product"><a href="https://www.amazon.com/dp/B000EH0NEC?tag=eloabder-20&linkCode=osi&th=1&psc=1"><img src="https://m.media-amazon.com/images/I/41XaFeLycBL._SL500_.jpg" alt="Product Image"></a><p>Nutra Nail 5 to 7 Day Growth Treatment - Fast Keratin Nail Hardener & Nail Strengthener for Thin Nails, Brittle & Damaged (0.47 Fl Oz)</p><p>$14.97 ($31.85 / Fl Oz)</p><a href="https://www.amazon.com/dp/B000EH0NEC?tag=eloabder-20&linkCode=osi&th=1&psc=1">View Product</a></div><div class="product"><a href="https://www.amazon.com/dp/B01D6AQR7A?tag=eloabder-20&linkCode=osi&th=1&psc=1"><img src="https://m.media-amazon.com/images/I/41ot-3xB2JL._SL500_.jpg" alt="Product Image"></a><p>Nature Made Hair Skin and Nails with Biotin 2500 mcg, Dietary Supplement For Healthy Hair Skin and Nails Support, 120 Softgels, 120 Day Supply</p><p>$18.72 ($0.16 / Count)</p><a href="https://www.amazon.com/dp/B01D6AQR7A?tag=eloabder-20&linkCode=osi&th=1&psc=1">View Product</a></div><div class="product"><a href="https://www.amazon.com/dp/B0D354DJQH?tag=eloabder-20&linkCode=osi&th=1&psc=1"><img src="https://m.media-amazon.com/images/I/31Q9PLna2VL._SL500_.jpg" alt="Product Image"></a><p>HABIT Hair, Skin & Nails Supplement (60 Capsules) - New Look, Supports Skin Hydration, Hair & Nail Strength, Biotin 2000mcg, Vitamin A & C, Hyaluronic Acid, Rosehip, Vegan, Non-GMO (1 Pack)</p><p>$7.88 ($0.13 / Count)</p><a href="https://www.amazon.com/dp/B0D354DJQH?tag=eloabder-20&linkCode=osi&th=1&psc=1">View Product</a></div><div class="product"><a href="https://www.amazon.com/dp/B0085FE170?tag=eloabder-20&linkCode=osi&th=1&psc=1"><img src="https://m.media-amazon.com/images/I/41VE8qwdVUL._SL500_.jpg" alt="Product Image"></a><p>Jason Nail Saver, Tea Tree, 0.5 Oz</p><p>$7.21 ($14.42 / Fl Oz)</p><a href="https://www.amazon.com/dp/B0085FE170?tag=eloabder-20&linkCode=osi&th=1&psc=1">View Product</a></div>
<div class="product"><a href="https://www.amazon.com/dp/B07FZ85R1Y?tag=eloabder-20&linkCode=osi&th=1&psc=1"><img src="https://m.media-amazon.com/images/I/51NlAN37ewL._SL500_.jpg" alt="Product Image"></a><p>Areds 2 Eye Vitamins - Lutein, Zeaxanthin & Bilberry Extract - Supports Eye Strain, Dry Eyes, and Vision Health - 2 Award-Winning Clinically Proven Eye Vitamin Ingredients - Carotenoid Blend</p><p>$23.97 ($0.40 / Count)</p><a href="https://www.amazon.com/dp/B07FZ85R1Y?tag=eloabder-20&linkCode=osi&th=1&psc=1">View Product</a></div><div class="product"><a href="https://www.amazon.com/dp/B0C4J8G4SB?tag=eloabder-20&linkCode=osi&th=1&psc=1"><img src="https://m.media-amazon.com/images/I/51VNHCxN5pL._SL500_.jpg" alt="Product Image"></a><p>Eye Health Vitamins with Bilberry 6000mg Lutein & Zeaxanthin 40mg Lycopene 40mg Resveratrol 3000mg Grape Seed Extract 6000mg Omega 3 4000mg Astaxanthin - Eye Vitamin - 60 Capsules</p><p>$29.95 ($0.50 / Count)</p><a href="https://www.amazon.com/dp/B0C4J8G4SB?tag=eloabder-20&linkCode=osi&th=1&psc=1">View Product</a></div><div class="product"><a href="https://www.amazon.com/dp/B00DJUK8IM?tag=eloabder-20&linkCode=osi&th=1&psc=1"><img src="https://m.media-amazon.com/images/I/51LPoH2nRnL._SL500_.jpg" alt="Product Image"></a><p>Ocuvite Eye Vitamin & Mineral Supplement, Contains Zinc, Vitamins C, E, Omega 3, Lutein, & Zeaxanthin, 90 Softgels (Packaging May Vary)</p><p>$23.47 ($0.26 / Count)</p><a href="https://www.amazon.com/dp/B00DJUK8IM?tag=eloabder-20&linkCode=osi&th=1&psc=1">View Product</a></div><div class="product"><a href="https://www.amazon.com/dp/B07LDFC8HG?tag=eloabder-20&linkCode=osi&th=1&psc=1"><img src="https://m.media-amazon.com/images/I/51bsD9T+2AL._SL500_.jpg" alt="Product Image"></a><p>NATURELO Eye Vitamins - AREDS 2 Formula Nutrients with Lutein, Zeaxanthin, Vitamin C, E, Zinc, Plus DHA - Supplement for Dry Eyes, Healthy Vision, Eye Support - 60 Vegan Capsules</p><p>$27.95 ($0.47 / Count)</p><a href="https://www.amazon.com/dp/B07LDFC8HG?tag=eloabder-20&linkCode=osi&th=1&psc=1">View Product</a></div><div class="product"><a href="https://www.amazon.com/dp/B00DJUK8HS?tag=eloabder-20&linkCode=osi&th=1&psc=1"><img src="https://m.media-amazon.com/images/I/51oBE3IVUkL._SL500_.jpg" alt="Product Image"></a><p>PreserVision AREDS 2 Eye Vitamin & Mineral Supplement, Contains Lutein, Vitamin C, Zeaxanthin, Zinc & Vitamin E, 120 Softgels (Packaging May Vary)</p><p>$31.15 ($0.26 / Count)</p><a href="https://www.amazon.com/dp/B00DJUK8HS?tag=eloabder-20&linkCode=osi&th=1&psc=1">View Product</a></div><div class="product"><a href="https://www.amazon.com/dp/B00R1MQYKU?tag=eloabder-20&linkCode=osi&th=1&psc=1"><img src="https://m.media-amazon.com/images/I/411iGreLHaL._SL500_.jpg" alt="Product Image"></a><p>PURE SYNERGY Eye Protector | 100% Natural, Vegan Eye Health Supplement | Advanced Eye Nutrients with Organic Astaxanthin, Lutein, & Zeaxanthin | for Healthy Vision (60 Capsules)</p><p>$40.00 ($0.67 / Count)</p><a href="https://www.amazon.com/dp/B00R1MQYKU?tag=eloabder-20&linkCode=osi&th=1&psc=1">View Product</a></div><div class="product"><a href="https://www.amazon.com/dp/B0CGRYBQ2J?tag=eloabder-20&linkCode=osi&th=1&psc=1"><img src="https://m.media-amazon.com/images/I/51Hxps2kajL._SL500_.jpg" alt="Product Image"></a><p>Garden of Life Herbals Eye Health Supplement with Sunflower & Safflower Oil, Lutein, Zeaxanthin & Black Currant for Dry Eyes & Healthy Vision Support – Non-GMO, Gluten-Free, Berry Flavor, 30 Servings</p><p>$28.20 ($0.94 / Count)</p><a href="https://www.amazon.com/dp/B0CGRYBQ2J?tag=eloabder-20&linkCode=osi&th=1&psc=1">View Product</a></div><div class="product"><a href="https://www.amazon.com/dp/B0D1YTTB7L?tag=eloabder-20&linkCode=osi&th=1&psc=1"><img src="https://m.media-amazon.com/images/I/51Aqqv8Pw-L._SL500_.jpg" alt="Product Image"></a><p>NEW AGE Eye Health Vitamins with Bilberry 6000mg Lutein & Zeaxanthin 40mg Lycopene 40mg Resveratrol 3000mg Grape Seed Extract 6000mg Astaxanthin - Eye Vitamin -120 Count</p><p>$32.95 ($0.27 / Count)</p><a href="https://www.amazon.com/dp/B0D1YTTB7L?tag=eloabder-20&linkCode=osi&th=1&psc=1">View Product</a></div><div class="product"><a href="https://www.amazon.com/dp/B01HFREINK?tag=eloabder-20&linkCode=osi&th=1&psc=1"><img src="https://m.media-amazon.com/images/I/41oabUYNEhL._SL500_.jpg" alt="Product Image"></a><p>Life Extension MacuGuard Ocular Support with Saffron – Eye Health Supplement for Healthy Vision – with lutein, meso-zeaxanthin, zeaxanthin, saffron – Gluten-free, Non-GMO – 60 softgels</p><p>$18.00 ($0.30 / Count)</p><a href="https://www.amazon.com/dp/B01HFREINK?tag=eloabder-20&linkCode=osi&th=1&psc=1">View Product</a></div>
<div class="product"><a href="https://www.amazon.com/dp/B07S1BZXVW?tag=eloabder-20&linkCode=osi&th=1&psc=1"><img src="https://m.media-amazon.com/images/I/41KfCe6maEL._SL500_.jpg" alt="Product Image"></a><p>HealthA2Z® Allergy Relief | Cetirizine 10mg | All Day Allergy Relief | Indoor & Outdoor | Relief from Itchy Throat, Sneezing, Runny Noses (250 Count (Pack of 1))</p><p>$8.75 ($0.04 / Count)</p><a href="https://www.amazon.com/dp/B07S1BZXVW?tag=eloabder-20&linkCode=osi&th=1&psc=1">View Product</a></div><div class="product"><a href="https://www.amazon.com/dp/B074F19XB8?tag=eloabder-20&linkCode=osi&th=1&psc=1"><img src="https://m.media-amazon.com/images/I/412oY-CSVJL._SL500_.jpg" alt="Product Image"></a><p>Amazon Basic Care Complete Allergy Relief, Diphenhydramine HCl 25 mg, Relieves Symptoms, Antihistamine Tablets, 400 Count</p><p>$7.64 ($0.02 / Count)</p><a href="https://www.amazon.com/dp/B074F19XB8?tag=eloabder-20&linkCode=osi&th=1&psc=1">View Product</a></div><div class="product"><a href="https://www.amazon.com/dp/B087CBHR9W?tag=eloabder-20&linkCode=osi&th=1&psc=1"><img src="https://m.media-amazon.com/images/I/41+XRnnkAXL._SL500_.jpg" alt="Product Image"></a><p>HealthA2Z Fexofenadine Hydrochloride 180mg, Antihistamine for Allergy Relief, Non-Drowsy, 24-Hour Antihistamine for Allergy Relief (120 Count (Pack of 1))</p><p>$21.25 ($0.18 / Count)</p><a href="https://www.amazon.com/dp/B087CBHR9W?tag=eloabder-20&linkCode=osi&th=1&psc=1">View Product</a></div><div class="product"><a href="https://www.amazon.com/dp/B00HE66ZUC?tag=eloabder-20&linkCode=osi&th=1&psc=1"><img src="https://m.media-amazon.com/images/I/510MmBSuAfL._SL500_.jpg" alt="Product Image"></a><p>GoodSense Allergy Relief Loratadine Tablets 10 mg, Compare to Claritin, Antihistamine, 24 Hour Allergy Relief, 365 Count</p><p>$12.99 ($0.04 / Count)</p><a href="https://www.amazon.com/dp/B00HE66ZUC?tag=eloabder-20&linkCode=osi&th=1&psc=1">View Product</a></div><div class="product"><a href="https://www.amazon.com/dp/B074F18H5N?tag=eloabder-20&linkCode=osi&th=1&psc=1"><img src="https://m.media-amazon.com/images/I/41SMpawpNjL._SL500_.jpg" alt="Product Image"></a><p>Amazon Basic Care Allergy Relief Loratadine Tablets 10 mg, 300 Count</p><p>$16.72 ($0.06 / Count)</p><a href="https://www.amazon.com/dp/B074F18H5N?tag=eloabder-20&linkCode=osi&th=1&psc=1">View Product</a></div><div class="product"><a href="https://www.amazon.com/dp/B083VVT61S?tag=eloabder-20&linkCode=osi&th=1&psc=1"><img src="https://m.media-amazon.com/images/I/41BJ8O5m3RL._SL500_.jpg" alt="Product Image"></a><p>Amazon Basic Care 24 Hour Allergy Relief, Levocetirizine Dihydrochloride Tablets, 5 mg, Antihistamine, Relieves Sneezing, Runny Nose, Itchy Nose or Throat and Itchy, Watery Eyes, 80 Count</p><p>$16.31 ($0.20 / Count)</p><a href="https://www.amazon.com/dp/B083VVT61S?tag=eloabder-20&linkCode=osi&th=1&psc=1">View Product</a></div><div class="product"><a href="https://www.amazon.com/dp/B087Z6TKD9?tag=eloabder-20&linkCode=osi&th=1&psc=1"><img src="https://m.media-amazon.com/images/I/41hMESBq3wL._SL500_.jpg" alt="Product Image"></a><p>HealthA2Z® Allergy Relief | Loratadine 10mg | Antihistamine | Non-Drowsy | Relief from Itchy Throat, Sneezing, Runny Noses | 24-Hours Allergy Medicine (300 Tablets)</p><p>$12.45 ($0.04 / Count)</p><a href="https://www.amazon.com/dp/B087Z6TKD9?tag=eloabder-20&linkCode=osi&th=1&psc=1">View Product</a></div><div class="product"><a href="https://www.amazon.com/dp/B002ZX8X2C?tag=eloabder-20&linkCode=osi&th=1&psc=1"><img src="https://m.media-amazon.com/images/I/41ZzxDs5LOL._SL500_.jpg" alt="Product Image"></a><p>berkley jensen 24 Hour Allergy Relief (365-Count), 10 mg Cetirizine Hydrochloride Antihistamine - Fast Allergy Medicine for Indoor & Outdoor Allergies, Easy-Swallow Tablets, Compare to Zyrtec</p><p>$15.48 ($0.04 / Count)</p><a href="https://www.amazon.com/dp/B002ZX8X2C?tag=eloabder-20&linkCode=osi&th=1&psc=1">View Product</a></div><div class="product"><a href="https://www.amazon.com/dp/B07KFPLDGB?tag=eloabder-20&linkCode=osi&th=1&psc=1"><img src="https://m.media-amazon.com/images/I/41OAP+hMYjL._SL500_.jpg" alt="Product Image"></a><p>ValuMeds 24-Hour Allergy Medicine (300-Count) Antihistamine for Pollen, Hay Fever, Dry, Itchy Eyes, Allergies | Cetirizine HCl 10mg Caplets, Compare to Zyrtec</p><p>$19.99 ($0.07 / Count)</p><a href="https://www.amazon.com/dp/B07KFPLDGB?tag=eloabder-20&linkCode=osi&th=1&psc=1">View Product</a></div><div class="product"><a href="https://www.amazon.com/dp/B07TBPNT1F?tag=eloabder-20&linkCode=osi&th=1&psc=1"><img src="https://m.media-amazon.com/images/I/41I4wuxq+WL._SL500_.jpg" alt="Product Image"></a><p>Rite Aid Antihistamine Allergy Relief with Diphenhydramine | Allergy Medicine | Easy-to-Swallow Small Tablet Size Allergy Relief | Common Cold & Respiratory Allergy Medication (365 Count)</p><p>$13.99 ($0.04 / Count)</p><a href="https://www.amazon.com/dp/B07TBPNT1F?tag=eloabder-20&linkCode=osi&th=1&psc=1">View Product</a></div>
<div class="product"><a href="https://www.amazon.com/dp/B074F2H9VT?tag=eloabder-20&linkCode=osi&th=1&psc=1"><img src="https://m.media-amazon.com/images/I/31h55XAq3BL._SL500_.jpg" alt="Product Image"></a><p>Amazon Basic Care Extra Strength Pain Relief, Acetaminophen Caplets, 500 mg, 200 Count</p><p>$4.79 ($0.02 / Count)</p><a href="https://www.amazon.com/dp/B074F2H9VT?tag=eloabder-20&linkCode=osi&th=1&psc=1">View Product</a></div><div class="product"><a href="https://www.amazon.com/dp/B0BTMWW333?tag=eloabder-20&linkCode=osi&th=1&psc=1"><img src="https://m.media-amazon.com/images/I/515qvsGXGOL._SL500_.jpg" alt="Product Image"></a><p>Absorbine Jr. PRO Maximum Strength Lidocaine Roll-On for Fast Nerve and Muscle Pain Relief</p><p>$12.97 ($5.19 / Ounce)</p><a href="https://www.amazon.com/dp/B0BTMWW333?tag=eloabder-20&linkCode=osi&th=1&psc=1">View Product</a></div><div class="product"><a href="https://www.amazon.com/dp/B01AB4U6PI?tag=eloabder-20&linkCode=osi&th=1&psc=1"><img src="https://m.media-amazon.com/images/I/41rff0KTJnL._SL500_.jpg" alt="Product Image"></a><p>Salonpas Pain Relieving Patch for Back, Neck, Shoulder, Knee Pain and Muscle Soreness - 8 Hour Pain Relief - 60 Count</p><p>$10.34 ($0.17 / Count)</p><a href="https://www.amazon.com/dp/B01AB4U6PI?tag=eloabder-20&linkCode=osi&th=1&psc=1">View Product</a></div><div class="product"><a href="https://www.amazon.com/dp/B00L45KPG4?tag=eloabder-20&linkCode=osi&th=1&psc=1"><img src="https://m.media-amazon.com/images/I/41H-+cQjC8L._SL500_.jpg" alt="Product Image"></a><p>Bayer Extra Strength 500mg Aspirin Plus Caffeine for Powerful Pain Relief, 200 Coated Caplets</p><p>$17.17 ($0.09 / Count)</p><a href="https://www.amazon.com/dp/B00L45KPG4?tag=eloabder-20&linkCode=osi&th=1&psc=1">View Product</a></div><div class="product"><a href="https://www.amazon.com/dp/B074F297T8?tag=eloabder-20&linkCode=osi&th=1&psc=1"><img src="https://m.media-amazon.com/images/I/41LYjDMDVUL._SL500_.jpg" alt="Product Image"></a><p>Amazon Basic Care Ibuprofen Tablets 200 mg, Pain Reliever/Fever Reducer, Body Aches, Headache, Arthritis Pain Relief and More, 500 Count (Pack of 1)</p><p>$9.01 ($0.02 / Count)</p><a href="https://www.amazon.com/dp/B074F297T8?tag=eloabder-20&linkCode=osi&th=1&psc=1">View Product</a></div><div class="product"><a href="https://www.amazon.com/dp/B01HI7WP0U?tag=eloabder-20&linkCode=osi&th=1&psc=1"><img src="https://m.media-amazon.com/images/I/41W2gWWMMvL._SL500_.jpg" alt="Product Image"></a><p>Tylenol Extra Strength Acetaminophen Rapid Release Gels, Pain Reliever & Fever Reducer, 100 ct</p><p>$10.60 ($0.11 / Count)</p><a href="https://www.amazon.com/dp/B01HI7WP0U?tag=eloabder-20&linkCode=osi&th=1&psc=1">View Product</a></div><div class="product"><a href="https://www.amazon.com/dp/B01LXFEY6H?tag=eloabder-20&linkCode=osi&th=1&psc=1"><img src="https://m.media-amazon.com/images/I/31hLnewBXIL._SL500_.jpg" alt="Product Image"></a><p>Biofreeze Pain Relief Gel, Arthritis Pain Reliver, Knee & Lower Back Pain Relief, Sore Muscle Relief, Neck Pain Relief, Pharmacist Recommended, FSA Eligible, 3 FL OZ Biofreeze Menthol Gel</p><p>$10.03 ($3.34 / Ounce)</p><a href="https://www.amazon.com/dp/B01LXFEY6H?tag=eloabder-20&linkCode=osi&th=1&psc=1">View Product</a></div><div class="product"><a href="https://www.amazon.com/dp/B074F2FSX4?tag=eloabder-20&linkCode=osi&th=1&psc=1"><img src="https://m.media-amazon.com/images/I/41NsmqTCfVL._SL500_.jpg" alt="Product Image"></a><p>Amazon Basic Care Naproxen Sodium Tablets 220 mg, Pain Reliever/Fever Reducer (NSAID), Muscular Aches, Backache, Headache, Toothache, Minor Arthritis Pain Relief and More, 300 Count</p><p>$14.99 ($0.05 / Count)</p><a href="https://www.amazon.com/dp/B074F2FSX4?tag=eloabder-20&linkCode=osi&th=1&psc=1">View Product</a></div><div class="product"><a href="https://www.amazon.com/dp/B0077VYSYY?tag=eloabder-20&linkCode=osi&th=1&psc=1"><img src="https://m.media-amazon.com/images/I/41SHrlfMFdL._SL500_.jpg" alt="Product Image"></a><p>Tylenol 8 Hour Arthritis Pain Tablets with Acetaminophen for Joint Pain, 100 ct</p><p>$9.99 ($0.10 / Count)</p><a href="https://www.amazon.com/dp/B0077VYSYY?tag=eloabder-20&linkCode=osi&th=1&psc=1">View Product</a></div>
<div class="product"><a href="https://www.amazon.com/dp/B000069EYA?tag=eloabder-20&linkCode=osi&th=1&psc=1"><img src="https://m.media-amazon.com/images/I/51aUpEuI0cL._SL500_.jpg" alt="Product Image"></a><p>First Aid Only 299 Piece All-Purpose First Aid Emergency Kit (FAO-442)</p><p>$20.58</p><a href="https://www.amazon.com/dp/B000069EYA?tag=eloabder-20&linkCode=osi&th=1&psc=1">View Product</a></div><div class="product"><a href="https://www.amazon.com/dp/B0B8Z3VD43?tag=eloabder-20&linkCode=osi&th=1&psc=1"><img src="https://m.media-amazon.com/images/I/51ApEh5sEWL._SL500_.jpg" alt="Product Image"></a><p>Car First Aid Kits 275Pcs Survival Gear Home Travel Size Small Emergency Kit Tactical Hiking EVA Camping Essentials Backpack Sports Office Boat Urgent Accident</p><p>$18.99 ($0.07 / Count)</p><a href="https://www.amazon.com/dp/B0B8Z3VD43?tag=eloabder-20&linkCode=osi&th=1&psc=1">View Product</a></div><div class="product"><a href="https://www.amazon.com/dp/B07KRMQ8W6?tag=eloabder-20&linkCode=osi&th=1&psc=1"><img src="https://m.media-amazon.com/images/I/31-2HjYAfiL._SL500_.jpg" alt="Product Image"></a><p>Bactine MAX First Aid Spray - Pain Relief Cleansing Spray with 4% Lidocaine - Numbing Lidocaine Spray Kills 99.9% of Germs - Pain + Itch Relief for Minor Cuts & Scrapes, Burns & Bug Bites - 5oz</p><p>$5.30 ($1.06 / Fl Oz)</p><a href="https://www.amazon.com/dp/B07KRMQ8W6?tag=eloabder-20&linkCode=osi&th=1&psc=1">View Product</a></div><div class="product"><a href="https://www.amazon.com/dp/B08P28JYCR?tag=eloabder-20&linkCode=osi&th=1&psc=1"><img src="https://m.media-amazon.com/images/I/51m0p4thWvL._SL500_.jpg" alt="Product Image"></a><p>First Aid Only OSHA-Compliant All-Purpose 100-Person Emergency First Aid Kit for Home, Work, and Travel, 335 Pieces</p><p>$35.91</p><a href="https://www.amazon.com/dp/B08P28JYCR?tag=eloabder-20&linkCode=osi&th=1&psc=1">View Product</a></div><div class="product"><a href="https://www.amazon.com/dp/B0C9M3VMD5?tag=eloabder-20&linkCode=osi&th=1&psc=1"><img src="https://m.media-amazon.com/images/I/51Ef845LRAL._SL500_.jpg" alt="Product Image"></a><p>Poygik Premium 420 Piece Large First Aid Kit for Home, Car, Travel, Camping, Truck, Hiking, Sports, Office, Vehicle & Outdoor Emergencies - Emergency Medical Kits, Businesses & Home Medical Supplies</p><p>$46.95 ($46.95 / Count)</p><a href="https://www.amazon.com/dp/B0C9M3VMD5?tag=eloabder-20&linkCode=osi&th=1&psc=1">View Product</a></div><div class="product"><a href="https://www.amazon.com/dp/B0CTWC3BMM?tag=eloabder-20&linkCode=osi&th=1&psc=1"><img src="https://m.media-amazon.com/images/I/41ZkaH5xAyL._SL500_.jpg" alt="Product Image"></a><p>Welly First Aid Kit - Adhesive Bandages in Flexible Fabric and Waterproof, Singe Use Ointments (Triple Antibiotic, Cleansing Wipes and Hydrocortisone) - 70 Count</p><p>$13.99 ($0.20 / Count)</p><a href="https://www.amazon.com/dp/B0CTWC3BMM?tag=eloabder-20&linkCode=osi&th=1&psc=1">View Product</a></div><div class="product"><a href="https://www.amazon.com/dp/B01LX9UR77?tag=eloabder-20&linkCode=osi&th=1&psc=1"><img src="https://m.media-amazon.com/images/I/51A7ljiKvAL._SL500_.jpg" alt="Product Image"></a><p>Ever Ready First Aid Self Adherent Cohesive Bandages 3" x 5 Yards - 6 Count, Rainbow Colors</p><p>$9.95 ($1.66 / Count)</p><a href="https://www.amazon.com/dp/B01LX9UR77?tag=eloabder-20&linkCode=osi&th=1&psc=1">View Product</a></div><div class="product"><a href="https://www.amazon.com/dp/B0C17MKP1S?tag=eloabder-20&linkCode=osi&th=1&psc=1"><img src="https://m.media-amazon.com/images/I/41If81FeQFL._SL500_.jpg" alt="Product Image"></a><p>Mini First Aid Kit, 100 Pieces Water-Resistant Hard Shell Small Case - Perfect for Travel, Outdoor, Home, Office, Camping, Hiking, Car (Red)</p><p>$12.99 ($0.13 / Count)</p><a href="https://www.amazon.com/dp/B0C17MKP1S?tag=eloabder-20&linkCode=osi&th=1&psc=1">View Product</a></div>
<div class="product"><a href="https://www.amazon.com/dp/B0019FHWPQ?tag=eloabder-20&linkCode=osi&th=1&psc=1"><img src="https://m.media-amazon.com/images/I/31Qs02lFNDL._SL500_.jpg" alt="Product Image"></a><p>Medline Skintegrity Wound Cleanser, 8 ounce Spray Bottle, for wound cleaning, debridement, removing protein, pressure injuries, infected wounds, spray can be adjusted from mist to stream,White</p><p>$9.99 ($1.25 / Ounce)</p><a href="https://www.amazon.com/dp/B0019FHWPQ?tag=eloabder-20&linkCode=osi&th=1&psc=1">View Product</a></div><div class="product"><a href="https://www.amazon.com/dp/B07KRMQ8W6?tag=eloabder-20&linkCode=osi&th=1&psc=1"><img src="https://m.media-amazon.com/images/I/31-2HjYAfiL._SL500_.jpg" alt="Product Image"></a><p>Bactine MAX First Aid Spray - Pain Relief Cleansing Spray with 4% Lidocaine - Numbing Lidocaine Spray Kills 99.9% of Germs - Pain + Itch Relief for Minor Cuts & Scrapes, Burns & Bug Bites - 5oz</p><p>$5.30 ($1.06 / Fl Oz)</p><a href="https://www.amazon.com/dp/B07KRMQ8W6?tag=eloabder-20&linkCode=osi&th=1&psc=1">View Product</a></div><div class="product"><a href="https://www.amazon.com/dp/B09V3GHJYF?tag=eloabder-20&linkCode=osi&th=1&psc=1"><img src="https://m.media-amazon.com/images/I/41DjaWOgweL._SL500_.jpg" alt="Product Image"></a><p>Absorbine Silver Honey Rapid Wound Repair Ointment 2oz Tube, Medical Grade Manuka Honey & MicroSilver BG</p><p>$23.36 ($11.68 / Ounce)</p><a href="https://www.amazon.com/dp/B09V3GHJYF?tag=eloabder-20&linkCode=osi&th=1&psc=1">View Product</a></div><div class="product"><a href="https://www.amazon.com/dp/B007EBRA6A?tag=eloabder-20&linkCode=osi&th=1&psc=1"><img src="https://m.media-amazon.com/images/I/31XNtfz6-lL._SL500_.jpg" alt="Product Image"></a><p>Improved Medihoney Gel Wound and & Burn Dressing from Derma Sciences, 0.5 oz,</p><p>$7.65 ($15.30 / Fl Oz)</p><a href="https://www.amazon.com/dp/B007EBRA6A?tag=eloabder-20&linkCode=osi&th=1&psc=1">View Product</a></div><div class="product"><a href="https://www.amazon.com/dp/B07FYDFGVD?tag=eloabder-20&linkCode=osi&th=1&psc=1"><img src="https://m.media-amazon.com/images/I/515p26GgPxL._SL500_.jpg" alt="Product Image"></a><p>All Health Wound Care Kit, 40 Items | For Small to Medium Sized Wounds</p><p>$7.41</p><a href="https://www.amazon.com/dp/B07FYDFGVD?tag=eloabder-20&linkCode=osi&th=1&psc=1">View Product</a></div><div class="product"><a href="https://www.amazon.com/dp/B00EC6DE7Y?tag=eloabder-20&linkCode=osi&th=1&psc=1"><img src="https://m.media-amazon.com/images/I/41BlVTkyTCL._SL500_.jpg" alt="Product Image"></a><p>NeilMed Cleanse Sterile Saline Wound Wash, 6.3 Ounce</p><p>$5.98 ($1.00 / Fl Oz)</p><a href="https://www.amazon.com/dp/B00EC6DE7Y?tag=eloabder-20&linkCode=osi&th=1&psc=1">View Product</a></div><div class="product"><a href="https://www.amazon.com/dp/B00164IIUI?tag=eloabder-20&linkCode=osi&th=1&psc=1"><img src="https://m.media-amazon.com/images/I/51vsE2VasGL._SL500_.jpg" alt="Product Image"></a><p>Neosporin Original Antibiotic Ointment, 24-Hour Infection Prevention for Minor Wound, .5 oz</p><p>$4.87 ($9.74 / Ounce)</p><a href="https://www.amazon.com/dp/B00164IIUI?tag=eloabder-20&linkCode=osi&th=1&psc=1">View Product</a></div><div class="product"><a href="https://www.amazon.com/dp/B07964SRBL?tag=eloabder-20&linkCode=osi&th=1&psc=1"><img src="https://m.media-amazon.com/images/I/31BpDfWNr6L._SL500_.jpg" alt="Product Image"></a><p>Be Smart Get Prepared SILVEX Wound Gel</p><p>$8.12 ($16.24 / Ounce)</p><a href="https://www.amazon.com/dp/B07964SRBL?tag=eloabder-20&linkCode=osi&th=1&psc=1">View Product</a></div><div class="product"><a href="https://www.amazon.com/dp/B019660RPG?tag=eloabder-20&linkCode=osi&th=1&psc=1"><img src="https://m.media-amazon.com/images/I/41wsMk2hIZL._SL500_.jpg" alt="Product Image"></a><p>Vashe Wound Solution OTC | Pure Hypochlorous Acid-Preserved Wound Cleanser | Home Wound Care | Non-Cytotoxic and Skin-Neutral pH | 8.5 Fl Oz</p><p>$23.99</p><a href="https://www.amazon.com/dp/B019660RPG?tag=eloabder-20&linkCode=osi&th=1&psc=1">View Product</a></div><div class="product"><a href="https://www.amazon.com/dp/B09N1R2WSS?tag=eloabder-20&linkCode=osi&th=1&psc=1"><img src="https://m.media-amazon.com/images/I/31Y2u8YVFiL._SL500_.jpg" alt="Product Image"></a><p>Band-Aid Brand Pain Relieving Antiseptic Cleansing Spray, Pramoxine HCl, 8 fl. Oz</p><p>$8.48 ($1.06 / Fl Oz)</p><a href="https://www.amazon.com/dp/B09N1R2WSS?tag=eloabder-20&linkCode=osi&th=1&psc=1">View Product</a></div>
<div class="product"><a href="https://www.amazon.com/dp/B0B1N47758?tag=eloabder-20&linkCode=osi&th=1&psc=1"><img src="https://m.media-amazon.com/images/I/517wH3I79AL._SL500_.jpg" alt="Product Image"></a><p>LifeVac Yellow Travel Kit 2 Pack - Portable Suction Rescue Device, First Aid Kit for Kids and Adults, Portable Airway Suction Device for Children and Adults</p><p>$139.99 ($70.00 / Count)</p><a href="https://www.amazon.com/dp/B0B1N47758?tag=eloabder-20&linkCode=osi&th=1&psc=1">View Product</a></div>





<div class="product"><a href="https://www.amazon.com/dp/B08PC8JT3J?tag=eloabder-20&linkCode=osi&th=1&psc=1"><img src="https://m.media-amazon.com/images/I/51idsshbHDL._SL500_.jpg" alt="Product Image"></a><p>Inspire Adult Wet Wipes Adult Wash Cloths, Adult Wipes for Incontinence & Cleansing, 8"x12" 600 Count 12 packs of 50</p><p>$35.99 ($0.06 / Count)</p><a href="https://www.amazon.com/dp/B08PC8JT3J?tag=eloabder-20&linkCode=osi&th=1&psc=1">View Product</a></div><div class="product"><a href="https://www.amazon.com/dp/B09XQ7YPK7?tag=eloabder-20&linkCode=osi&th=1&psc=1"><img src="https://m.media-amazon.com/images/I/41kXzibW-CL._SL500_.jpg" alt="Product Image"></a><p>QuickChange Men's Incontinence Wrap, Maximum Absorbency Catheter Alternative for Males with Reduced Mobility | 17 Ounce Capacity, Adjustable Size, 50-Count</p><p>$59.99 ($1.20 / Count)</p><a href="https://www.amazon.com/dp/B09XQ7YPK7?tag=eloabder-20&linkCode=osi&th=1&psc=1">View Product</a></div><div class="product"><a href="https://www.amazon.com/dp/B093WPMHR6?tag=eloabder-20&linkCode=osi&th=1&psc=1"><img src="https://m.media-amazon.com/images/I/41w8i-oy11L._SL500_.jpg" alt="Product Image"></a><p>Amazon Basics Incontinence & Postpartum Underwear for Women, Maximum Absorbency, Large, 18 Count, Lavender (Previously Solimo)</p><p>$13.74 ($0.76 / Count)</p><a href="https://www.amazon.com/dp/B093WPMHR6?tag=eloabder-20&linkCode=osi&th=1&psc=1">View Product</a></div><div class="product"><a href="https://www.amazon.com/dp/B00JEMQ48C?tag=eloabder-20&linkCode=osi&th=1&psc=1"><img src="https://m.media-amazon.com/images/I/31Em5Ofa3CL._SL500_.jpg" alt="Product Image"></a><p>McKesson Perineal Skin Cleanser, Rinse-Free, Fresh Scent, 8 oz, 1 Count</p><p>$5.40 ($0.68 / Ounce)</p><a href="https://www.amazon.com/dp/B00JEMQ48C?tag=eloabder-20&linkCode=osi&th=1&psc=1">View Product</a></div><div class="product"><a href="https://www.amazon.com/dp/B081VRG3NK?tag=eloabder-20&linkCode=osi&th=1&psc=1"><img src="https://m.media-amazon.com/images/I/51ta38t5qwL._SL500_.jpg" alt="Product Image"></a><p>Chucks Pads Disposable [50-Pack] Underpads 23x36 Incontinence Chux Pads Absorbent Fluff Protective Bed Pads, Pee Pads for Babies, Kids, Adults & Elderly | Puppy Pads Large for Training Leak Proof</p><p>$18.99 ($0.38 / Count)</p><a href="https://www.amazon.com/dp/B081VRG3NK?tag=eloabder-20&linkCode=osi&th=1&psc=1">View Product</a></div><div class="product"><a href="https://www.amazon.com/dp/B0154QEQ4K?tag=eloabder-20&linkCode=osi&th=1&psc=1"><img src="https://m.media-amazon.com/images/I/51T-p8eok-L._SL500_.jpg" alt="Product Image"></a><p>Poise Incontinence Pads & Postpartum Incontinence Pads, 6 Drop Ultimate Absorbency, Long Length, 90 Count, Packaging May Vary</p><p>$45.84 ($0.51 / Count)</p><a href="https://www.amazon.com/dp/B0154QEQ4K?tag=eloabder-20&linkCode=osi&th=1&psc=1">View Product</a></div><div class="product"><a href="https://www.amazon.com/dp/B07VT713MY?tag=eloabder-20&linkCode=osi&th=1&psc=1"><img src="https://m.media-amazon.com/images/I/41cG03xuMgL._SL500_.jpg" alt="Product Image"></a><p>Inspire Waterproof Mattress Protector, Dark Colored to Hide Stains, Extra Large 34 x 54 – Quilted, Bed Pad for Incontinence Washable, for Adults and Kids Reusable Underpad | Waterproof Mattress Pad</p><p>$19.99</p><a href="https://www.amazon.com/dp/B07VT713MY?tag=eloabder-20&linkCode=osi&th=1&psc=1">View Product</a></div><div class="product"><a href="https://www.amazon.com/dp/B07ZJ59SZZ?tag=eloabder-20&linkCode=osi&th=1&psc=1"><img src="https://m.media-amazon.com/images/I/410WNpP4-DL._SL500_.jpg" alt="Product Image"></a><p>Conkote Heavy Absorbency Bed Pads, 34"X36" (4 Pack), Washable and Reusable Incontinence Underpads, Waterproof Sheet and Mattress Protectors</p><p>$27.98 ($7.00 / Count)</p><a href="https://www.amazon.com/dp/B07ZJ59SZZ?tag=eloabder-20&linkCode=osi&th=1&psc=1">View Product</a></div>
<div class="product"><a href="https://www.amazon.com/dp/B000QXH4PK?tag=eloabder-20&linkCode=osi&th=1&psc=1"><img src="https://m.media-amazon.com/images/I/41SXL+-YzcL._SL500_.jpg" alt="Product Image"></a><p>Listerine Cool Mint Pocketpaks Breath Strips Kills Bad Breath Germs, 24-Strip Pack, 3 Pack</p><p>$5.72 ($0.08 / Count)</p><a href="https://www.amazon.com/dp/B000QXH4PK?tag=eloabder-20&linkCode=osi&th=1&psc=1">View Product</a></div><div class="product"><a href="https://www.amazon.com/dp/B07MN8ZD21?tag=eloabder-20&linkCode=osi&th=1&psc=1"><img src="https://m.media-amazon.com/images/I/41k+ga9d6lL._SL500_.jpg" alt="Product Image"></a><p>Shower Body Wipes, 40 Individually Wrapped Personal Hygiene Body Wipes for Women and Men, Keep Clean After Gym Travel Camping Outdoors Sports</p><p>$31.99 ($0.80 / Count)</p><a href="https://www.amazon.com/dp/B07MN8ZD21?tag=eloabder-20&linkCode=osi&th=1&psc=1">View Product</a></div><div class="product"><a href="https://www.amazon.com/dp/B01NAPQ4QP?tag=eloabder-20&linkCode=osi&th=1&psc=1"><img src="https://m.media-amazon.com/images/I/4152qGLcyHL._SL500_.jpg" alt="Product Image"></a><p>DUDE Wipes - Flushable Wipes - 3 Pack, 144 Wipes - Unscented Extra-Large Adult Wet Wipes - Vitamin-E & Aloe - Septic and Sewer Safe</p><p>$8.98 ($0.06 / Count)</p><a href="https://www.amazon.com/dp/B01NAPQ4QP?tag=eloabder-20&linkCode=osi&th=1&psc=1">View Product</a></div><div class="product"><a href="https://www.amazon.com/dp/B07ND52767?tag=eloabder-20&linkCode=osi&th=1&psc=1"><img src="https://m.media-amazon.com/images/I/41XJ-oRrZCL._SL500_.jpg" alt="Product Image"></a><p>Nice 'N Clean Adult Flushable Wipes (3 x 60 Count) | Personal Cleansing Wipes Made from Plant-Based Fibers | Infused with Aloe & Vitamin E</p><p>$8.98 ($4.99 / 100 Sheets)</p><a href="https://www.amazon.com/dp/B07ND52767?tag=eloabder-20&linkCode=osi&th=1&psc=1">View Product</a></div><div class="product"><a href="https://www.amazon.com/dp/B091MBD3Q3?tag=eloabder-20&linkCode=osi&th=1&psc=1"><img src="https://m.media-amazon.com/images/I/51y96dNQUfL._SL500_.jpg" alt="Product Image"></a><p>GuruNanda Stainless Steel Tongue Scraper (Pack of 2), Fight Bad Breath, Medical Grade 100% Stainless Steel Tongue Cleaner, Tongue Scraper For Adults and Kids, Great For Oral Care, Travel Friendly</p><p>$4.97 ($2.48 / Count)</p><a href="https://www.amazon.com/dp/B091MBD3Q3?tag=eloabder-20&linkCode=osi&th=1&psc=1">View Product</a></div><div class="product"><a href="https://www.amazon.com/dp/B07T755C1P?tag=eloabder-20&linkCode=osi&th=1&psc=1"><img src="https://m.media-amazon.com/images/I/41ChCZkZDzL._SL500_.jpg" alt="Product Image"></a><p>Vagisil Feminine Wash for Intimate Area Hygiene, Scentsitive Scents, pH Balanced and Gynecologist Tested, White Jasmine, 12 oz (Pack of 3)</p><p>$12.29 ($0.34 / Fl Oz)</p><a href="https://www.amazon.com/dp/B07T755C1P?tag=eloabder-20&linkCode=osi&th=1&psc=1">View Product</a></div><div class="product"><a href="https://www.amazon.com/dp/B00IRKRK9O?tag=eloabder-20&linkCode=osi&th=1&psc=1"><img src="https://m.media-amazon.com/images/I/51oNh1DLVjL._SL500_.jpg" alt="Product Image"></a><p>TheraBreath Fresh Breath Mouthwash, Icy Mint Flavor, Alcohol-Free, 16 Fl Oz (Pack of 2)</p><p>$15.34 ($0.48 / Fl Oz)</p><a href="https://www.amazon.com/dp/B00IRKRK9O?tag=eloabder-20&linkCode=osi&th=1&psc=1">View Product</a></div><div class="product"><a href="https://www.amazon.com/dp/B0BYSJ59PH?tag=eloabder-20&linkCode=osi&th=1&psc=1"><img src="https://m.media-amazon.com/images/I/41fN7Aq0YsL._SL500_.jpg" alt="Product Image"></a><p>Portable Peri Bottle for Postpartum & Perineal Care: Easy@Home Handheld Bidet Perfect for Personal Hygiene Cleaning & Travel Friendly | 380ml Leakproof & Convenient Design | EPB-01 Purple</p><p>$13.99 ($13.99 / Count)</p><a href="https://www.amazon.com/dp/B0BYSJ59PH?tag=eloabder-20&linkCode=osi&th=1&psc=1">View Product</a></div>

<div class="product"><a href="https://www.amazon.com/dp/B0D8653XMT?tag=eloabder-20&linkCode=osi&th=1&psc=1"><img src="https://m.media-amazon.com/images/I/51LfElbmYYL._SL500_.jpg" alt="Product Image"></a><p>Gazeer 3 Pack Microfiber Cleaning Pads Compatible with All Bona Mops, Safe for Hardwood and Hard-Surface Floors,Washable, Reusable</p><p>$9.99 ($3.33 / Count)</p><a href="https://www.amazon.com/dp/B0D8653XMT?tag=eloabder-20&linkCode=osi&th=1&psc=1">View Product</a></div>
<div class="product"><a href="https://www.amazon.com/dp/B07JGBW826?tag=eloabder-20&linkCode=osi&th=1&psc=1"><img src="https://m.media-amazon.com/images/I/41nq5khANlL._SL500_.jpg" alt="Product Image"></a><p>Amazon Basics Adult Multivitamin for Men & Women, 300 Gummies with Vitamins A, C, D, E, B-6 and B-12, 150 Count (Pack of 2) (150 Day Supply) (Previously Solimo)</p><p>$14.30 ($0.05 / Count)</p><a href="https://www.amazon.com/dp/B07JGBW826?tag=eloabder-20&linkCode=osi&th=1&psc=1">View Product</a></div><div class="product"><a href="https://www.amazon.com/dp/B007L0DPE0?tag=eloabder-20&linkCode=osi&th=1&psc=1"><img src="https://m.media-amazon.com/images/I/41u67LVdJFL._SL500_.jpg" alt="Product Image"></a><p>Vitafusion Womens Multivitamin Gummies, Berry Flavored Daily Vitamins for Women With Vitamins A, C, D, E, B-6 and B-12, America’s Number 1 Gummy Vitamin Brand, 75 Days Supply, 150 Count</p><p>$10.98 ($0.07 / Count)</p><a href="https://www.amazon.com/dp/B007L0DPE0?tag=eloabder-20&linkCode=osi&th=1&psc=1">View Product</a></div><div class="product"><a href="https://www.amazon.com/dp/B00DS5BGDY?tag=eloabder-20&linkCode=osi&th=1&psc=1"><img src="https://m.media-amazon.com/images/I/41zXI0XuNYL._SL500_.jpg" alt="Product Image"></a><p>Nature Made Vitamin B12 1000 mcg, Dietary Supplement for Energy Metabolism Support, 150 Softgels, 150 Day Supply</p><p>$9.98 ($0.07 / Count)</p><a href="https://www.amazon.com/dp/B00DS5BGDY?tag=eloabder-20&linkCode=osi&th=1&psc=1">View Product</a></div><div class="product"><a href="https://www.amazon.com/dp/B09KCCVL9V?tag=eloabder-20&linkCode=osi&th=1&psc=1"><img src="https://m.media-amazon.com/images/I/419o0W0LJgL._SL500_.jpg" alt="Product Image"></a><p>Centrum Silver Women's Multivitamin for Women 50 Plus, Multivitamin/Multimineral Supplement with Vitamin D3, B Vitamins, Non-GMO Ingredients, Supports Memory and Cognition in Older Adults - 200 Ct</p><p>$15.99 ($0.08 / Count)</p><a href="https://www.amazon.com/dp/B09KCCVL9V?tag=eloabder-20&linkCode=osi&th=1&psc=1">View Product</a></div><div class="product"><a href="https://www.amazon.com/dp/B002QO00YO?tag=eloabder-20&linkCode=osi&th=1&psc=1"><img src="https://m.media-amazon.com/images/I/41SQ-7dbsHL._SL500_.jpg" alt="Product Image"></a><p>Nature Made Vitamin D3 2000 IU (50 mcg), Dietary Supplement for Bone, Teeth, Muscle and Immune Health Support, 90 Softgels, 90 Day Supply</p><p>$6.28 ($0.07 / Count)</p><a href="https://www.amazon.com/dp/B002QO00YO?tag=eloabder-20&linkCode=osi&th=1&psc=1">View Product</a></div><div class="product"><a href="https://www.amazon.com/dp/B0000DJASY?tag=eloabder-20&linkCode=osi&th=1&psc=1"><img src="https://m.media-amazon.com/images/I/41PwuIsYASL._SL500_.jpg" alt="Product Image"></a><p>Nature Made Extra Strength Vitamin C 1000 mg, Dietary Supplement for Immune Support, 100 Tablets, 100 Day Supply</p><p>$9.50 ($0.10 / Count)</p><a href="https://www.amazon.com/dp/B0000DJASY?tag=eloabder-20&linkCode=osi&th=1&psc=1">View Product</a></div><div class="product"><a href="https://www.amazon.com/dp/B0072F8D7S?tag=eloabder-20&linkCode=osi&th=1&psc=1"><img src="https://m.media-amazon.com/images/I/41j4CBYG0SL._SL500_.jpg" alt="Product Image"></a><p>Nature's Bounty Advanced Hair, Skin & Nails, Argan-Infused Vitamin Supplement with Biotin and Hyaluronic Acid, 150 Rapid Release Softgels</p><p>$10.99 ($0.07 / Count)</p><a href="https://www.amazon.com/dp/B0072F8D7S?tag=eloabder-20&linkCode=osi&th=1&psc=1">View Product</a></div><div class="product"><a href="https://www.amazon.com/dp/B07H8LBDTG?tag=eloabder-20&linkCode=osi&th=1&psc=1"><img src="https://m.media-amazon.com/images/I/41oIEGJy42L._SL500_.jpg" alt="Product Image"></a><p>OLLY Women's Multivitamin Gummy, Vitamins A, D, C, E, Biotin, Folic Acid, Adult Chewable Vitamin, Berry Flavor, 65 Day Supply - 130 Count (Packaging May Vary)</p><p>$16.98 ($0.13 / Count)</p><a href="https://www.amazon.com/dp/B07H8LBDTG?tag=eloabder-20&linkCode=osi&th=1&psc=1">View Product</a></div><div class="product"><a href="https://www.amazon.com/dp/B00YMSLT88?tag=eloabder-20&linkCode=osi&th=1&psc=1"><img src="https://m.media-amazon.com/images/I/41S95x-3xaL._SL500_.jpg" alt="Product Image"></a><p>Nature Made Multivitamin Tablets with Iron, Multivitamin for Women and Men for Daily Nutritional Support, 130 Tablets, 130 Day Supply</p><p>$11.99 ($0.09 / Count)</p><a href="https://www.amazon.com/dp/B00YMSLT88?tag=eloabder-20&linkCode=osi&th=1&psc=1">View Product</a></div><div class="product"><a href="https://www.amazon.com/dp/B0014D2GEK?tag=eloabder-20&linkCode=osi&th=1&psc=1"><img src="https://m.media-amazon.com/images/I/41Al6x+mTKL._SL500_.jpg" alt="Product Image"></a><p>Nature's Bounty Super B Complex with Vitamin C & Folic Acid, Immune & Energy Support, 150 tablets</p><p>$12.73 ($0.08 / Count)</p><a href="https://www.amazon.com/dp/B0014D2GEK?tag=eloabder-20&linkCode=osi&th=1&psc=1">View Product</a></div>
<div class="product"><a href="https://www.amazon.com/dp/B0BG94RWYN?tag=eloabder-20&linkCode=osi&th=1&psc=1"><img src="https://m.media-amazon.com/images/I/41k1yrK-eGL._SL500_.jpg" alt="Product Image"></a><p>Sea Moss 3000mg Black Seed Oil 2000mg Ashwagandha 1000mg Turmeric 1000mg Bladderwrack 1000mg Burdock 1000mg & Vitamin C & D3 with Elderberry Manuka Dandelion Yellow Dock Iodine Chlorophyll ACV</p><p>$23.96 ($0.40 / Count)</p><a href="https://www.amazon.com/dp/B0BG94RWYN?tag=eloabder-20&linkCode=osi&th=1&psc=1">View Product</a></div><div class="product"><a href="https://www.amazon.com/dp/B01DBTFO98?tag=eloabder-20&linkCode=osi&th=1&psc=1"><img src="https://m.media-amazon.com/images/I/51Evo4SKmEL._SL500_.jpg" alt="Product Image"></a><p>Turmeric Curcumin with Black Pepper Extract 1500mg - High Absorption Ultra Potent Turmeric Supplement with 95% Curcuminoids and BioPerine - Non GMO Turmeric Capsules for Joint Support - 90 Capsules</p><p>$18.79 ($0.21 / Count)</p><a href="https://www.amazon.com/dp/B01DBTFO98?tag=eloabder-20&linkCode=osi&th=1&psc=1">View Product</a></div><div class="product"><a href="https://www.amazon.com/dp/B0BG6TGKZS?tag=eloabder-20&linkCode=osi&th=1&psc=1"><img src="https://m.media-amazon.com/images/I/41aCogcx9OL._SL500_.jpg" alt="Product Image"></a><p>Clean Nutraceuticals Lions Mane 3000mg 20in1 Mushroom Supplement with Turkey Tail 2000mg Reishi 1000mg Cordyceps Chaga 1000mg Maitake Meshima Poria Cocos Shiitake Oyster Porcini Enoki 60 Count</p><p>$29.95 ($0.50 / Count)</p><a href="https://www.amazon.com/dp/B0BG6TGKZS?tag=eloabder-20&linkCode=osi&th=1&psc=1">View Product</a></div><div class="product"><a href="https://www.amazon.com/dp/B0CV9JW4DS?tag=eloabder-20&linkCode=osi&th=1&psc=1"><img src="https://m.media-amazon.com/images/I/51L8z3xzNsL._SL500_.jpg" alt="Product Image"></a><p>Zoyava Dynamic Vitality Bundle, Sea Moss and Shilajit Bundle, Sea Moss 7000mg, Black Seed Oil 4000mg, Ashwagandha 2000mg, Ginger & Shilajit 9000mg, Rhodiola Rosea 1000mg, Panax Ginseng (60 Count)</p><p>$25.99 ($0.43 / Count)</p><a href="https://www.amazon.com/dp/B0CV9JW4DS?tag=eloabder-20&linkCode=osi&th=1&psc=1">View Product</a></div><div class="product"><a href="https://www.amazon.com/dp/B00H5PJ0HW?tag=eloabder-20&linkCode=osi&th=1&psc=1"><img src="https://m.media-amazon.com/images/I/414mKN9ZjbL._SL500_.jpg" alt="Product Image"></a><p>Nature's Bounty Magnesium, Bone and Muscle Health, Whole Body Support, Tablets, 500 Mg, 200 Ct</p><p>$11.28 ($0.06 / Count)</p><a href="https://www.amazon.com/dp/B00H5PJ0HW?tag=eloabder-20&linkCode=osi&th=1&psc=1">View Product</a></div><div class="product"><a href="https://www.amazon.com/dp/B08YLTCDTN?tag=eloabder-20&linkCode=osi&th=1&psc=1"><img src="https://m.media-amazon.com/images/I/41aybXdjmLL._SL500_.jpg" alt="Product Image"></a><p>Nature's Bounty Zinc 50mg, Immune Support & Antioxidant Supplement, Promotes Skin Health 250 Caplets</p><p>$9.48 ($0.04 / Count)</p><a href="https://www.amazon.com/dp/B08YLTCDTN?tag=eloabder-20&linkCode=osi&th=1&psc=1">View Product</a></div><div class="product"><a href="https://www.amazon.com/dp/B0000DJAQU?tag=eloabder-20&linkCode=osi&th=1&psc=1"><img src="https://m.media-amazon.com/images/I/41c7alI7ydL._SL500_.jpg" alt="Product Image"></a><p>Nature Made Fish Oil 1200 mg Softgels, Fish Oil Supplements, Omega 3 Fish Oil for Healthy Heart Support, Omega 3 Supplement with 100 Softgels, 50 Day Supply</p><p>$12.59 ($0.13 / Count)</p><a href="https://www.amazon.com/dp/B0000DJAQU?tag=eloabder-20&linkCode=osi&th=1&psc=1">View Product</a></div><div class="product"><a href="https://www.amazon.com/dp/B07XFGCP21?tag=eloabder-20&linkCode=osi&th=1&psc=1"><img src="https://m.media-amazon.com/images/I/518FQmoWjFL._SL500_.jpg" alt="Product Image"></a><p>Turmeric Curcumin with BioPerine & Ginger 95% Curcuminoids 1950mg - Black Pepper Extract for Max Absorption, Nature's Joint Support Supplement, Herbal Turmeric Pills, Vegan Non-GMO - 240 Capsules</p><p>$26.02 ($0.11 / Count)</p><a href="https://www.amazon.com/dp/B07XFGCP21?tag=eloabder-20&linkCode=osi&th=1&psc=1">View Product</a></div><div class="product"><a href="https://www.amazon.com/dp/B00DS5BGDY?tag=eloabder-20&linkCode=osi&th=1&psc=1"><img src="https://m.media-amazon.com/images/I/41zXI0XuNYL._SL500_.jpg" alt="Product Image"></a><p>Nature Made Vitamin B12 1000 mcg, Dietary Supplement for Energy Metabolism Support, 150 Softgels, 150 Day Supply</p><p>$9.98 ($0.07 / Count)</p><a href="https://www.amazon.com/dp/B00DS5BGDY?tag=eloabder-20&linkCode=osi&th=1&psc=1">View Product</a></div><div class="product"><a href="https://www.amazon.com/dp/B0055OUOQQ?tag=eloabder-20&linkCode=osi&th=1&psc=1"><img src="https://m.media-amazon.com/images/I/41S1bhYiFiL._SL500_.jpg" alt="Product Image"></a><p>Qunol CoQ10 100mg Softgels, Ultra CoQ10 100mg, 3x Better Absorption, Antioxidant for Heart Health & Energy Production, Coenzyme Q10 Vitamins and Supplements, 4 Month Supply, 120 Count</p><p>$29.97 ($0.25 / Count)</p><a href="https://www.amazon.com/dp/B0055OUOQQ?tag=eloabder-20&linkCode=osi&th=1&psc=1">View Product</a></div>
<div class="product"><a href="https://www.amazon.com/dp/B00YMSLT88?tag=eloabder-20&linkCode=osi&th=1&psc=1"><img src="https://m.media-amazon.com/images/I/41S95x-3xaL._SL500_.jpg" alt="Product Image"></a><p>Nature Made Multivitamin Tablets with Iron, Multivitamin for Women and Men for Daily Nutritional Support, 130 Tablets, 130 Day Supply</p><p>$11.99 ($0.09 / Count)</p><a href="https://www.amazon.com/dp/B00YMSLT88?tag=eloabder-20&linkCode=osi&th=1&psc=1">View Product</a></div><div class="product"><a href="https://www.amazon.com/dp/B07JGBW826?tag=eloabder-20&linkCode=osi&th=1&psc=1"><img src="https://m.media-amazon.com/images/I/41nq5khANlL._SL500_.jpg" alt="Product Image"></a><p>Amazon Basics Adult Multivitamin for Men & Women, 300 Gummies with Vitamins A, C, D, E, B-6 and B-12, 150 Count (Pack of 2) (150 Day Supply) (Previously Solimo)</p><p>$14.30 ($0.05 / Count)</p><a href="https://www.amazon.com/dp/B07JGBW826?tag=eloabder-20&linkCode=osi&th=1&psc=1">View Product</a></div><div class="product"><a href="https://www.amazon.com/dp/B09QBKGDLS?tag=eloabder-20&linkCode=osi&th=1&psc=1"><img src="https://m.media-amazon.com/images/I/41Xr3sSp+8L._SL500_.jpg" alt="Product Image"></a><p>ONE A DAY Womens Complete Daily Multivitamin with Vitamin A, B , C, D, and E, Calcium and Magnesium, Immune Health Support, 200 Count</p><p>$17.48 ($0.09 / Count)</p><a href="https://www.amazon.com/dp/B09QBKGDLS?tag=eloabder-20&linkCode=osi&th=1&psc=1">View Product</a></div><div class="product"><a href="https://www.amazon.com/dp/B007L0DONW?tag=eloabder-20&linkCode=osi&th=1&psc=1"><img src="https://m.media-amazon.com/images/I/41vIgYSAtXL._SL500_.jpg" alt="Product Image"></a><p>vitafusion Adult Gummy Vitamins for Men, Berry Flavored Daily Multivitamins for Men With Vitamins A, C, D, E, B6 and B12, America’s Number 1 Gummy Vitamin Brand, 75 Day Supply, 150 Count</p><p>$10.98 ($0.07 / Count)</p><a href="https://www.amazon.com/dp/B007L0DONW?tag=eloabder-20&linkCode=osi&th=1&psc=1">View Product</a></div><div class="product"><a href="https://www.amazon.com/dp/B007L0DPE0?tag=eloabder-20&linkCode=osi&th=1&psc=1"><img src="https://m.media-amazon.com/images/I/41u67LVdJFL._SL500_.jpg" alt="Product Image"></a><p>Vitafusion Womens Multivitamin Gummies, Berry Flavored Daily Vitamins for Women With Vitamins A, C, D, E, B-6 and B-12, America’s Number 1 Gummy Vitamin Brand, 75 Days Supply, 150 Count</p><p>$10.98 ($0.07 / Count)</p><a href="https://www.amazon.com/dp/B007L0DPE0?tag=eloabder-20&linkCode=osi&th=1&psc=1">View Product</a></div><div class="product"><a href="https://www.amazon.com/dp/B00BIZSXMS?tag=eloabder-20&linkCode=osi&th=1&psc=1"><img src="https://m.media-amazon.com/images/I/31f8Dv7qQGL._SL500_.jpg" alt="Product Image"></a><p>GNC Mega Men Essentials One Daily Multivitamin | Supports Overall Health and Muscle Performance | 60 Count</p><p>$8.98 ($0.15 / Count)</p><a href="https://www.amazon.com/dp/B00BIZSXMS?tag=eloabder-20&linkCode=osi&th=1&psc=1">View Product</a></div><div class="product"><a href="https://www.amazon.com/dp/B08XNTBLY9?tag=eloabder-20&linkCode=osi&th=1&psc=1"><img src="https://m.media-amazon.com/images/I/41wugtpv6rL._SL500_.jpg" alt="Product Image"></a><p>Pure Encapsulations O.N.E. Multivitamin - Once Daily Multivitamin with Antioxidant Complex Metafolin, CoQ10, and Lutein to Support Vision, Cognitive Function, and Cellular Health* - 30 Capsules</p><p>$23.20 ($0.77 / Count)</p><a href="https://www.amazon.com/dp/B08XNTBLY9?tag=eloabder-20&linkCode=osi&th=1&psc=1">View Product</a></div><div class="product"><a href="https://www.amazon.com/dp/B005BD8A08?tag=eloabder-20&linkCode=osi&th=1&psc=1"><img src="https://m.media-amazon.com/images/I/41EbKCPo98L._SL500_.jpg" alt="Product Image"></a><p>Nature Made Multivitamin For Him with No Iron, Mens Multivitamins for Daily Nutritional Support, Multivitamin for Men, 90 Tablets, 90 Day Supply</p><p>$9.37 ($0.10 / Count)</p><a href="https://www.amazon.com/dp/B005BD8A08?tag=eloabder-20&linkCode=osi&th=1&psc=1">View Product</a></div><div class="product"><a href="https://www.amazon.com/dp/B09KCCVL9V?tag=eloabder-20&linkCode=osi&th=1&psc=1"><img src="https://m.media-amazon.com/images/I/419o0W0LJgL._SL500_.jpg" alt="Product Image"></a><p>Centrum Silver Women's Multivitamin for Women 50 Plus, Multivitamin/Multimineral Supplement with Vitamin D3, B Vitamins, Non-GMO Ingredients, Supports Memory and Cognition in Older Adults - 200 Ct</p><p>$15.99 ($0.08 / Count)</p><a href="https://www.amazon.com/dp/B09KCCVL9V?tag=eloabder-20&linkCode=osi&th=1&psc=1">View Product</a></div>
<div class="product"><a href="https://www.amazon.com/dp/B09GLGC9DG?tag=eloabder-20&linkCode=osi&th=1&psc=1"><img src="https://m.media-amazon.com/images/I/51OsLLY4B6L._SL500_.jpg" alt="Product Image"></a><p>Physician's CHOICE Probiotics 60 Billion CFU - 10 Strains + Organic Prebiotics - Immune, Digestive & Gut Health - Supports Occasional Constipation, Diarrhea, Gas & Bloating - for Women & Men - 60ct</p><p>$36.97 ($0.62 / Count)</p><a href="https://www.amazon.com/dp/B09GLGC9DG?tag=eloabder-20&linkCode=osi&th=1&psc=1">View Product</a></div><div class="product"><a href="https://www.amazon.com/dp/B071DZQLPQ?tag=eloabder-20&linkCode=osi&th=1&psc=1"><img src="https://m.media-amazon.com/images/I/51E-+x12x5L._SL500_.jpg" alt="Product Image"></a><p>NewRhythm Probiotics 50 Billion CFU 20 Strains, 60 Veggie Capsules, Targeted Release Technology, Stomach Acid Resistant, No Need for Refrigeration, Non-GMO, Gluten Free</p><p>$13.59 ($0.23 / Count)</p><a href="https://www.amazon.com/dp/B071DZQLPQ?tag=eloabder-20&linkCode=osi&th=1&psc=1">View Product</a></div><div class="product"><a href="https://www.amazon.com/dp/B00Y8MP4G6?tag=eloabder-20&linkCode=osi&th=1&psc=1"><img src="https://m.media-amazon.com/images/I/51IIJQSKA5L._SL500_.jpg" alt="Product Image"></a><p>Garden of Life Once Daily Dr. Formulated Probiotics for Women 50 Billion CFU 16 Probiotic Strains with Organic Prebiotics for Digestive, Vaginal & Immune Health, Dairy Free, Shelf Stable 30 Capsules</p><p>$32.19 ($1.07 / Count)</p><a href="https://www.amazon.com/dp/B00Y8MP4G6?tag=eloabder-20&linkCode=osi&th=1&psc=1">View Product</a></div><div class="product"><a href="https://www.amazon.com/dp/B00L1GHMN0?tag=eloabder-20&linkCode=osi&th=1&psc=1"><img src="https://m.media-amazon.com/images/I/41Msqs9cM9L._SL500_.jpg" alt="Product Image"></a><p>NOW Supplements, Probiotic-10™, 25 Billion, with 10 Probiotic Strains, Dairy, Soy and Gluten Free, Strain Verified, 100 Veg Capsules</p><p>$21.46 ($0.21 / Count)</p><a href="https://www.amazon.com/dp/B00L1GHMN0?tag=eloabder-20&linkCode=osi&th=1&psc=1">View Product</a></div><div class="product"><a href="https://www.amazon.com/dp/B08Y66H6B7?tag=eloabder-20&linkCode=osi&th=1&psc=1"><img src="https://m.media-amazon.com/images/I/51zpwlruLzL._SL500_.jpg" alt="Product Image"></a><p>Culturelle Pro Strength Daily Probiotics For Digestive Health (2 Month Supply) with Prebiotics for Women & Men, Supports Occasional Diarrhea, Gas & Bloating, Gluten & Soy Free, 60 Count</p><p>$30.99 ($0.52 / Count)</p><a href="https://www.amazon.com/dp/B08Y66H6B7?tag=eloabder-20&linkCode=osi&th=1&psc=1">View Product</a></div><div class="product"><a href="https://www.amazon.com/dp/B0811P73BT?tag=eloabder-20&linkCode=osi&th=1&psc=1"><img src="https://m.media-amazon.com/images/I/41bBVdIgYdS._SL500_.jpg" alt="Product Image"></a><p>Organic Probiotics 100 Billion CFU, Dr Formulated Probiotics for Women, Probiotics for Men and Adults, Complete Shelf Stable Probiotic Supplement with Prebiotics & Digestive Enzymes; 30 Capsules</p><p>$25.00 ($0.83 / Count)</p><a href="https://www.amazon.com/dp/B0811P73BT?tag=eloabder-20&linkCode=osi&th=1&psc=1">View Product</a></div><div class="product"><a href="https://www.amazon.com/dp/B08GR12D4T?tag=eloabder-20&linkCode=osi&th=1&psc=1"><img src="https://m.media-amazon.com/images/I/413uXWNsVzL._SL500_.jpg" alt="Product Image"></a><p>Nature’s Bounty Probiotic 10, Ultra Strength Daily Probiotic Supplement, Support for Digestive, Immune and Upper Respiratory Health, 1 Pack, 30 Capsules</p><p>$12.84 ($0.43 / Count)</p><a href="https://www.amazon.com/dp/B08GR12D4T?tag=eloabder-20&linkCode=osi&th=1&psc=1">View Product</a></div><div class="product"><a href="https://www.amazon.com/dp/B088LWDLMV?tag=eloabder-20&linkCode=osi&th=1&psc=1"><img src="https://m.media-amazon.com/images/I/41f-jaJZjRL._SL500_.jpg" alt="Product Image"></a><p>VITALITOWN Probiotics 120 Billion CFUs | 36 Strains, with Prebiotics & Digestive Enzymes for Men Women | Shelf Stable | Digestive Health & Immune Support | Vegan, Non-GMO | 30 Delayed Release Veg Caps</p><p>$18.99 ($0.63 / Count)</p><a href="https://www.amazon.com/dp/B088LWDLMV?tag=eloabder-20&linkCode=osi&th=1&psc=1">View Product</a></div><div class="product"><a href="https://www.amazon.com/dp/B07D123YBX?tag=eloabder-20&linkCode=osi&th=1&psc=1"><img src="https://m.media-amazon.com/images/I/310FFXxHX3L._SL500_.jpg" alt="Product Image"></a><p>Amazon Basics Probiotic 5 Billion CFU, 8 Probiotic strains with 60 mg Prebiotic Blend, 60 Count Vegetarian Capsules, 2 Month Supply, Supports Healthy Digestion (Previously Solimo)</p><p>$12.11 ($0.20 / Count)</p><a href="https://www.amazon.com/dp/B07D123YBX?tag=eloabder-20&linkCode=osi&th=1&psc=1">View Product</a></div>
<div class="product"><a href="https://www.amazon.com/dp/B0000DJAQU?tag=eloabder-20&linkCode=osi&th=1&psc=1"><img src="https://m.media-amazon.com/images/I/41c7alI7ydL._SL500_.jpg" alt="Product Image"></a><p>Nature Made Fish Oil 1200 mg Softgels, Fish Oil Supplements, Omega 3 Fish Oil for Healthy Heart Support, Omega 3 Supplement with 100 Softgels, 50 Day Supply</p><p>$12.59 ($0.13 / Count)</p><a href="https://www.amazon.com/dp/B0000DJAQU?tag=eloabder-20&linkCode=osi&th=1&psc=1">View Product</a></div><div class="product"><a href="https://www.amazon.com/dp/B07DX89ZHN?tag=eloabder-20&linkCode=osi&th=1&psc=1"><img src="https://m.media-amazon.com/images/I/41INqodQzYL._SL500_.jpg" alt="Product Image"></a><p>Sports Research Triple Strength Omega 3 Fish Oil - Burpless Fish Oil Supplement w/EPA & DHA Fatty Acids from Single-Source Wild Alaska Pollock - 1250 mg, 90 ct</p><p>$26.95 ($0.30 / Count)</p><a href="https://www.amazon.com/dp/B07DX89ZHN?tag=eloabder-20&linkCode=osi&th=1&psc=1">View Product</a></div><div class="product"><a href="https://www.amazon.com/dp/B000NPYY04?tag=eloabder-20&linkCode=osi&th=1&psc=1"><img src="https://m.media-amazon.com/images/I/41AB0odrkeL._SL500_.jpg" alt="Product Image"></a><p>Nature's Bounty Fish Oil, Supports Heart Health, 1200 Mg, 360 Mg Omega-3, Rapid Release Softgels, 200 Ct</p><p>$13.32 ($0.07 / Count)</p><a href="https://www.amazon.com/dp/B000NPYY04?tag=eloabder-20&linkCode=osi&th=1&psc=1">View Product</a></div><div class="product"><a href="https://www.amazon.com/dp/B0046XC528?tag=eloabder-20&linkCode=osi&th=1&psc=1"><img src="https://m.media-amazon.com/images/I/41cdANHQ68L._SL500_.jpg" alt="Product Image"></a><p>Nature Made Fish Oil 1000 mg Softgels, Fish Oil Supplements, Omega 3 Fish Oil for Healthy Heart Support, Omega 3 Supplement with 250 Softgels, 125 Day Supply</p><p>$15.59 ($0.06 / Count)</p><a href="https://www.amazon.com/dp/B0046XC528?tag=eloabder-20&linkCode=osi&th=1&psc=1">View Product</a></div><div class="product"><a href="https://www.amazon.com/dp/B014LDT0ZM?tag=eloabder-20&linkCode=osi&th=1&psc=1"><img src="https://m.media-amazon.com/images/I/515A6lAukiL._SL500_.jpg" alt="Product Image"></a><p>Triple Strength Omega 3 Fish Oil Supplement - 2500 mg Fish Oil with Re-Esterified Omega 3 Fatty Acids Including EPA, DHA DPA - 180 Pescatarian-Friendly Softgels</p><p>$56.95 ($0.32 / Count)</p><a href="https://www.amazon.com/dp/B014LDT0ZM?tag=eloabder-20&linkCode=osi&th=1&psc=1">View Product</a></div><div class="product"><a href="https://www.amazon.com/dp/B000HDV7YS?tag=eloabder-20&linkCode=osi&th=1&psc=1"><img src="https://m.media-amazon.com/images/I/41d-hzNXpVL._SL500_.jpg" alt="Product Image"></a><p>Nordic Naturals Ultimate Omega, Lemon Flavor - 60 Soft Gels - 1280 mg Omega-3 - High-Potency Omega-3 Fish Oil Supplement with EPA & DHA - Promotes Brain & Heart Health - Non-GMO - 30 Servings</p><p>$25.46 ($0.42 / Count)</p><a href="https://www.amazon.com/dp/B000HDV7YS?tag=eloabder-20&linkCode=osi&th=1&psc=1">View Product</a></div><div class="product"><a href="https://www.amazon.com/dp/B01GV4O37E?tag=eloabder-20&linkCode=osi&th=1&psc=1"><img src="https://m.media-amazon.com/images/I/41JtERQfIWL._SL500_.jpg" alt="Product Image"></a><p>Arazo Nutrition Wild Caught Omega 3 Fish Oil – 120 Soft Gels – 4,080mg High EPA 1200mg DHA 900mg Lemon Flavor Burpless Softgels</p><p>$28.95 ($0.24 / Count)</p><a href="https://www.amazon.com/dp/B01GV4O37E?tag=eloabder-20&linkCode=osi&th=1&psc=1">View Product</a></div><div class="product"><a href="https://www.amazon.com/dp/B002QMB55Y?tag=eloabder-20&linkCode=osi&th=1&psc=1"><img src="https://m.media-amazon.com/images/I/41I4GSlk++S._SL500_.jpg" alt="Product Image"></a><p>Nature's Bounty Fish Oil, Supports Heart Health, 2400mg, Coated Softgels, 90 Ct.</p><p>$15.17 ($0.17 / Count)</p><a href="https://www.amazon.com/dp/B002QMB55Y?tag=eloabder-20&linkCode=osi&th=1&psc=1">View Product</a></div><div class="product"><a href="https://www.amazon.com/dp/B07L45XQBR?tag=eloabder-20&linkCode=osi&th=1&psc=1"><img src="https://m.media-amazon.com/images/I/41I80jDNmxL._SL500_.jpg" alt="Product Image"></a><p>Triple Strength Omega 3 Fish Oil Supplements 4200mg Per Serving, 240 Softgels – Lemon Flavored – Burpless | EPA 1200mg + DHA 900mg | Deep Sea Fish</p><p>$31.89 ($0.13 / Count)</p><a href="https://www.amazon.com/dp/B07L45XQBR?tag=eloabder-20&linkCode=osi&th=1&psc=1">View Product</a></div>
<div class="product"><a href="https://www.amazon.com/dp/B0016KITZ6?tag=eloabder-20&linkCode=osi&th=1&psc=1"><img src="https://m.media-amazon.com/images/I/41UQ6eGLCkL._SL500_.jpg" alt="Product Image"></a><p>Nature's Bounty Calcium Carbonate & Vitamin D, Supports Immune Health & Bone Health, 1200mg Calcium & 1000IU Vitamin D3, 120 Softgels</p><p>$8.87 ($0.07 / Count)</p><a href="https://www.amazon.com/dp/B0016KITZ6?tag=eloabder-20&linkCode=osi&th=1&psc=1">View Product</a></div><div class="product"><a href="https://www.amazon.com/dp/B0000DJASB?tag=eloabder-20&linkCode=osi&th=1&psc=1"><img src="https://m.media-amazon.com/images/I/41CzICvBiJL._SL500_.jpg" alt="Product Image"></a><p>Nature Made Calcium 600 mg with Vitamin D3, Dietary Supplement for Bone Support, 60 Tablets</p><p>$10.99 ($0.18 / Count)</p><a href="https://www.amazon.com/dp/B0000DJASB?tag=eloabder-20&linkCode=osi&th=1&psc=1">View Product</a></div><div class="product"><a href="https://www.amazon.com/dp/B07RL3KYD7?tag=eloabder-20&linkCode=osi&th=1&psc=1"><img src="https://m.media-amazon.com/images/I/316d4YzxuJL._SL500_.jpg" alt="Product Image"></a><p>Horbäach Calcium 1200 mg with Vitamin D3 | 240 Softgels | 5000 IU Vitamin D3 | Absorbable Calcium Supplement | Non-GMO, Gluten Free Calcium Supplement</p><p>$13.99 ($0.06 / Count)</p><a href="https://www.amazon.com/dp/B07RL3KYD7?tag=eloabder-20&linkCode=osi&th=1&psc=1">View Product</a></div><div class="product"><a href="https://www.amazon.com/dp/B003DRD3PG?tag=eloabder-20&linkCode=osi&th=1&psc=1"><img src="https://m.media-amazon.com/images/I/41FyGawB40L._SL500_.jpg" alt="Product Image"></a><p>vitafusion Chewable Calcium Gummy Vitamins for Bone and Teeth Support, Fruit and Cream Flavored, America’s Number 1 Gummy Vitamin Brand, 50 Day Supply, 100 Count</p><p>$12.48 ($0.12 / Count)</p><a href="https://www.amazon.com/dp/B003DRD3PG?tag=eloabder-20&linkCode=osi&th=1&psc=1">View Product</a></div><div class="product"><a href="https://www.amazon.com/dp/B004B8JGUW?tag=eloabder-20&linkCode=osi&th=1&psc=1"><img src="https://m.media-amazon.com/images/I/41-xzWEtGIL._SL500_.jpg" alt="Product Image"></a><p>Nature Made Calcium 500 mg with Vitamin D3, Dietary Supplement for Bone Support, 130 Tablets</p><p>$12.99 ($0.10 / Count)</p><a href="https://www.amazon.com/dp/B004B8JGUW?tag=eloabder-20&linkCode=osi&th=1&psc=1">View Product</a></div><div class="product"><a href="https://www.amazon.com/dp/B00M5TZ1F8?tag=eloabder-20&linkCode=osi&th=1&psc=1"><img src="https://m.media-amazon.com/images/I/41gddc-hd9L._SL500_.jpg" alt="Product Image"></a><p>21st Century Calcium Supplement, 600 mg, Tablet, 400 Count</p><p>$9.66 ($0.02 / Count)</p><a href="https://www.amazon.com/dp/B00M5TZ1F8?tag=eloabder-20&linkCode=osi&th=1&psc=1">View Product</a></div><div class="product"><a href="https://www.amazon.com/dp/B07RF1QQ4H?tag=eloabder-20&linkCode=osi&th=1&psc=1"><img src="https://m.media-amazon.com/images/I/41-u91UMPBL._SL500_.jpg" alt="Product Image"></a><p>Citracal Slow Release 1200, 1200 mg Calcium Citrate and Calcium Carbonate with 25 mcg (1000 IU) Vitamin D3, Bone Health Support, Calcium Supplement for Ages 12+, Take Once Daily Caplet, 185 Count</p><p>$24.98 ($0.14 / Count)</p><a href="https://www.amazon.com/dp/B07RF1QQ4H?tag=eloabder-20&linkCode=osi&th=1&psc=1">View Product</a></div><div class="product"><a href="https://www.amazon.com/dp/B000OD1F7U?tag=eloabder-20&linkCode=osi&th=1&psc=1"><img src="https://m.media-amazon.com/images/I/41eEl5sj24L._SL500_.jpg" alt="Product Image"></a><p>Nature Made Calcium Magnesium Zinc with Vitamin D3, Dietary Supplement for Bone Support, 300 Tablets</p><p>$10.80 ($0.04 / Count)</p><a href="https://www.amazon.com/dp/B000OD1F7U?tag=eloabder-20&linkCode=osi&th=1&psc=1">View Product</a></div><div class="product"><a href="https://www.amazon.com/dp/B0716RWHX4?tag=eloabder-20&linkCode=osi&th=1&psc=1"><img src="https://m.media-amazon.com/images/I/51GW4bwdnIL._SL500_.jpg" alt="Product Image"></a><p>NATURELO Calcium Supplement - Bone Strength with Calcium 600mg, Vitamin D3, K2, C, Magnesium Zinc - Plant-Based, 120 Vegetarian Capsules, Non-GMO, Soy & Gluten-Free</p><p>$26.95 ($0.22 / Count)</p><a href="https://www.amazon.com/dp/B0716RWHX4?tag=eloabder-20&linkCode=osi&th=1&psc=1">View Product</a></div><div class="product"><a href="https://www.amazon.com/dp/B004L4EJQ2?tag=eloabder-20&linkCode=osi&th=1&psc=1"><img src="https://m.media-amazon.com/images/I/41WkicGmhTL._SL500_.jpg" alt="Product Image"></a><p>Citracal Slow Release 1200, 1200 mg Calcium Citrate and Calcium Carbonate with 25 mcg (1000 IU) Vitamin D3, Bone Health Support, Calcium Supplement for Ages 12+, Take Once Daily Caplet, 80 Count</p><p>$10.92 ($0.14 / Count)</p><a href="https://www.amazon.com/dp/B004L4EJQ2?tag=eloabder-20&linkCode=osi&th=1&psc=1">View Product</a></div>
<div class="product"><a href="https://www.amazon.com/dp/B00GB85JR4?tag=eloabder-20&linkCode=osi&th=1&psc=1"><img src="https://m.media-amazon.com/images/I/31V9icRRnCL._SL500_.jpg" alt="Product Image"></a><p>NatureWise Vitamin D3 5000iu (125 mcg) 1 Year Supply for Healthy Muscle Function, and Immune Support, Non-GMO, Gluten Free in Cold-Pressed Olive Oil, Packaging Vary ( Mini Softgel), 360 Count</p><p>$14.99 ($0.04 / Count)</p><a href="https://www.amazon.com/dp/B00GB85JR4?tag=eloabder-20&linkCode=osi&th=1&psc=1">View Product</a></div><div class="product"><a href="https://www.amazon.com/dp/B004U3Y8OM?tag=eloabder-20&linkCode=osi&th=1&psc=1"><img src="https://m.media-amazon.com/images/I/41FAeb-VvJL._SL500_.jpg" alt="Product Image"></a><p>Nature Made Vitamin D3 1000 IU (25 mcg), Dietary Supplement for Bone, Teeth, Muscle and Immune Health Support, 300 Softgels, 300 Day Supply</p><p>$12.35 ($0.04 / Count)</p><a href="https://www.amazon.com/dp/B004U3Y8OM?tag=eloabder-20&linkCode=osi&th=1&psc=1">View Product</a></div><div class="product"><a href="https://www.amazon.com/dp/B004GJRFYK?tag=eloabder-20&linkCode=osi&th=1&psc=1"><img src="https://m.media-amazon.com/images/I/41AwGxilrHL._SL500_.jpg" alt="Product Image"></a><p>Nature Made Vitamin D3 2000 IU (50 mcg), Dietary Supplement for Bone, Teeth, Muscle and Immune Health Support, 100 Tablets, 100 Day Supply</p><p>$6.99 ($0.07 / Count)</p><a href="https://www.amazon.com/dp/B004GJRFYK?tag=eloabder-20&linkCode=osi&th=1&psc=1">View Product</a></div><div class="product"><a href="https://www.amazon.com/dp/B0032BH76O?tag=eloabder-20&linkCode=osi&th=1&psc=1"><img src="https://m.media-amazon.com/images/I/41GbEgKM04L._SL500_.jpg" alt="Product Image"></a><p>NOW Supplements, Vitamin D-3 5,000 IU, High Potency, Structural Support*, 240 Softgels</p><p>$11.99 ($0.05 / Count)</p><a href="https://www.amazon.com/dp/B0032BH76O?tag=eloabder-20&linkCode=osi&th=1&psc=1">View Product</a></div><div class="product"><a href="https://www.amazon.com/dp/B07BBNNHRX?tag=eloabder-20&linkCode=osi&th=1&psc=1"><img src="https://m.media-amazon.com/images/I/41zWVNAmTZL._SL500_.jpg" alt="Product Image"></a><p>Amazon Basics Vitamin D3 2000 IU Gummies, Orange, Lemon & Strawberry, 160 Count (2 per Serving) (Previously Solimo)</p><p>$8.67 ($0.05 / Count)</p><a href="https://www.amazon.com/dp/B07BBNNHRX?tag=eloabder-20&linkCode=osi&th=1&psc=1">View Product</a></div><div class="product"><a href="https://www.amazon.com/dp/B0797HQFGT?tag=eloabder-20&linkCode=osi&th=1&psc=1"><img src="https://m.media-amazon.com/images/I/41JcH5zgxkL._SL500_.jpg" alt="Product Image"></a><p>THORNE Vitamin D-5000 - Vitamin D3 Supplement - Support Healthy Bones, Teeth, Muscles, Cardiovascular, and Immune Function - NSF Certified for Sport - Dairy-Free, Soy-Free - 60 Capsules</p><p>$16.00 ($0.27 / Count)</p><a href="https://www.amazon.com/dp/B0797HQFGT?tag=eloabder-20&linkCode=osi&th=1&psc=1">View Product</a></div><div class="product"><a href="https://www.amazon.com/dp/B004JO99TG?tag=eloabder-20&linkCode=osi&th=1&psc=1"><img src="https://m.media-amazon.com/images/I/41U+oh75F3L._SL500_.jpg" alt="Product Image"></a><p>Nature's Bounty Vitamin D3 1000 IU Softgels, Immune Support, Promotes Healthy Bones, 350 Ct</p><p>$13.79 ($0.04 / Count)</p><a href="https://www.amazon.com/dp/B004JO99TG?tag=eloabder-20&linkCode=osi&th=1&psc=1">View Product</a></div><div class="product"><a href="https://www.amazon.com/dp/B0828JGTXB?tag=eloabder-20&linkCode=osi&th=1&psc=1"><img src="https://m.media-amazon.com/images/I/41hhc8Dxc5L._SL500_.jpg" alt="Product Image"></a><p>Nature Made Extra Strength Vitamin D3 5000 IU (125 mcg), Dietary Supplement for Bone, Teeth, Muscle and Immune Health Support, 360 Softgels, 360 Day Supply</p><p>$28.58 ($0.08 / Count)</p><a href="https://www.amazon.com/dp/B0828JGTXB?tag=eloabder-20&linkCode=osi&th=1&psc=1">View Product</a></div><div class="product"><a href="https://www.amazon.com/dp/B002QO00YO?tag=eloabder-20&linkCode=osi&th=1&psc=1"><img src="https://m.media-amazon.com/images/I/41SQ-7dbsHL._SL500_.jpg" alt="Product Image"></a><p>Nature Made Vitamin D3 2000 IU (50 mcg), Dietary Supplement for Bone, Teeth, Muscle and Immune Health Support, 90 Softgels, 90 Day Supply</p><p>$6.28 ($0.07 / Count)</p><a href="https://www.amazon.com/dp/B002QO00YO?tag=eloabder-20&linkCode=osi&th=1&psc=1">View Product</a></div><div class="product"><a href="https://www.amazon.com/dp/B00JGCBGZQ?tag=eloabder-20&linkCode=osi&th=1&psc=1"><img src="https://m.media-amazon.com/images/I/417a821IeZL._SL500_.jpg" alt="Product Image"></a><p>Sports Research Vitamin D3 5000 IU with Coconut MCT Oil - High Potency Vitamin D Supplement for Immune & Bone Support - Non-GMO Verified, Gluten & Soy Free – 125mcg, 360 Liquid Softgels</p><p>$18.95 ($0.05 / Count)</p><a href="https://www.amazon.com/dp/B00JGCBGZQ?tag=eloabder-20&linkCode=osi&th=1&psc=1">View Product</a></div>
<div class="product"><a href="https://www.amazon.com/dp/B0000DJASY?tag=eloabder-20&linkCode=osi&th=1&psc=1"><img src="https://m.media-amazon.com/images/I/41PwuIsYASL._SL500_.jpg" alt="Product Image"></a><p>Nature Made Extra Strength Vitamin C 1000 mg, Dietary Supplement for Immune Support, 100 Tablets, 100 Day Supply</p><p>$9.50 ($0.10 / Count)</p><a href="https://www.amazon.com/dp/B0000DJASY?tag=eloabder-20&linkCode=osi&th=1&psc=1">View Product</a></div><div class="product"><a href="https://www.amazon.com/dp/B08FNG91XM?tag=eloabder-20&linkCode=osi&th=1&psc=1"><img src="https://m.media-amazon.com/images/I/41ZC6V+G+HL._SL500_.jpg" alt="Product Image"></a><p>Nature Made Extra Strength Dosage Chewable Vitamin C 1000 mg per serving, Dietary Supplement for Immune Support, 90 Tablets, 45 Day Supply</p><p>$7.49 ($0.08 / Count)</p><a href="https://www.amazon.com/dp/B08FNG91XM?tag=eloabder-20&linkCode=osi&th=1&psc=1">View Product</a></div><div class="product"><a href="https://www.amazon.com/dp/B08YS4ZRTL?tag=eloabder-20&linkCode=osi&th=1&psc=1"><img src="https://m.media-amazon.com/images/I/41GcGPxLCmS._SL500_.jpg" alt="Product Image"></a><p>Nature's Bounty Vitamin C, Supports Immune and Antioxidant Health, Vitamin C Supplement, 1000mg, 300 Caplets</p><p>$18.29 ($0.06 / Count)</p><a href="https://www.amazon.com/dp/B08YS4ZRTL?tag=eloabder-20&linkCode=osi&th=1&psc=1">View Product</a></div><div class="product"><a href="https://www.amazon.com/dp/B001AIXCU6?tag=eloabder-20&linkCode=osi&th=1&psc=1"><img src="https://m.media-amazon.com/images/I/41bTcu8uA7L._SL500_.jpg" alt="Product Image"></a><p>NOW Supplements, Vitamin C-1,000 with 100 mg of Bioflavonoids, Antioxidant protection*, 100 Veg Capsules</p><p>$8.56 ($0.09 / Count)</p><a href="https://www.amazon.com/dp/B001AIXCU6?tag=eloabder-20&linkCode=osi&th=1&psc=1">View Product</a></div><div class="product"><a href="https://www.amazon.com/dp/B07122C9VC?tag=eloabder-20&linkCode=osi&th=1&psc=1"><img src="https://m.media-amazon.com/images/I/41ksWmD5wXL._SL500_.jpg" alt="Product Image"></a><p>Amazon Elements Vitamin C 1000mg, Supports Healthy Immune System, Vegan, 300 Tablets, 10 month supply</p><p>$19.53 ($0.07 / Count)</p><a href="https://www.amazon.com/dp/B07122C9VC?tag=eloabder-20&linkCode=osi&th=1&psc=1">View Product</a></div><div class="product"><a href="https://www.amazon.com/dp/B0CBVWPPR9?tag=eloabder-20&linkCode=osi&th=1&psc=1"><img src="https://m.media-amazon.com/images/I/51K+H5CtsML._SL500_.jpg" alt="Product Image"></a><p>Nature Made Maximum Strength Dosage Vitamin C 1000mg per Serving, Immune Support Vitamin C Gummies for Adults, 80 Vitamin C Gummies, 20 Day Supply</p><p>$14.99 ($0.19 / Count)</p><a href="https://www.amazon.com/dp/B0CBVWPPR9?tag=eloabder-20&linkCode=osi&th=1&psc=1">View Product</a></div><div class="product"><a href="https://www.amazon.com/dp/B000GG87V2?tag=eloabder-20&linkCode=osi&th=1&psc=1"><img src="https://m.media-amazon.com/images/I/41YmbIN07ML._SL500_.jpg" alt="Product Image"></a><p>Nature's Bounty Vitamin C, Supports a Healthy Immune System, Vitamin Supplement, 500mg, 250 Tablets</p><p>$14.39 ($0.06 / Count)</p><a href="https://www.amazon.com/dp/B000GG87V2?tag=eloabder-20&linkCode=osi&th=1&psc=1">View Product</a></div><div class="product"><a href="https://www.amazon.com/dp/B07K8QLGHN?tag=eloabder-20&linkCode=osi&th=1&psc=1"><img src="https://m.media-amazon.com/images/I/51S7oGd68mL._SL500_.jpg" alt="Product Image"></a><p>Nutrivein Liposomal Vitamin C 1650mg - 180 Capsules - High Absorption Ascorbic Acid - Supports Immune System & Collagen Booster - Powerful Antioxidant</p><p>$17.49 ($0.10 / Count)</p><a href="https://www.amazon.com/dp/B07K8QLGHN?tag=eloabder-20&linkCode=osi&th=1&psc=1">View Product</a></div><div class="product"><a href="https://www.amazon.com/dp/B07DH1ZJZ9?tag=eloabder-20&linkCode=osi&th=1&psc=1"><img src="https://m.media-amazon.com/images/I/41krrGmgAoL._SL500_.jpg" alt="Product Image"></a><p>NutriFlair Liposomal Vitamin C 1700mg, 180 Capsules - High Absorption, Fat Soluble VIT C, Antioxidant Supplement, Higher Bioavailability Immune System Support & Collagen Booster, Non-GMO, Vegan Pills</p><p>$20.99 ($0.12 / Count)</p><a href="https://www.amazon.com/dp/B07DH1ZJZ9?tag=eloabder-20&linkCode=osi&th=1&psc=1">View Product</a></div><div class="product"><a href="https://www.amazon.com/dp/B09FYFM7N3?tag=eloabder-20&linkCode=osi&th=1&psc=1"><img src="https://m.media-amazon.com/images/I/41SdBC0uk0L._SL500_.jpg" alt="Product Image"></a><p>THORNE Vitamin C - Blend of Vitamin C and Citrus Bioflavonoids from Oranges - Support Immune System, Production of Cellular Energy, Collagen Production and Healthy Tissue - Gluten-Free - 90 Capsules</p><p>$19.00 ($0.21 / Count)</p><a href="https://www.amazon.com/dp/B09FYFM7N3?tag=eloabder-20&linkCode=osi&th=1&psc=1">View Product</a></div>
<div class="product"><a href="https://www.amazon.com/dp/B00DS5BGDY?tag=eloabder-20&linkCode=osi&th=1&psc=1"><img src="https://m.media-amazon.com/images/I/41zXI0XuNYL._SL500_.jpg" alt="Product Image"></a><p>Nature Made Vitamin B12 1000 mcg, Dietary Supplement for Energy Metabolism Support, 150 Softgels, 150 Day Supply</p><p>$9.98 ($0.07 / Count)</p><a href="https://www.amazon.com/dp/B00DS5BGDY?tag=eloabder-20&linkCode=osi&th=1&psc=1">View Product</a></div><div class="product"><a href="https://www.amazon.com/dp/B005DXM32M?tag=eloabder-20&linkCode=osi&th=1&psc=1"><img src="https://m.media-amazon.com/images/I/41MvjD91oML._SL500_.jpg" alt="Product Image"></a><p>Nature Made Vitamin B12 1000 mcg, Dietary Supplement For Energy Metabolism Support, 160 Time Release Tablets, 160 Day Supply</p><p>$10.65 ($0.07 / Count)</p><a href="https://www.amazon.com/dp/B005DXM32M?tag=eloabder-20&linkCode=osi&th=1&psc=1">View Product</a></div><div class="product"><a href="https://www.amazon.com/dp/B00DYSUQR2?tag=eloabder-20&linkCode=osi&th=1&psc=1"><img src="https://m.media-amazon.com/images/I/41+1qFufxjL._SL500_.jpg" alt="Product Image"></a><p>Nature's Bounty Vitamin B12, Supports Energy Metabolism, Tablets, 1000mcg, 200 Ct</p><p>$12.23 ($0.06 / Count)</p><a href="https://www.amazon.com/dp/B00DYSUQR2?tag=eloabder-20&linkCode=osi&th=1&psc=1">View Product</a></div><div class="product"><a href="https://www.amazon.com/dp/B00CBXSO4I?tag=eloabder-20&linkCode=osi&th=1&psc=1"><img src="https://m.media-amazon.com/images/I/41iG+dyC1gL._SL500_.jpg" alt="Product Image"></a><p>Nature Made Maximum Strength Vitamin B12 5000 mcg, Dietary Supplement for Energy Metabolism Support, 60 Softgels, 60 Day Supply</p><p>$20.11 ($0.34 / Count)</p><a href="https://www.amazon.com/dp/B00CBXSO4I?tag=eloabder-20&linkCode=osi&th=1&psc=1">View Product</a></div><div class="product"><a href="https://www.amazon.com/dp/B0828JPPMX?tag=eloabder-20&linkCode=osi&th=1&psc=1"><img src="https://m.media-amazon.com/images/I/41-qXmm7XgL._SL500_.jpg" alt="Product Image"></a><p>Nature Made Vitamin B12 1000 mcg, Easy to Take Sublingual B12 for Energy Metabolism Support, 150 Sugar Free Fast Dissolve Tablets, 150 Day Supply</p><p>$16.85 ($0.11 / Count)</p><a href="https://www.amazon.com/dp/B0828JPPMX?tag=eloabder-20&linkCode=osi&th=1&psc=1">View Product</a></div><div class="product"><a href="https://www.amazon.com/dp/B07BBFK9QZ?tag=eloabder-20&linkCode=osi&th=1&psc=1"><img src="https://m.media-amazon.com/images/I/41ynYROT4rL._SL500_.jpg" alt="Product Image"></a><p>Amazon Basics Vitamin B12 3000 mcg Gummies, Normal Energy Production and Metabolism, Immune System Support, Raspberry, 100 Count (2 per serving) (Previously Solimo)</p><p>$8.19 ($0.08 / Count)</p><a href="https://www.amazon.com/dp/B07BBFK9QZ?tag=eloabder-20&linkCode=osi&th=1&psc=1">View Product</a></div><div class="product"><a href="https://www.amazon.com/dp/B07BLLJK8H?tag=eloabder-20&linkCode=osi&th=1&psc=1"><img src="https://m.media-amazon.com/images/I/41HZAnyAW7L._SL500_.jpg" alt="Product Image"></a><p>Natrol Vitamin B-12 5000mcg, Dietary Supplement for Cellular Energy Production & Healthy Nervous System Support, 200 Strawberry-Flavored Fast Dissolve Tablets, 200 Day Supply</p><p>$19.98 ($0.10 / count)</p><a href="https://www.amazon.com/dp/B07BLLJK8H?tag=eloabder-20&linkCode=osi&th=1&psc=1">View Product</a></div><div class="product"><a href="https://www.amazon.com/dp/B00OJOL3KO?tag=eloabder-20&linkCode=osi&th=1&psc=1"><img src="https://m.media-amazon.com/images/I/51fIqhTZ-dL._SL500_.jpg" alt="Product Image"></a><p>Vitafusion Extra Strength Vitamin B12 Gummy Vitamins for Energy Metabolism Support and Nervous System Health Support, Cherry Flavored, America’s Number 1 Brand, 45 Day Supply, 90 Count</p><p>$9.74 ($0.11 / Count)</p><a href="https://www.amazon.com/dp/B00OJOL3KO?tag=eloabder-20&linkCode=osi&th=1&psc=1">View Product</a></div><div class="product"><a href="https://www.amazon.com/dp/B00NV5UTIE?tag=eloabder-20&linkCode=osi&th=1&psc=1"><img src="https://m.media-amazon.com/images/I/31mynYEQnsL._SL500_.jpg" alt="Product Image"></a><p>EZ Melts B12 Sublingual Vitamin 2,500 mcg, Methylcobalamin, Sugar-Free, 3-Month Supply</p><p>$19.50 ($0.22 / Count)</p><a href="https://www.amazon.com/dp/B00NV5UTIE?tag=eloabder-20&linkCode=osi&th=1&psc=1">View Product</a></div><div class="product"><a href="https://www.amazon.com/dp/B075DC51YC?tag=eloabder-20&linkCode=osi&th=1&psc=1"><img src="https://m.media-amazon.com/images/I/41Ssq0mbl+L._SL500_.jpg" alt="Product Image"></a><p>Amazon Elements Vitamin B12 Methylcobalamin 5000 mcg - Normal Energy Production and Metabolism, Immune System Support - 2 Month Supply, Berry Flavored Lozenges, 65 Count (Pack of 1)</p><p>$12.07 ($0.19 / Count)</p><a href="https://www.amazon.com/dp/B075DC51YC?tag=eloabder-20&linkCode=osi&th=1&psc=1">View Product</a></div>
<div class="product"><a href="https://www.amazon.com/dp/B0012DENSE?tag=eloabder-20&linkCode=osi&th=1&psc=1"><img src="https://m.media-amazon.com/images/I/41ov4b84P2L._SL500_.jpg" alt="Product Image"></a><p>Nature Made Vitamin E 180 mg (400 IU) dl-Alpha, Dietary Supplement for Antioxidant Support, 100 Softgels, 100 Day Supply</p><p>$7.99 ($0.08 / Count)</p><a href="https://www.amazon.com/dp/B0012DENSE?tag=eloabder-20&linkCode=osi&th=1&psc=1">View Product</a></div><div class="product"><a href="https://www.amazon.com/dp/B07BFSFCDS?tag=eloabder-20&linkCode=osi&th=1&psc=1"><img src="https://m.media-amazon.com/images/I/41pk1ggHalS._SL500_.jpg" alt="Product Image"></a><p>Amazon Elements Vitamin E, 400 IU, 100 Softgels, 100 days of supply (Packaging may vary)</p><p>$10.52 ($0.11 / count)</p><a href="https://www.amazon.com/dp/B07BFSFCDS?tag=eloabder-20&linkCode=osi&th=1&psc=1">View Product</a></div><div class="product"><a href="https://www.amazon.com/dp/B002QMB57C?tag=eloabder-20&linkCode=osi&th=1&psc=1"><img src="https://m.media-amazon.com/images/I/41ILutGzoOL._SL500_.jpg" alt="Product Image"></a><p>Nature's Bounty Vitamin E 1000 IU Softgels, Supports Antioxidant Health & Immune System, 1 Pack, 60 Softgels</p><p>$18.48 ($0.31 / Count)</p><a href="https://www.amazon.com/dp/B002QMB57C?tag=eloabder-20&linkCode=osi&th=1&psc=1">View Product</a></div><div class="product"><a href="https://www.amazon.com/dp/B0C2SY3BG3?tag=eloabder-20&linkCode=osi&th=1&psc=1"><img src="https://m.media-amazon.com/images/I/41b1yne-vuL._SL500_.jpg" alt="Product Image"></a><p>NatureBell Vitamin E Oil Softgels, 1,000 IU Per Serving, 300 Pills | Essential Antioxidant Supplements, Easily Absorbed Form – Supports Skin, Heart, & Immune Health – Non-GMO</p><p>$23.95 ($0.08 / Count)</p><a href="https://www.amazon.com/dp/B0C2SY3BG3?tag=eloabder-20&linkCode=osi&th=1&psc=1">View Product</a></div><div class="product"><a href="https://www.amazon.com/dp/B0001VURB0?tag=eloabder-20&linkCode=osi&th=1&psc=1"><img src="https://m.media-amazon.com/images/I/41F7-5JvK1L._SL500_.jpg" alt="Product Image"></a><p>Solgar Vitamin E 268 MG (400 IU) (d-Alpha Tocopherol & Mixed Tocopherols), 100 Softgels - Supports Immune System & Skin Nutrition - Natural Antioxidant - Gluten Free, Dairy Free - 100 Servings</p><p>$13.74 ($0.14 / Count)</p><a href="https://www.amazon.com/dp/B0001VURB0?tag=eloabder-20&linkCode=osi&th=1&psc=1">View Product</a></div><div class="product"><a href="https://www.amazon.com/dp/B01I5OB3LW?tag=eloabder-20&linkCode=osi&th=1&psc=1"><img src="https://m.media-amazon.com/images/I/417sk03NClL._SL500_.jpg" alt="Product Image"></a><p>Nutricost Vitamin E 400 IU, 240 Softgel Capsules - Gluten Free, Non-GMO</p><p>$15.95 ($0.07 / Count)</p><a href="https://www.amazon.com/dp/B01I5OB3LW?tag=eloabder-20&linkCode=osi&th=1&psc=1">View Product</a></div><div class="product"><a href="https://www.amazon.com/dp/B00128X11E?tag=eloabder-20&linkCode=osi&th=1&psc=1"><img src="https://m.media-amazon.com/images/I/41518K4wU4L._SL500_.jpg" alt="Product Image"></a><p>Solgar Vitamin E 670 mg (1000 IU), 100 Mixed Softgels - Natural Antioxidant, Skin & Immune System Support - Naturally-Sourced Vitamin E - Gluten /Dairy Free - 100 Servings</p><p>$24.99 ($0.25 / Count)</p><a href="https://www.amazon.com/dp/B00128X11E?tag=eloabder-20&linkCode=osi&th=1&psc=1">View Product</a></div><div class="product"><a href="https://www.amazon.com/dp/B0013OSMC0?tag=eloabder-20&linkCode=osi&th=1&psc=1"><img src="https://m.media-amazon.com/images/I/41fX51ecI9L._SL500_.jpg" alt="Product Image"></a><p>NOW Supplements, Vitamin E-400 IU, D-Alpha Tocopheryl, Antioxidant Protection*, 250 Softgels</p><p>$23.24 ($0.09 / Count)</p><a href="https://www.amazon.com/dp/B0013OSMC0?tag=eloabder-20&linkCode=osi&th=1&psc=1">View Product</a></div><div class="product"><a href="https://www.amazon.com/dp/B0841865YD?tag=eloabder-20&linkCode=osi&th=1&psc=1"><img src="https://m.media-amazon.com/images/I/51KkOblPIXL._SL500_.jpg" alt="Product Image"></a><p>NATURELO Vitamin E - 180 mg (300 IU) of Natural Mixed Tocopherols from Organic Whole Foods - Supplement for Healthy Skin, Hair, Nails, Immune & Eye Health - Non-GMO, Soy Free - 90 Vegan Capsules</p><p>$24.95 ($0.28 / Count)</p><a href="https://www.amazon.com/dp/B0841865YD?tag=eloabder-20&linkCode=osi&th=1&psc=1">View Product</a></div><div class="product"><a href="https://www.amazon.com/dp/B001GCU7XQ?tag=eloabder-20&linkCode=osi&th=1&psc=1"><img src="https://m.media-amazon.com/images/I/418jGSEC+-L._SL500_.jpg" alt="Product Image"></a><p>Nature's Bounty Vitamin E Pills and Supplement Softgels, Supports Antioxidant Health, 400iu, Multi, 180 mg, 120 Count (Pack of 1)</p><p>$9.99 ($0.08 / Count)</p><a href="https://www.amazon.com/dp/B001GCU7XQ?tag=eloabder-20&linkCode=osi&th=1&psc=1">View Product</a></div>
<div class="product"><a href="https://www.amazon.com/dp/B006QQRY2O?tag=eloabder-20&linkCode=osi&th=1&psc=1"><img src="https://m.media-amazon.com/images/I/419WjZLvLFL._SL500_.jpg" alt="Product Image"></a><p>Nature's Bounty Iron 65mg, 325 mg Ferrous Sulfate, Cellular Energy Support, Promotes Normal Red Blood Cell Production, 100 Tablets</p><p>$5.45 ($0.05 / Count)</p><a href="https://www.amazon.com/dp/B006QQRY2O?tag=eloabder-20&linkCode=osi&th=1&psc=1">View Product</a></div><div class="product"><a href="https://www.amazon.com/dp/B0797GZDZL?tag=eloabder-20&linkCode=osi&th=1&psc=1"><img src="https://m.media-amazon.com/images/I/41I3K79zuFL._SL500_.jpg" alt="Product Image"></a><p>THORNE Iron Bisglycinate - 25 mg Iron Supplement for Enhanced Absorption Without Gastrointestinal Side Effects - NSF Certified for Sport - Gluten-Free - 60 Capsules</p><p>$14.00 ($0.23 / Count)</p><a href="https://www.amazon.com/dp/B0797GZDZL?tag=eloabder-20&linkCode=osi&th=1&psc=1">View Product</a></div><div class="product"><a href="https://www.amazon.com/dp/B000WQDD2O?tag=eloabder-20&linkCode=osi&th=1&psc=1"><img src="https://m.media-amazon.com/images/I/41jQi-zmmlL._SL500_.jpg" alt="Product Image"></a><p>NOW Supplements, Iron 18 mg, Non-Constipating*, Essential Mineral, 120 Veg Capsules</p><p>$7.95 ($0.07 / Count)</p><a href="https://www.amazon.com/dp/B000WQDD2O?tag=eloabder-20&linkCode=osi&th=1&psc=1">View Product</a></div><div class="product"><a href="https://www.amazon.com/dp/B08R68324Q?tag=eloabder-20&linkCode=osi&th=1&psc=1"><img src="https://m.media-amazon.com/images/I/41b3TxAwD0L._SL500_.jpg" alt="Product Image"></a><p>Doctor's Recipes Iron Supplement 65 mg with Vitamin C - Maximized Absorption & Stomach Friendly Iron Pills for Red Blood Cells Formation, Heart, Brain & Immunity Health - Vegan Non-GMO 60 Iron Tablets</p><p>$15.98 ($0.27 / Count)</p><a href="https://www.amazon.com/dp/B08R68324Q?tag=eloabder-20&linkCode=osi&th=1&psc=1">View Product</a></div><div class="product"><a href="https://www.amazon.com/dp/B0797PJQMT?tag=eloabder-20&linkCode=osi&th=1&psc=1"><img src="https://m.media-amazon.com/images/I/31p4ynvy7OL._SL500_.jpg" alt="Product Image"></a><p>THORNE Ferrasorb - 36 mg Iron with Essential Nutrients - Complete Blood Support Formula - Elemental Iron, Folate, B and C Vitamins for Optimal Absorption - Gluten-Free - 60 Capsules</p><p>$24.00 ($0.40 / Count)</p><a href="https://www.amazon.com/dp/B0797PJQMT?tag=eloabder-20&linkCode=osi&th=1&psc=1">View Product</a></div><div class="product"><a href="https://www.amazon.com/dp/B00FYOU6AG?tag=eloabder-20&linkCode=osi&th=1&psc=1"><img src="https://m.media-amazon.com/images/I/41oKBWWRn0L._SL500_.jpg" alt="Product Image"></a><p>NOW Supplements, Iron 36 mg, Double Strength, Non-Constipating*, Essential Mineral, 90 Veg Capsules</p><p>$8.90 ($0.10 / Count)</p><a href="https://www.amazon.com/dp/B00FYOU6AG?tag=eloabder-20&linkCode=osi&th=1&psc=1">View Product</a></div><div class="product"><a href="https://www.amazon.com/dp/B07YM21GR5?tag=eloabder-20&linkCode=osi&th=1&psc=1"><img src="https://m.media-amazon.com/images/I/31Jsc2g7KXL._SL500_.jpg" alt="Product Image"></a><p>MaryRuth Organics Iron Supplement for Women Men & Kids, Liquid Iron Supplement for Women Men & Kids, Iron for Healthy Blood & Oxygen, Ages 4 & Up, Sugar Free, Vegan, Non-GMO, Gluten Free, 15.22 Fl Oz</p><p>$37.95 ($2.49 / Fl Oz)</p><a href="https://www.amazon.com/dp/B07YM21GR5?tag=eloabder-20&linkCode=osi&th=1&psc=1">View Product</a></div><div class="product"><a href="https://www.amazon.com/dp/B0010XQ5L4?tag=eloabder-20&linkCode=osi&th=1&psc=1"><img src="https://m.media-amazon.com/images/I/41hPxe+bb0L._SL500_.jpg" alt="Product Image"></a><p>Country Life - Easy Iron, 25 mg - 90 Vegetarian Capsules</p><p>$13.12 ($0.15 / Count)</p><a href="https://www.amazon.com/dp/B0010XQ5L4?tag=eloabder-20&linkCode=osi&th=1&psc=1">View Product</a></div><div class="product"><a href="https://www.amazon.com/dp/B07JMDYMLS?tag=eloabder-20&linkCode=osi&th=1&psc=1"><img src="https://m.media-amazon.com/images/I/41VfbglceOL._SL500_.jpg" alt="Product Image"></a><p>Fusion Lifestyle Chewable Iron Supplement for Women & Men - Cherry Flavor, Iron Vitamin C Soft Chew for Max Absorption, Iron as Ferrous Fumarate, Ideal for Anemia and Iron Deficiency, 2 Month Supply</p><p>$32.99 ($0.55 / Count)</p><a href="https://www.amazon.com/dp/B07JMDYMLS?tag=eloabder-20&linkCode=osi&th=1&psc=1">View Product</a></div>
<div class="product"><a href="https://www.amazon.com/dp/B00H5PJ0HW?tag=eloabder-20&linkCode=osi&th=1&psc=1"><img src="https://m.media-amazon.com/images/I/414mKN9ZjbL._SL500_.jpg" alt="Product Image"></a><p>Nature's Bounty Magnesium, Bone and Muscle Health, Whole Body Support, Tablets, 500 Mg, 200 Ct</p><p>$11.28 ($0.06 / Count)</p><a href="https://www.amazon.com/dp/B00H5PJ0HW?tag=eloabder-20&linkCode=osi&th=1&psc=1">View Product</a></div><div class="product"><a href="https://www.amazon.com/dp/B0002VG3QC?tag=eloabder-20&linkCode=osi&th=1&psc=1"><img src="https://m.media-amazon.com/images/I/4164AhPYwZL._SL500_.jpg" alt="Product Image"></a><p>Nature Made Magnesium Oxide 250 mg, Magnesium Supplement for Muscle, Heart, Bone and Nerve Health Support, 200 Tablets, 200 Day Supply</p><p>$6.79 ($0.03 / Count)</p><a href="https://www.amazon.com/dp/B0002VG3QC?tag=eloabder-20&linkCode=osi&th=1&psc=1">View Product</a></div><div class="product"><a href="https://www.amazon.com/dp/B07TNJRN9N?tag=eloabder-20&linkCode=osi&th=1&psc=1"><img src="https://m.media-amazon.com/images/I/41TIcE1sPPL._SL500_.jpg" alt="Product Image"></a><p>BioEmblem Triple Magnesium Complex | 300mg of Magnesium Glycinate, Malate, & Citrate for Muscles, Nerves, & Energy | High Absorption | Vegan, Non-GMO | 90 Capsules</p><p>$27.99 ($0.31 / Count)</p><a href="https://www.amazon.com/dp/B07TNJRN9N?tag=eloabder-20&linkCode=osi&th=1&psc=1">View Product</a></div><div class="product"><a href="https://www.amazon.com/dp/B0058HWV9S?tag=eloabder-20&linkCode=osi&th=1&psc=1"><img src="https://m.media-amazon.com/images/I/41DCInMZ2qL._SL500_.jpg" alt="Product Image"></a><p>Pure Encapsulations Magnesium (Glycinate) - Supplement to Support Stress Relief, Sleep, Heart Health, Nerves, Muscles, and Metabolism* - with Magnesium Glycinate - 180 Capsules</p><p>$44.60 ($0.25 / Count)</p><a href="https://www.amazon.com/dp/B0058HWV9S?tag=eloabder-20&linkCode=osi&th=1&psc=1">View Product</a></div><div class="product"><a href="https://www.amazon.com/dp/B000BD0RT0?tag=eloabder-20&linkCode=osi&th=1&psc=1"><img src="https://m.media-amazon.com/images/I/31xdCnZt+TL._SL500_.jpg" alt="Product Image"></a><p>Doctor's Best High Absorption Magnesium Glycinate Lysinate, 100% Chelated, Non-GMO, Vegan, Gluten & Soy Free, 100 mg, 240 Count</p><p>$18.19 ($0.08 / Count)</p><a href="https://www.amazon.com/dp/B000BD0RT0?tag=eloabder-20&linkCode=osi&th=1&psc=1">View Product</a></div><div class="product"><a href="https://www.amazon.com/dp/B01CJGXMU2?tag=eloabder-20&linkCode=osi&th=1&psc=1"><img src="https://m.media-amazon.com/images/I/41vazOiu5hL._SL500_.jpg" alt="Product Image"></a><p>Nature Made Magnesium Oxide 250 mg, Magnesium Supplement for Muscle, Heart, Bone and Nerve Health Support, 100 Tablets, 100 Day Supply</p><p>$4.49 ($0.04 / Count)</p><a href="https://www.amazon.com/dp/B01CJGXMU2?tag=eloabder-20&linkCode=osi&th=1&psc=1">View Product</a></div><div class="product"><a href="https://www.amazon.com/dp/B08FQWXCVS?tag=eloabder-20&linkCode=osi&th=1&psc=1"><img src="https://m.media-amazon.com/images/I/41GdE5-X4KL._SL500_.jpg" alt="Product Image"></a><p>Vitalitown Magnesium Complex Supplement 500mg - Maximized Absorption Chelated Magnesium Glycinate, Malate, Taurate & Citrate - Vegan Non-GMO Magnesium 120 Capsules for Sleep, Muscle, Energy & Heart</p><p>$15.39 ($0.13 / Count)</p><a href="https://www.amazon.com/dp/B08FQWXCVS?tag=eloabder-20&linkCode=osi&th=1&psc=1">View Product</a></div><div class="product"><a href="https://www.amazon.com/dp/B00A7HDABW?tag=eloabder-20&linkCode=osi&th=1&psc=1"><img src="https://m.media-amazon.com/images/I/41nW4okNqlL._SL500_.jpg" alt="Product Image"></a><p>Life Extension Magnesium Caps, 500 mg, magnesium oxide, citrate, succinate, heart health, healthy bones, metabolism support, 100 vegetarian capsules</p><p>$9.00 ($0.09 / Count)</p><a href="https://www.amazon.com/dp/B00A7HDABW?tag=eloabder-20&linkCode=osi&th=1&psc=1">View Product</a></div>
<div class="product"><a href="https://www.amazon.com/dp/B08YLTCDTN?tag=eloabder-20&linkCode=osi&th=1&psc=1"><img src="https://m.media-amazon.com/images/I/41aybXdjmLL._SL500_.jpg" alt="Product Image"></a><p>Nature's Bounty Zinc 50mg, Immune Support & Antioxidant Supplement, Promotes Skin Health 250 Caplets</p><p>$9.48 ($0.04 / Count)</p><a href="https://www.amazon.com/dp/B08YLTCDTN?tag=eloabder-20&linkCode=osi&th=1&psc=1">View Product</a></div><div class="product"><a href="https://www.amazon.com/dp/B0000DJAPU?tag=eloabder-20&linkCode=osi&th=1&psc=1"><img src="https://m.media-amazon.com/images/I/41AWyU-R3pL._SL500_.jpg" alt="Product Image"></a><p>Nature Made Zinc 30 mg, Dietary Supplement for Immune Health and Antioxidant Support, 100 Tablets, 100 Day Supply</p><p>$4.99 ($0.05 / Count)</p><a href="https://www.amazon.com/dp/B0000DJAPU?tag=eloabder-20&linkCode=osi&th=1&psc=1">View Product</a></div><div class="product"><a href="https://www.amazon.com/dp/B0098U0QC0?tag=eloabder-20&linkCode=osi&th=1&psc=1"><img src="https://m.media-amazon.com/images/I/5129AYBHcsS._SL500_.jpg" alt="Product Image"></a><p>Garden of Life Zinc Supplements 30mg High Potency Raw Zinc and Vitamin C Multimineral Supplement, Vitamin Code Vitamins Trace Minerals & Probiotics for Skin Health & Immune Support, 60 Vegan Capsules</p><p>$11.19 ($0.19 / Count)</p><a href="https://www.amazon.com/dp/B0098U0QC0?tag=eloabder-20&linkCode=osi&th=1&psc=1">View Product</a></div><div class="product"><a href="https://www.amazon.com/dp/B009K6TN08?tag=eloabder-20&linkCode=osi&th=1&psc=1"><img src="https://m.media-amazon.com/images/I/41+5SobvuAL._SL500_.jpg" alt="Product Image"></a><p>NOW Supplements, Zinc (Zinc Gluconate) 50 mg, Supports Enzyme Functions*, Immune Support*, 100 Tablets</p><p>$4.88 ($0.05 / Count)</p><a href="https://www.amazon.com/dp/B009K6TN08?tag=eloabder-20&linkCode=osi&th=1&psc=1">View Product</a></div><div class="product"><a href="https://www.amazon.com/dp/B000H7Y9A8?tag=eloabder-20&linkCode=osi&th=1&psc=1"><img src="https://m.media-amazon.com/images/I/41UAoe66yEL._SL500_.jpg" alt="Product Image"></a><p>Pure Encapsulations Zinc 30 mg - Supplement for Immune System Support, Growth and Development, and Wound Healing* - with Zinc Picolinate 30 mg - 180 Capsules</p><p>$40.20 ($0.22 / Count)</p><a href="https://www.amazon.com/dp/B000H7Y9A8?tag=eloabder-20&linkCode=osi&th=1&psc=1">View Product</a></div><div class="product"><a href="https://www.amazon.com/dp/B087YLTR4G?tag=eloabder-20&linkCode=osi&th=1&psc=1"><img src="https://m.media-amazon.com/images/I/41hh-3XSXjL._SL500_.jpg" alt="Product Image"></a><p>Sandhu’s Zinc Quercetin 120 Vegetarian Capsules – Zinc Supplements for Antioxidant Immune Support Zinc for Men and Women – Gluten, Soy, Dairy Free</p><p>$27.99 ($0.23 / Count)</p><a href="https://www.amazon.com/dp/B087YLTR4G?tag=eloabder-20&linkCode=osi&th=1&psc=1">View Product</a></div><div class="product"><a href="https://www.amazon.com/dp/B07QF5YZPM?tag=eloabder-20&linkCode=osi&th=1&psc=1"><img src="https://m.media-amazon.com/images/I/31-Es0RvwCL._SL500_.jpg" alt="Product Image"></a><p>Horbäach Chelated Zinc Supplement 100mg | 250 Tablets | High Potency & Superior Absorption | Vegetarian, Non-GMO, Gluten Free</p><p>$9.39 ($0.04 / Count)</p><a href="https://www.amazon.com/dp/B07QF5YZPM?tag=eloabder-20&linkCode=osi&th=1&psc=1">View Product</a></div><div class="product"><a href="https://www.amazon.com/dp/B0797NSHQX?tag=eloabder-20&linkCode=osi&th=1&psc=1"><img src="https://m.media-amazon.com/images/I/41VaF3Lgx2L._SL500_.jpg" alt="Product Image"></a><p>Thorne Zinc Picolinate 15mg - Highly Absorbable Zinc Supplement - Supports Wellness, Immune System, Eye, Skin, and Reproductive Health - Gluten-Free, Soy-Free, Dairy-Free - 60 Capsules</p><p>$13.00 ($0.22 / Count)</p><a href="https://www.amazon.com/dp/B0797NSHQX?tag=eloabder-20&linkCode=osi&th=1&psc=1">View Product</a></div><div class="product"><a href="https://www.amazon.com/dp/B0012ZQPKG?tag=eloabder-20&linkCode=osi&th=1&psc=1"><img src="https://m.media-amazon.com/images/I/41QkOY2NKkL._SL500_.jpg" alt="Product Image"></a><p>Thorne Zinc Picolinate 30 mg - Well-Absorbed Zinc Supplement for Growth and Immune Function - 60 Capsules</p><p>$18.00 ($0.30 / Count)</p><a href="https://www.amazon.com/dp/B0012ZQPKG?tag=eloabder-20&linkCode=osi&th=1&psc=1">View Product</a></div>
<div class="product"><a href="https://www.amazon.com/dp/B0000DJAPS?tag=eloabder-20&linkCode=osi&th=1&psc=1"><img src="https://m.media-amazon.com/images/I/41V-vVwQs7L._SL500_.jpg" alt="Product Image"></a><p>Nature Made Folic Acid 400 mcg (665 mcg DFE), Dietary Supplement for Nervous System Function, 250 Tablets, 250 Day Supply</p><p>$6.31 ($0.03 / Count)</p><a href="https://www.amazon.com/dp/B0000DJAPS?tag=eloabder-20&linkCode=osi&th=1&psc=1">View Product</a></div><div class="product"><a href="https://www.amazon.com/dp/B099JC2YTF?tag=eloabder-20&linkCode=osi&th=1&psc=1"><img src="https://m.media-amazon.com/images/I/41T14HpE5hS._SL500_.jpg" alt="Product Image"></a><p>Vitamatic Folic Acid 1000 mcg (1 mg) - Vegetarian Tablets - 1667 mcg DFE - Vitamin B9 (240 Count (Pack of 1))</p><p>$9.99 ($0.04 / Count)</p><a href="https://www.amazon.com/dp/B099JC2YTF?tag=eloabder-20&linkCode=osi&th=1&psc=1">View Product</a></div><div class="product"><a href="https://www.amazon.com/dp/B01IO43YO2?tag=eloabder-20&linkCode=osi&th=1&psc=1"><img src="https://m.media-amazon.com/images/I/41osMHAFreL._SL500_.jpg" alt="Product Image"></a><p>Nutricost Folic Acid (Vitamin B9) 1000 mcg, 240 Capsules</p><p>$12.95 ($0.05 / Count)</p><a href="https://www.amazon.com/dp/B01IO43YO2?tag=eloabder-20&linkCode=osi&th=1&psc=1">View Product</a></div><div class="product"><a href="https://www.amazon.com/dp/B0064RBBD8?tag=eloabder-20&linkCode=osi&th=1&psc=1"><img src="https://m.media-amazon.com/images/I/41d+BGZ--4L._SL500_.jpg" alt="Product Image"></a><p>Pure Encapsulations Folic Acid | Hypoallergenic Dietary Supplement | 60 Capsules</p><p>$15.00 ($0.25 / Count)</p><a href="https://www.amazon.com/dp/B0064RBBD8?tag=eloabder-20&linkCode=osi&th=1&psc=1">View Product</a></div><div class="product"><a href="https://www.amazon.com/dp/B0009U84Z4?tag=eloabder-20&linkCode=osi&th=1&psc=1"><img src="https://m.media-amazon.com/images/I/41XgVk+QOcL._SL500_.jpg" alt="Product Image"></a><p>NOW Supplements, Folic Acid 800 mcg + B-12 (Cyanocobalamin) 25 mcg, B Complex Vitamin, 250 Tablets</p><p>$5.50 ($0.02 / Count)</p><a href="https://www.amazon.com/dp/B0009U84Z4?tag=eloabder-20&linkCode=osi&th=1&psc=1">View Product</a></div><div class="product"><a href="https://www.amazon.com/dp/B00E4MRDZ0?tag=eloabder-20&linkCode=osi&th=1&psc=1"><img src="https://m.media-amazon.com/images/I/41omS-OckKL._SL500_.jpg" alt="Product Image"></a><p>Nature's Bounty Folic Acid Supplement, Supports Cardiovascular Health, 800mcg, Tablet 250 Count(Pack of 3)</p><p>$19.96 ($0.03 / Count)</p><a href="https://www.amazon.com/dp/B00E4MRDZ0?tag=eloabder-20&linkCode=osi&th=1&psc=1">View Product</a></div><div class="product"><a href="https://www.amazon.com/dp/B0916BDPMJ?tag=eloabder-20&linkCode=osi&th=1&psc=1"><img src="https://m.media-amazon.com/images/I/41haieRUb3L._SL500_.jpg" alt="Product Image"></a><p>Amazon Elements Folic Acid 800 mcg per serving, Tablet, 180 Count, Pack of 1, Women's Dietary Supplement for Healthy Prenatal Development, 6 Months of Supply</p><p>$7.19 ($0.04 / Count)</p><a href="https://www.amazon.com/dp/B0916BDPMJ?tag=eloabder-20&linkCode=osi&th=1&psc=1">View Product</a></div><div class="product"><a href="https://www.amazon.com/dp/B00BMEHOH0?tag=eloabder-20&linkCode=osi&th=1&psc=1"><img src="https://m.media-amazon.com/images/I/416p4YruzOL._SL500_.jpg" alt="Product Image"></a><p>Nature's Bounty Folic Acid 1 mg 150 Tablets (Packaging May Vary)</p><p>$16.50 ($0.11 / Count)</p><a href="https://www.amazon.com/dp/B00BMEHOH0?tag=eloabder-20&linkCode=osi&th=1&psc=1">View Product</a></div><div class="product"><a href="https://www.amazon.com/dp/B000HRVSP2?tag=eloabder-20&linkCode=osi&th=1&psc=1"><img src="https://m.media-amazon.com/images/I/519T+k2KycL._SL500_.jpg" alt="Product Image"></a><p>Nature's Bounty Folic Acid 800 mcg Tablets Maximum Strength 250 ea</p><p>$9.95 ($0.04 / Count)</p><a href="https://www.amazon.com/dp/B000HRVSP2?tag=eloabder-20&linkCode=osi&th=1&psc=1">View Product</a></div><div class="product"><a href="https://www.amazon.com/dp/B08SQBNKHY?tag=eloabder-20&linkCode=osi&th=1&psc=1"><img src="https://m.media-amazon.com/images/I/41mEOSBbHzL._SL500_.jpg" alt="Product Image"></a><p>Best Naturals Folic Acid 1000 mcg (Vitamin B9), 240 Tablets</p><p>$9.99 ($0.04 / Count)</p><a href="https://www.amazon.com/dp/B08SQBNKHY?tag=eloabder-20&linkCode=osi&th=1&psc=1">View Product</a></div>
<div class="product"><a href="https://www.amazon.com/dp/B009SZXM4E?tag=eloabder-20&linkCode=osi&th=1&psc=1"><img src="https://m.media-amazon.com/images/I/418wJuLSwhL._SL500_.jpg" alt="Product Image"></a><p>Nature's Bounty Biotin, Supports Healthy Hair, Skin and Nails, 10,000 mcg, Rapid Release Softgels, 120 Ct</p><p>$9.79 ($0.08 / Count)</p><a href="https://www.amazon.com/dp/B009SZXM4E?tag=eloabder-20&linkCode=osi&th=1&psc=1">View Product</a></div><div class="product"><a href="https://www.amazon.com/dp/B00T56FQAE?tag=eloabder-20&linkCode=osi&th=1&psc=1"><img src="https://m.media-amazon.com/images/I/41CR7r5GWdL._SL500_.jpg" alt="Product Image"></a><p>Sports Research Vegan Biotin 10,000mcg with Coconut Oil - Max Strength Biotin Vitamin B7 for Skin and Keratin Support - Non-GMO & Gluten Free, 120 Softgels (4 Month Supply)</p><p>$19.95 ($0.17 / Count)</p><a href="https://www.amazon.com/dp/B00T56FQAE?tag=eloabder-20&linkCode=osi&th=1&psc=1">View Product</a></div><div class="product"><a href="https://www.amazon.com/dp/B0719HYML3?tag=eloabder-20&linkCode=osi&th=1&psc=1"><img src="https://m.media-amazon.com/images/I/41rmUlXp+4L._SL500_.jpg" alt="Product Image"></a><p>Amazon Elements Vegan Biotin 5000 mcg - Hair, Skin, Nails, 130 Capsules (4 month supply) (Packaging may vary)</p><p>$7.03 ($0.05 / Count)</p><a href="https://www.amazon.com/dp/B0719HYML3?tag=eloabder-20&linkCode=osi&th=1&psc=1">View Product</a></div><div class="product"><a href="https://www.amazon.com/dp/B00IOZWC2M?tag=eloabder-20&linkCode=osi&th=1&psc=1"><img src="https://m.media-amazon.com/images/I/41Y7fofhv1L._SL500_.jpg" alt="Product Image"></a><p>Sports Research Vegan Biotin 5000mcg with Organic Coconut Oil - Extra Strength Biotin Vitamin B7 for Healthier Hair & Skin + Keratin Support - Non-GMO & Gluten Free, 120 Softgels (4 Month Supply)</p><p>$17.95 ($0.15 / Count)</p><a href="https://www.amazon.com/dp/B00IOZWC2M?tag=eloabder-20&linkCode=osi&th=1&psc=1">View Product</a></div><div class="product"><a href="https://www.amazon.com/dp/B0B4T4YXTG?tag=eloabder-20&linkCode=osi&th=1&psc=1"><img src="https://m.media-amazon.com/images/I/417ahMZezEL._SL500_.jpg" alt="Product Image"></a><p>Bronson Biotin 10,000 MCG Supports Healthy Hair, Skin & Nails & Energy Production - High Potency Beauty Support - Non-GMO, 360 Vegetarian Tablets</p><p>$14.97 ($0.04 / Count)</p><a href="https://www.amazon.com/dp/B0B4T4YXTG?tag=eloabder-20&linkCode=osi&th=1&psc=1">View Product</a></div><div class="product"><a href="https://www.amazon.com/dp/B0CF9Y1DM6?tag=eloabder-20&linkCode=osi&th=1&psc=1"><img src="https://m.media-amazon.com/images/I/51YjrkdFPbL._SL500_.jpg" alt="Product Image"></a><p>VITBOOST Biotin with Hyaluronic Acid, Collagen and Keratin – 25000 mcg Hair Growth Vitamins for Men and Women – Nails and Skin, USA Made - Third Party Tested, B1, B2, B3, B6, B7 Complex - 60 Capsules</p><p>$17.95 ($0.30 / Count)</p><a href="https://www.amazon.com/dp/B0CF9Y1DM6?tag=eloabder-20&linkCode=osi&th=1&psc=1">View Product</a></div><div class="product"><a href="https://www.amazon.com/dp/B00DS5BGAC?tag=eloabder-20&linkCode=osi&th=1&psc=1"><img src="https://m.media-amazon.com/images/I/41XgXxh1trL._SL500_.jpg" alt="Product Image"></a><p>Nature Made Maximum Strength Biotin 5000 mcg, Dietary Supplement may help support Healthy Hair, Skin & Nails, 120 Softgels</p><p>$18.67 ($0.16 / Count)</p><a href="https://www.amazon.com/dp/B00DS5BGAC?tag=eloabder-20&linkCode=osi&th=1&psc=1">View Product</a></div><div class="product"><a href="https://www.amazon.com/dp/B0016QX5RC?tag=eloabder-20&linkCode=osi&th=1&psc=1"><img src="https://m.media-amazon.com/images/I/31kcAiR1AXL._SL500_.jpg" alt="Product Image"></a><p>Pure Encapsulations Biotin 8 mg - B Vitamin Supplement to Aid Stress Relief, Hair, Skin & Nail Strengthening, Metabolism, Carbohydrate Support & Nervous System* - with Premium Biotin - 120 Capsules</p><p>$24.00 ($0.20 / Count)</p><a href="https://www.amazon.com/dp/B0016QX5RC?tag=eloabder-20&linkCode=osi&th=1&psc=1">View Product</a></div>
<div class="product"><a href="https://www.amazon.com/dp/B07S38C5WW?tag=eloabder-20&linkCode=osi&th=1&psc=1"><img src="https://m.media-amazon.com/images/I/41HCQg+yjUL._SL500_.jpg" alt="Product Image"></a><p>Natrol Sleep Melatonin 5mg Fast Dissolve Tablets, Nighttime Sleep Aid for Adults, 200 Strawberry-Flavored Melatonin Tablets, 200 Day Supply</p><p>$9.59 ($0.05 / Count)</p><a href="https://www.amazon.com/dp/B07S38C5WW?tag=eloabder-20&linkCode=osi&th=1&psc=1">View Product</a></div><div class="product"><a href="https://www.amazon.com/dp/B08451719W?tag=eloabder-20&linkCode=osi&th=1&psc=1"><img src="https://m.media-amazon.com/images/I/41Yv7xh8wNL._SL500_.jpg" alt="Product Image"></a><p>Carlyle Melatonin 12 mg Fast Dissolve 300 Tablets | Drug Free | Natural Berry Flavor | Vegetarian, Non-GMO, Gluten Free</p><p>$9.99 ($0.03 / Count)</p><a href="https://www.amazon.com/dp/B08451719W?tag=eloabder-20&linkCode=osi&th=1&psc=1">View Product</a></div><div class="product"><a href="https://www.amazon.com/dp/B07BBFFTKH?tag=eloabder-20&linkCode=osi&th=1&psc=1"><img src="https://m.media-amazon.com/images/I/4183dHaqkaL._SL500_.jpg" alt="Product Image"></a><p>Amazon Basics Melatonin 5mg, 120 Gummies (2 per Serving), Strawberry (Previously Solimo)</p><p>$7.54 ($0.06 / Count)</p><a href="https://www.amazon.com/dp/B07BBFFTKH?tag=eloabder-20&linkCode=osi&th=1&psc=1">View Product</a></div><div class="product"><a href="https://www.amazon.com/dp/B01E14X7SM?tag=eloabder-20&linkCode=osi&th=1&psc=1"><img src="https://m.media-amazon.com/images/I/4193TTQGbkL._SL500_.jpg" alt="Product Image"></a><p>Natrol Sleep Melatonin 10mg Fast Dissolve Tablets, Nighttime Sleep Aid for Adults, 100 Strawberry-Flavored Melatonin Tablets, 100 Day Supply</p><p>$13.19 ($0.13 / Count)</p><a href="https://www.amazon.com/dp/B01E14X7SM?tag=eloabder-20&linkCode=osi&th=1&psc=1">View Product</a></div><div class="product"><a href="https://www.amazon.com/dp/B07GR9WBFY?tag=eloabder-20&linkCode=osi&th=1&psc=1"><img src="https://m.media-amazon.com/images/I/41jky1niX9L._SL500_.jpg" alt="Product Image"></a><p>Carlyle Melatonin 12 mg Fast Dissolve 180 Tablets | Drug Free | Natural Berry Flavor | Vegetarian, Non-GMO, Gluten Free</p><p>$8.29 ($0.05 / Count)</p><a href="https://www.amazon.com/dp/B07GR9WBFY?tag=eloabder-20&linkCode=osi&th=1&psc=1">View Product</a></div><div class="product"><a href="https://www.amazon.com/dp/B000GG6D9A?tag=eloabder-20&linkCode=osi&th=1&psc=1"><img src="https://m.media-amazon.com/images/I/41FKo4YWuQL._SL500_.jpg" alt="Product Image"></a><p>Nature’s Bounty Melatonin 3mg, 100% Drug Free Sleep Aids for Adults, Supports Relaxation and Sleep, Dietary Supplement, 240 Count (Cherry Flavour - Packaging May Vary)</p><p>$7.74 ($0.03 / Count)</p><a href="https://www.amazon.com/dp/B000GG6D9A?tag=eloabder-20&linkCode=osi&th=1&psc=1">View Product</a></div><div class="product"><a href="https://www.amazon.com/dp/B07PF1SN5B?tag=eloabder-20&linkCode=osi&th=1&psc=1"><img src="https://m.media-amazon.com/images/I/41riV3viszL._SL500_.jpg" alt="Product Image"></a><p>Vitafusion Max Strength Melatonin Gummy Supplements, Strawberry Flavored, 10 mg Melatonin Sleep Supplements, America’s Number 1 Gummy Vitamin Brand, 50 Day Supply, 100 Count</p><p>$11.99 ($0.12 / Count)</p><a href="https://www.amazon.com/dp/B07PF1SN5B?tag=eloabder-20&linkCode=osi&th=1&psc=1">View Product</a></div><div class="product"><a href="https://www.amazon.com/dp/B079TD7HG2?tag=eloabder-20&linkCode=osi&th=1&psc=1"><img src="https://m.media-amazon.com/images/I/519TEPXTm7L._SL500_.jpg" alt="Product Image"></a><p>Natrol 10 mg Melatonin Gummies, Sleep Support for Adults, Melatonin Supplements for Sleeping, 90 Strawberry-Flavored Gummies, 45 Day Supply</p><p>$10.98 ($0.12 / Count)</p><a href="https://www.amazon.com/dp/B079TD7HG2?tag=eloabder-20&linkCode=osi&th=1&psc=1">View Product</a></div><div class="product"><a href="https://www.amazon.com/dp/B085V63SWW?tag=eloabder-20&linkCode=osi&th=1&psc=1"><img src="https://m.media-amazon.com/images/I/41dWasYIlQL._SL500_.jpg" alt="Product Image"></a><p>Nature Made Melatonin 10mg Maximum Strength Tablets, 100% Drug Free Sleep Aid for Adults, 70 Count, 70 Day Supply</p><p>$13.49 ($0.19 / Count)</p><a href="https://www.amazon.com/dp/B085V63SWW?tag=eloabder-20&linkCode=osi&th=1&psc=1">View Product</a></div><div class="product"><a href="https://www.amazon.com/dp/B005DEK990?tag=eloabder-20&linkCode=osi&th=1&psc=1"><img src="https://m.media-amazon.com/images/I/41WEN6LZ54L._SL500_.jpg" alt="Product Image"></a><p>Nature Made Melatonin 3mg Tablets, 100% Drug Free Sleep Aid for Adults, 240 Tablets, 240 Day Supply</p><p>$9.25 ($0.04 / Count)</p><a href="https://www.amazon.com/dp/B005DEK990?tag=eloabder-20&linkCode=osi&th=1&psc=1">View Product</a></div>
<div class="product"><a href="https://www.amazon.com/dp/B09YDMDMDP?tag=eloabder-20&linkCode=osi&th=1&psc=1"><img src="https://m.media-amazon.com/images/I/41qeEtbAu+L._SL500_.jpg" alt="Product Image"></a><p>Nature Made Glucosamine Chondroitin Complex with MSM, Dietary Supplement for Joint Support, 120 Caplets, 60 Day Supply</p><p>$19.87 ($0.17 / Count)</p><a href="https://www.amazon.com/dp/B09YDMDMDP?tag=eloabder-20&linkCode=osi&th=1&psc=1">View Product</a></div><div class="product"><a href="https://www.amazon.com/dp/B01GVJK3XW?tag=eloabder-20&linkCode=osi&th=1&psc=1"><img src="https://m.media-amazon.com/images/I/41y-ROAavrL._SL500_.jpg" alt="Product Image"></a><p>Glucosamine Chondroitin MSM Turmeric Boswellia - Joint Support Supplement. Antioxidant Properties. Helps with Inflammatory Response. Occasional Discomfort Relief for Back, Knees & Hands. 90 Capsules</p><p>$28.97 ($0.32 / Count)</p><a href="https://www.amazon.com/dp/B01GVJK3XW?tag=eloabder-20&linkCode=osi&th=1&psc=1">View Product</a></div><div class="product"><a href="https://www.amazon.com/dp/B002RL8FD4?tag=eloabder-20&linkCode=osi&th=1&psc=1"><img src="https://m.media-amazon.com/images/I/41KgX4RQdFL._SL500_.jpg" alt="Product Image"></a><p>Kirkland Signature Extra Strength Glucosamine HCI 1500mg, With MSM 1500 mg, 375-Count Tablets</p><p>$23.27 ($0.06 / Count)</p><a href="https://www.amazon.com/dp/B002RL8FD4?tag=eloabder-20&linkCode=osi&th=1&psc=1">View Product</a></div><div class="product"><a href="https://www.amazon.com/dp/B0C3JXJ38B?tag=eloabder-20&linkCode=osi&th=1&psc=1"><img src="https://m.media-amazon.com/images/I/51QidQ-f1fL._SL500_.jpg" alt="Product Image"></a><p>Schiff Glucosamine with Hyaluronic Acid, 2000mg Glucosamine, Joint Care Supplement Helps Lubricate & Protect Joints*, 150 Count (Pack of 2)</p><p>$24.87 ($0.08 / Count)</p><a href="https://www.amazon.com/dp/B0C3JXJ38B?tag=eloabder-20&linkCode=osi&th=1&psc=1">View Product</a></div><div class="product"><a href="https://www.amazon.com/dp/B0BJS6ZYSM?tag=eloabder-20&linkCode=osi&th=1&psc=1"><img src="https://m.media-amazon.com/images/I/41xRD3RMthL._SL500_.jpg" alt="Product Image"></a><p>Horbäach Glucosamine Chondroitin | Plus MSM & Turmeric | 180 Coated Caplets | Non-GMO, Gluten Free Supplement</p><p>$9.88 ($0.05 / Count)</p><a href="https://www.amazon.com/dp/B0BJS6ZYSM?tag=eloabder-20&linkCode=osi&th=1&psc=1">View Product</a></div><div class="product"><a href="https://www.amazon.com/dp/B01M5DEMWI?tag=eloabder-20&linkCode=osi&th=1&psc=1"><img src="https://m.media-amazon.com/images/I/410zXYEJpKL._SL500_.jpg" alt="Product Image"></a><p>Arazo Nutrition Glucosamine Chondroitin Turmeric Msm Boswellia - Joint Support Supplement for Relief 180 Tablets for Bones, Back, Knees, Hands (180 Tablets)</p><p>$25.95 ($0.14 / Count)</p><a href="https://www.amazon.com/dp/B01M5DEMWI?tag=eloabder-20&linkCode=osi&th=1&psc=1">View Product</a></div><div class="product"><a href="https://www.amazon.com/dp/B000052YVA?tag=eloabder-20&linkCode=osi&th=1&psc=1"><img src="https://m.media-amazon.com/images/I/51Pss8N94eL._SL500_.jpg" alt="Product Image"></a><p>Nature's Bounty Glucosamine Chondroitin Pills and Dietary Supplement, Support Joint Health, 110 Capsules</p><p>$15.80 ($0.14 / Count)</p><a href="https://www.amazon.com/dp/B000052YVA?tag=eloabder-20&linkCode=osi&th=1&psc=1">View Product</a></div><div class="product"><a href="https://www.amazon.com/dp/B00GYZWNY6?tag=eloabder-20&linkCode=osi&th=1&psc=1"><img src="https://m.media-amazon.com/images/I/41gfdidcNdL._SL500_.jpg" alt="Product Image"></a><p>KIRKLAND Signature Extra Strength Glucosamine 1500 mg Chondroitin 1200 mg 220 Tablets</p><p>$28.24 ($0.13 / Count)</p><a href="https://www.amazon.com/dp/B00GYZWNY6?tag=eloabder-20&linkCode=osi&th=1&psc=1">View Product</a></div>
<div class="product"><a href="https://www.amazon.com/dp/B0013OVYE8?tag=eloabder-20&linkCode=osi&th=1&psc=1"><img src="https://m.media-amazon.com/images/I/41rq0wz7-AL._SL500_.jpg" alt="Product Image"></a><p>NOW Supplements, Chondroitin Sulfate 600 mg (a Glycosaminoglycan), Joint Health*, 120 Capsules</p><p>$19.95 ($0.17 / Count)</p><a href="https://www.amazon.com/dp/B0013OVYE8?tag=eloabder-20&linkCode=osi&th=1&psc=1">View Product</a></div><div class="product"><a href="https://www.amazon.com/dp/B01GVJK3XW?tag=eloabder-20&linkCode=osi&th=1&psc=1"><img src="https://m.media-amazon.com/images/I/41y-ROAavrL._SL500_.jpg" alt="Product Image"></a><p>Glucosamine Chondroitin MSM Turmeric Boswellia - Joint Support Supplement. Antioxidant Properties. Helps with Inflammatory Response. Occasional Discomfort Relief for Back, Knees & Hands. 90 Capsules</p><p>$28.97 ($0.32 / Count)</p><a href="https://www.amazon.com/dp/B01GVJK3XW?tag=eloabder-20&linkCode=osi&th=1&psc=1">View Product</a></div><div class="product"><a href="https://www.amazon.com/dp/B09YDMDMDP?tag=eloabder-20&linkCode=osi&th=1&psc=1"><img src="https://m.media-amazon.com/images/I/41qeEtbAu+L._SL500_.jpg" alt="Product Image"></a><p>Nature Made Glucosamine Chondroitin Complex with MSM, Dietary Supplement for Joint Support, 120 Caplets, 60 Day Supply</p><p>$19.87 ($0.17 / Count)</p><a href="https://www.amazon.com/dp/B09YDMDMDP?tag=eloabder-20&linkCode=osi&th=1&psc=1">View Product</a></div><div class="product"><a href="https://www.amazon.com/dp/B000I4DFAK?tag=eloabder-20&linkCode=osi&th=1&psc=1"><img src="https://m.media-amazon.com/images/I/412eH9qi4+L._SL500_.jpg" alt="Product Image"></a><p>Doctor's Best Glucosamine Chondroitin Msm with OptiMSM Capsules, Supports Healthy Joint Structure, Function & Comfort, Non-GMO, Gluten Free, Soy Free, 240 Count (Pack of 1)</p><p>$28.77 ($0.12 / Count)</p><a href="https://www.amazon.com/dp/B000I4DFAK?tag=eloabder-20&linkCode=osi&th=1&psc=1">View Product</a></div><div class="product"><a href="https://www.amazon.com/dp/B01M5DEMWI?tag=eloabder-20&linkCode=osi&th=1&psc=1"><img src="https://m.media-amazon.com/images/I/410zXYEJpKL._SL500_.jpg" alt="Product Image"></a><p>Arazo Nutrition Glucosamine Chondroitin Turmeric Msm Boswellia - Joint Support Supplement for Relief 180 Tablets for Bones, Back, Knees, Hands (180 Tablets)</p><p>$25.95 ($0.14 / Count)</p><a href="https://www.amazon.com/dp/B01M5DEMWI?tag=eloabder-20&linkCode=osi&th=1&psc=1">View Product</a></div><div class="product"><a href="https://www.amazon.com/dp/B00GYZWNY6?tag=eloabder-20&linkCode=osi&th=1&psc=1"><img src="https://m.media-amazon.com/images/I/41gfdidcNdL._SL500_.jpg" alt="Product Image"></a><p>KIRKLAND Signature Extra Strength Glucosamine 1500 mg Chondroitin 1200 mg 220 Tablets</p><p>$28.24 ($0.13 / Count)</p><a href="https://www.amazon.com/dp/B00GYZWNY6?tag=eloabder-20&linkCode=osi&th=1&psc=1">View Product</a></div><div class="product"><a href="https://www.amazon.com/dp/B0BNSYD127?tag=eloabder-20&linkCode=osi&th=1&psc=1"><img src="https://m.media-amazon.com/images/I/41mtf2ALCCL._SL500_.jpg" alt="Product Image"></a><p>BulkSupplements.com Chondroitin Sulfate Capsules - Chondroitin Sulfate Supplements, Chondrotin Sulfate 1000 mg - Bone & Joint Supplement, Gluten Free, 2 Capsules per Serving, 120 Capsules</p><p>$20.96 ($0.17 / Count)</p><a href="https://www.amazon.com/dp/B0BNSYD127?tag=eloabder-20&linkCode=osi&th=1&psc=1">View Product</a></div><div class="product"><a href="https://www.amazon.com/dp/B0BVNYCLRN?tag=eloabder-20&linkCode=osi&th=1&psc=1"><img src="https://m.media-amazon.com/images/I/41V7NddbeRL._SL500_.jpg" alt="Product Image"></a><p>ML Naturals Chondroitin Sulfate 1200mg 120 Vegan Capsules. 99% Purity Chondroitin. Joint Health.</p><p>$16.99 ($0.14 / Count)</p><a href="https://www.amazon.com/dp/B0BVNYCLRN?tag=eloabder-20&linkCode=osi&th=1&psc=1">View Product</a></div><div class="product"><a href="https://www.amazon.com/dp/B000052YVA?tag=eloabder-20&linkCode=osi&th=1&psc=1"><img src="https://m.media-amazon.com/images/I/51Pss8N94eL._SL500_.jpg" alt="Product Image"></a><p>Nature's Bounty Glucosamine Chondroitin Pills and Dietary Supplement, Support Joint Health, 110 Capsules</p><p>$15.80 ($0.14 / Count)</p><a href="https://www.amazon.com/dp/B000052YVA?tag=eloabder-20&linkCode=osi&th=1&psc=1">View Product</a></div><div class="product"><a href="https://www.amazon.com/dp/B0BJS6ZYSM?tag=eloabder-20&linkCode=osi&th=1&psc=1"><img src="https://m.media-amazon.com/images/I/41xRD3RMthL._SL500_.jpg" alt="Product Image"></a><p>Horbäach Glucosamine Chondroitin | Plus MSM & Turmeric | 180 Coated Caplets | Non-GMO, Gluten Free Supplement</p><p>$9.88 ($0.05 / Count)</p><a href="https://www.amazon.com/dp/B0BJS6ZYSM?tag=eloabder-20&linkCode=osi&th=1&psc=1">View Product</a></div>
<div class="product"><a href="https://www.amazon.com/dp/B0055OUOQQ?tag=eloabder-20&linkCode=osi&th=1&psc=1"><img src="https://m.media-amazon.com/images/I/41S1bhYiFiL._SL500_.jpg" alt="Product Image"></a><p>Qunol CoQ10 100mg Softgels, Ultra CoQ10 100mg, 3x Better Absorption, Antioxidant for Heart Health & Energy Production, Coenzyme Q10 Vitamins and Supplements, 4 Month Supply, 120 Count</p><p>$29.97 ($0.25 / Count)</p><a href="https://www.amazon.com/dp/B0055OUOQQ?tag=eloabder-20&linkCode=osi&th=1&psc=1">View Product</a></div><div class="product"><a href="https://www.amazon.com/dp/B07CDXRBVJ?tag=eloabder-20&linkCode=osi&th=1&psc=1"><img src="https://m.media-amazon.com/images/I/410mmlnL6oL._SL500_.jpg" alt="Product Image"></a><p>Nature Made CoQ10 200mg, Dietary Supplement for Heart Health Support, 105 Softgels, 105 Day Supply</p><p>$30.74 ($0.29 / Count)</p><a href="https://www.amazon.com/dp/B07CDXRBVJ?tag=eloabder-20&linkCode=osi&th=1&psc=1">View Product</a></div><div class="product"><a href="https://www.amazon.com/dp/B0019GW3G8?tag=eloabder-20&linkCode=osi&th=1&psc=1"><img src="https://m.media-amazon.com/images/I/41H+pS4Y21L._SL500_.jpg" alt="Product Image"></a><p>Doctor's Best High Absorption CoQ10 with BioPerine, Gluten Free, Naturally Fermented, Heart Health, Energy Production, 100 mg, 120 Count</p><p>$18.61 ($0.16 / Count)</p><a href="https://www.amazon.com/dp/B0019GW3G8?tag=eloabder-20&linkCode=osi&th=1&psc=1">View Product</a></div><div class="product"><a href="https://www.amazon.com/dp/B0BNTF1DRM?tag=eloabder-20&linkCode=osi&th=1&psc=1"><img src="https://m.media-amazon.com/images/I/51lrvfMwE1L._SL500_.jpg" alt="Product Image"></a><p>Qunol CoQ10 200mg Softgels, Ultra CoQ10 - Ultra High Absorption Coenzyme Q10 Supplements - Antioxidant Supplement for Vascular and Heart Health & Energy Production - 2 Month Supply - 60 Count</p><p>$28.35 ($0.47 / Count)</p><a href="https://www.amazon.com/dp/B0BNTF1DRM?tag=eloabder-20&linkCode=osi&th=1&psc=1">View Product</a></div><div class="product"><a href="https://www.amazon.com/dp/B0CF3M3Y1M?tag=eloabder-20&linkCode=osi&th=1&psc=1"><img src="https://m.media-amazon.com/images/I/41U+3SrQIVL._SL500_.jpg" alt="Product Image"></a><p>CoQ10 100mg, 240 Capsules – with Omega 3 Fatty Acid 100mg – Bioavailable Coenzyme Q10 Supplements – Heart, Energy, & Brain Health Antioxidant Support – Non-GMO, One A Day</p><p>$9.99 ($0.04 / Count)</p><a href="https://www.amazon.com/dp/B0CF3M3Y1M?tag=eloabder-20&linkCode=osi&th=1&psc=1">View Product</a></div><div class="product"><a href="https://www.amazon.com/dp/B0064R62BO?tag=eloabder-20&linkCode=osi&th=1&psc=1"><img src="https://m.media-amazon.com/images/I/31w9QINFkxL._SL500_.jpg" alt="Product Image"></a><p>Pure Encapsulations CoQ10 120 mg - Coenzyme Q10 Supplement for Heart Health, Energy, Antioxidants, Brain & Memory Health - Cellular Health, Cognition & Cardiovascular Support* - 60 Capsules</p><p>$66.60 ($1.11 / Count)</p><a href="https://www.amazon.com/dp/B0064R62BO?tag=eloabder-20&linkCode=osi&th=1&psc=1">View Product</a></div><div class="product"><a href="https://www.amazon.com/dp/B001B4NEM0?tag=eloabder-20&linkCode=osi&th=1&psc=1"><img src="https://m.media-amazon.com/images/I/41s4RCbwRcL._SL500_.jpg" alt="Product Image"></a><p>NOW Supplements, CoQ10 (Coenzyme Q10) 200 mg, Cardiovascular Health*, 60 Veg Capsules</p><p>$18.75 ($0.31 / Count)</p><a href="https://www.amazon.com/dp/B001B4NEM0?tag=eloabder-20&linkCode=osi&th=1&psc=1">View Product</a></div><div class="product"><a href="https://www.amazon.com/dp/B07LC4VQTH?tag=eloabder-20&linkCode=osi&th=1&psc=1"><img src="https://m.media-amazon.com/images/I/41VPi-26MOL._SL500_.jpg" alt="Product Image"></a><p>Sports Research CoQ10 (100mg) Enhanced w/Coconut Oil & Bioperine (Black Pepper) for Better Absorption | Vegan Certified, Non-GMO Verified (120 Veggie Softgels)</p><p>$27.95 ($0.23 / Count)</p><a href="https://www.amazon.com/dp/B07LC4VQTH?tag=eloabder-20&linkCode=osi&th=1&psc=1">View Product</a></div>
<div class="product"><a href="https://www.amazon.com/dp/B07DX89ZHN?tag=eloabder-20&linkCode=osi&th=1&psc=1"><img src="https://m.media-amazon.com/images/I/41INqodQzYL._SL500_.jpg" alt="Product Image"></a><p>Sports Research Triple Strength Omega 3 Fish Oil - Burpless Fish Oil Supplement w/EPA & DHA Fatty Acids from Single-Source Wild Alaska Pollock - 1250 mg, 90 ct</p><p>$26.95 ($0.30 / Count)</p><a href="https://www.amazon.com/dp/B07DX89ZHN?tag=eloabder-20&linkCode=osi&th=1&psc=1">View Product</a></div><div class="product"><a href="https://www.amazon.com/dp/B0000DJAQU?tag=eloabder-20&linkCode=osi&th=1&psc=1"><img src="https://m.media-amazon.com/images/I/41c7alI7ydL._SL500_.jpg" alt="Product Image"></a><p>Nature Made Fish Oil 1200 mg Softgels, Fish Oil Supplements, Omega 3 Fish Oil for Healthy Heart Support, Omega 3 Supplement with 100 Softgels, 50 Day Supply</p><p>$12.59 ($0.13 / Count)</p><a href="https://www.amazon.com/dp/B0000DJAQU?tag=eloabder-20&linkCode=osi&th=1&psc=1">View Product</a></div><div class="product"><a href="https://www.amazon.com/dp/B001GCU6KA?tag=eloabder-20&linkCode=osi&th=1&psc=1"><img src="https://m.media-amazon.com/images/I/41GqjqtkrqL._SL500_.jpg" alt="Product Image"></a><p>NOW Supplements, Omega-3 180 EPA / 120 DHA, Molecularly Distilled, Cardiovascular Support*, 200 Softgels</p><p>$12.24 ($0.06 / Count)</p><a href="https://www.amazon.com/dp/B001GCU6KA?tag=eloabder-20&linkCode=osi&th=1&psc=1">View Product</a></div><div class="product"><a href="https://www.amazon.com/dp/B01NBTJFJB?tag=eloabder-20&linkCode=osi&th=1&psc=1"><img src="https://m.media-amazon.com/images/I/41gJBxUZtcL._SL500_.jpg" alt="Product Image"></a><p>Triple Strength Omega 3 Fish Oil | 3600 mg EPA & DHA | Over 2100mg of Omega 3 Fatty Acids | 1300mg EPA + 860mg DHA | Best Essential Fatty Acids | Premium Burpless Softgel Supplements (120 Ct)</p><p>$29.95 ($0.25 / Count)</p><a href="https://www.amazon.com/dp/B01NBTJFJB?tag=eloabder-20&linkCode=osi&th=1&psc=1">View Product</a></div><div class="product"><a href="https://www.amazon.com/dp/B002CQU564?tag=eloabder-20&linkCode=osi&th=1&psc=1"><img src="https://m.media-amazon.com/images/I/41K6hyWbwsL._SL500_.jpg" alt="Product Image"></a><p>Nordic Naturals Ultimate Omega, Lemon Flavor - 180 Soft Gels - 1280 mg Omega-3 - High-Potency Omega-3 Fish Oil with EPA & DHA - Promotes Brain & Heart Health - Non-GMO - 90 Servings</p><p>$53.99 ($0.30 / Count)</p><a href="https://www.amazon.com/dp/B002CQU564?tag=eloabder-20&linkCode=osi&th=1&psc=1">View Product</a></div><div class="product"><a href="https://www.amazon.com/dp/B000J18RSW?tag=eloabder-20&linkCode=osi&th=1&psc=1"><img src="https://m.media-amazon.com/images/I/41bBRe7FxlL._SL500_.jpg" alt="Product Image"></a><p>NOW Foods Omega-3-100 Softgels</p><p>$6.72 ($0.07 / Count)</p><a href="https://www.amazon.com/dp/B000J18RSW?tag=eloabder-20&linkCode=osi&th=1&psc=1">View Product</a></div><div class="product"><a href="https://www.amazon.com/dp/B014LDT0ZM?tag=eloabder-20&linkCode=osi&th=1&psc=1"><img src="https://m.media-amazon.com/images/I/515A6lAukiL._SL500_.jpg" alt="Product Image"></a><p>Triple Strength Omega 3 Fish Oil Supplement - 2500 mg Fish Oil with Re-Esterified Omega 3 Fatty Acids Including EPA, DHA DPA - 180 Pescatarian-Friendly Softgels</p><p>$56.95 ($0.32 / Count)</p><a href="https://www.amazon.com/dp/B014LDT0ZM?tag=eloabder-20&linkCode=osi&th=1&psc=1">View Product</a></div><div class="product"><a href="https://www.amazon.com/dp/B0C5F4PN8R?tag=eloabder-20&linkCode=osi&th=1&psc=1"><img src="https://m.media-amazon.com/images/I/31DpddHOGcL._SL500_.jpg" alt="Product Image"></a><p>NatureWise Extra-Strength Omega 3 Fish Oil Supplement - 1000mg per Serving - 600 EPA & 400 DHA and Vitamin E - Support for Heart & Brain Health - Lemon Flavor, Non-GMO - 180 Softgels[3-Month Supply]</p><p>$18.99 ($0.11 / Count)</p><a href="https://www.amazon.com/dp/B0C5F4PN8R?tag=eloabder-20&linkCode=osi&th=1&psc=1">View Product</a></div><div class="product"><a href="https://www.amazon.com/dp/B01GV4O37E?tag=eloabder-20&linkCode=osi&th=1&psc=1"><img src="https://m.media-amazon.com/images/I/41JtERQfIWL._SL500_.jpg" alt="Product Image"></a><p>Arazo Nutrition Wild Caught Omega 3 Fish Oil – 120 Soft Gels – 4,080mg High EPA 1200mg DHA 900mg Lemon Flavor Burpless Softgels</p><p>$28.95 ($0.24 / Count)</p><a href="https://www.amazon.com/dp/B01GV4O37E?tag=eloabder-20&linkCode=osi&th=1&psc=1">View Product</a></div><div class="product"><a href="https://www.amazon.com/dp/B000NPYY04?tag=eloabder-20&linkCode=osi&th=1&psc=1"><img src="https://m.media-amazon.com/images/I/41AB0odrkeL._SL500_.jpg" alt="Product Image"></a><p>Nature's Bounty Fish Oil, Supports Heart Health, 1200 Mg, 360 Mg Omega-3, Rapid Release Softgels, 200 Ct</p><p>$13.32 ($0.07 / Count)</p><a href="https://www.amazon.com/dp/B000NPYY04?tag=eloabder-20&linkCode=osi&th=1&psc=1">View Product</a></div>
<div class="product"><a href="https://www.amazon.com/dp/B0CG3SL43Q?tag=eloabder-20&linkCode=osi&th=1&psc=1"><img src="https://m.media-amazon.com/images/I/41THJhLx0IL._SL500_.jpg" alt="Product Image"></a><p>Dr Vitamin Thermogenic Fat Burner Brazilian Lean, Weight Loss Pills for Women, Waist Trimmer & Supplements for Bloating 60 Capsules</p><p>$19.95 ($0.33 / Count)</p><a href="https://www.amazon.com/dp/B0CG3SL43Q?tag=eloabder-20&linkCode=osi&th=1&psc=1">View Product</a></div><div class="product"><a href="https://www.amazon.com/dp/B07PN7FB1R?tag=eloabder-20&linkCode=osi&th=1&psc=1"><img src="https://m.media-amazon.com/images/I/515GHvAy+FL._SL500_.jpg" alt="Product Image"></a><p>Physician's CHOICE Probiotics for Weight Management & Bloating - 6 Probiotic Strains - Prebiotics - Key ingredient Cayenne & Green Tea - Supports Gut Health - Weight Management for Women & Men - 30 CT</p><p>$26.98 ($0.90 / Count)</p><a href="https://www.amazon.com/dp/B07PN7FB1R?tag=eloabder-20&linkCode=osi&th=1&psc=1">View Product</a></div><div class="product"><a href="https://www.amazon.com/dp/B08ZY8MSMV?tag=eloabder-20&linkCode=osi&th=1&psc=1"><img src="https://m.media-amazon.com/images/I/41vVKSGbgPL._SL500_.jpg" alt="Product Image"></a><p>Bragg Apple Cider Vinegar Capsules - Vitamin D3 & Zinc - 750mg of Acetic Acid – Immune & Weight Management Support - Non-GMO, Vegan, Gluten Free, No Sugar (1)</p><p>$13.99 ($0.16 / Count)</p><a href="https://www.amazon.com/dp/B08ZY8MSMV?tag=eloabder-20&linkCode=osi&th=1&psc=1">View Product</a></div><div class="product"><a href="https://www.amazon.com/dp/B07J5MZ3Z6?tag=eloabder-20&linkCode=osi&th=1&psc=1"><img src="https://m.media-amazon.com/images/I/41SIqUbt70L._SL500_.jpg" alt="Product Image"></a><p>Fat Burners For Women | Weight Loss Pills for Women Belly Fat | Raspberry Ketones | Appetite Suppressant & Metabolism Booster | Back Fat Reducer & Bloating Relief | Diet Pills for Fast Result 60 Ct.</p><p>$19.95 ($0.33 / Count)</p><a href="https://www.amazon.com/dp/B07J5MZ3Z6?tag=eloabder-20&linkCode=osi&th=1&psc=1">View Product</a></div><div class="product"><a href="https://www.amazon.com/dp/B07R8GD47V?tag=eloabder-20&linkCode=osi&th=1&psc=1"><img src="https://m.media-amazon.com/images/I/416StL4EI4L._SL500_.jpg" alt="Product Image"></a><p>Goli Apple Cider Vinegar Gummy Vitamins - 60 Count - Vitamin B12, Gelatin-Free, Gluten-Free, Vegan & Non-GMO</p><p>$14.98 ($0.25 / Count)</p><a href="https://www.amazon.com/dp/B07R8GD47V?tag=eloabder-20&linkCode=osi&th=1&psc=1">View Product</a></div><div class="product"><a href="https://www.amazon.com/dp/B08HHQWBBZ?tag=eloabder-20&linkCode=osi&th=1&psc=1"><img src="https://m.media-amazon.com/images/I/51LeIP217fL._SL500_.jpg" alt="Product Image"></a><p>NutriFlair Premium Berberine HCL 1200mg, 120 Capsules - Plus Pure True Ceylon Cinnamon, Berberine HCI Root Supplements Pills - Immune System, Healthy Weight Management</p><p>$26.99 ($0.22 / Count)</p><a href="https://www.amazon.com/dp/B08HHQWBBZ?tag=eloabder-20&linkCode=osi&th=1&psc=1">View Product</a></div><div class="product"><a href="https://www.amazon.com/dp/B0BWZQLQLP?tag=eloabder-20&linkCode=osi&th=1&psc=1"><img src="https://m.media-amazon.com/images/I/41iuD-eU7lL._SL500_.jpg" alt="Product Image"></a><p>Nature’s Bounty Metabolism Booster Supplement, Boosts Fat Metabolism, Promotes Abdominal Fat Loss, with Citrus Extracts and Black Ginger, 60 Capsules</p><p>$20.02 ($0.33 / Count)</p><a href="https://www.amazon.com/dp/B0BWZQLQLP?tag=eloabder-20&linkCode=osi&th=1&psc=1">View Product</a></div><div class="product"><a href="https://www.amazon.com/dp/B01BXLYEQ0?tag=eloabder-20&linkCode=osi&th=1&psc=1"><img src="https://m.media-amazon.com/images/I/41-9QpEJLtL._SL500_.jpg" alt="Product Image"></a><p>Jacked Factory Burn-XT Clinically Studied Fat Burner & Weight Loss Supplement - Appetite Suppressant & Energy Booster - with Acetyl L-Carnitine, Green Tea Extract and More - 60 Natural Diet Pills</p><p>$24.99 ($0.42 / Count)</p><a href="https://www.amazon.com/dp/B01BXLYEQ0?tag=eloabder-20&linkCode=osi&th=1&psc=1">View Product</a></div><div class="product"><a href="https://www.amazon.com/dp/B000OWLNBY?tag=eloabder-20&linkCode=osi&th=1&psc=1"><img src="https://m.media-amazon.com/images/I/41YLtF-NLFL._SL500_.jpg" alt="Product Image"></a><p>alli Weight Loss Diet Pills, Orlistat 60 mg Capsules, Non Prescription Weight Loss Aid, 120 Count Refill Pack</p><p>$77.99 ($0.65 / Count)</p><a href="https://www.amazon.com/dp/B000OWLNBY?tag=eloabder-20&linkCode=osi&th=1&psc=1">View Product</a></div>
<div class="product"><a href="https://www.amazon.com/dp/B01BXLYEQ0?tag=eloabder-20&linkCode=osi&th=1&psc=1"><img src="https://m.media-amazon.com/images/I/41-9QpEJLtL._SL500_.jpg" alt="Product Image"></a><p>Jacked Factory Burn-XT Clinically Studied Fat Burner & Weight Loss Supplement - Appetite Suppressant & Energy Booster - with Acetyl L-Carnitine, Green Tea Extract and More - 60 Natural Diet Pills</p><p>$24.99 ($0.42 / Count)</p><a href="https://www.amazon.com/dp/B01BXLYEQ0?tag=eloabder-20&linkCode=osi&th=1&psc=1">View Product</a></div><div class="product"><a href="https://www.amazon.com/dp/B0CG3SL43Q?tag=eloabder-20&linkCode=osi&th=1&psc=1"><img src="https://m.media-amazon.com/images/I/41THJhLx0IL._SL500_.jpg" alt="Product Image"></a><p>Dr Vitamin Thermogenic Fat Burner Brazilian Lean, Weight Loss Pills for Women, Waist Trimmer & Supplements for Bloating 60 Capsules</p><p>$19.95 ($0.33 / Count)</p><a href="https://www.amazon.com/dp/B0CG3SL43Q?tag=eloabder-20&linkCode=osi&th=1&psc=1">View Product</a></div><div class="product"><a href="https://www.amazon.com/dp/B00NINY2U0?tag=eloabder-20&linkCode=osi&th=1&psc=1"><img src="https://m.media-amazon.com/images/I/51T7RcSsXCL._SL500_.jpg" alt="Product Image"></a><p>EVL Thermogenic Fat Burner Support - Fast Acting Weight Loss Energy and Appetite Support - Trans4orm Green Tea Fat Burner and Weight Loss Support Supplement for Men and Women - 60 Servings</p><p>$22.99 ($0.19 / Count)</p><a href="https://www.amazon.com/dp/B00NINY2U0?tag=eloabder-20&linkCode=osi&th=1&psc=1">View Product</a></div><div class="product"><a href="https://www.amazon.com/dp/B000GOO00Q?tag=eloabder-20&linkCode=osi&th=1&psc=1"><img src="https://m.media-amazon.com/images/I/41omcPtVKpL._SL500_.jpg" alt="Product Image"></a><p>Animal Cuts Thermogenic Fat Burner - Weight Loss Pills for Women and Men for Metabolism, Energy, Focus, and Nootropic Brain Support with Raspberry Ketones Appetite Suppressant Diet Pills, 42 Packs</p><p>$42.89 ($1.02 / Count)</p><a href="https://www.amazon.com/dp/B000GOO00Q?tag=eloabder-20&linkCode=osi&th=1&psc=1">View Product</a></div><div class="product"><a href="https://www.amazon.com/dp/B076GX8GMD?tag=eloabder-20&linkCode=osi&th=1&psc=1"><img src="https://m.media-amazon.com/images/I/41vfO1sQVOL._SL500_.jpg" alt="Product Image"></a><p>UNALTERED Belly Fat Burner for Men - Lose Belly Fat, Tighten Abs, Support Lean Muscle Growth - Jitter & Caffeine-Free Weight Loss Pills - 90 Ct</p><p>$27.99 ($0.31 / Count)</p><a href="https://www.amazon.com/dp/B076GX8GMD?tag=eloabder-20&linkCode=osi&th=1&psc=1">View Product</a></div><div class="product"><a href="https://www.amazon.com/dp/B0897F2PG3?tag=eloabder-20&linkCode=osi&th=1&psc=1"><img src="https://m.media-amazon.com/images/I/41D3BrCUSaL._SL500_.jpg" alt="Product Image"></a><p>Night Shred Fat Burner and Natural Sleep Support | Ashwaganda, 5-HTP, CLA, Melatonin | Appetite Suppressant | Weight Loss Support Nighttime Fat Burning (60 Vegetarian Capsules)</p><p>$49.99 ($0.83 / Count)</p><a href="https://www.amazon.com/dp/B0897F2PG3?tag=eloabder-20&linkCode=osi&th=1&psc=1">View Product</a></div><div class="product"><a href="https://www.amazon.com/dp/B07J5MZ3Z6?tag=eloabder-20&linkCode=osi&th=1&psc=1"><img src="https://m.media-amazon.com/images/I/41SIqUbt70L._SL500_.jpg" alt="Product Image"></a><p>Fat Burners For Women | Weight Loss Pills for Women Belly Fat | Raspberry Ketones | Appetite Suppressant & Metabolism Booster | Back Fat Reducer & Bloating Relief | Diet Pills for Fast Result 60 Ct.</p><p>$19.95 ($0.33 / Count)</p><a href="https://www.amazon.com/dp/B07J5MZ3Z6?tag=eloabder-20&linkCode=osi&th=1&psc=1">View Product</a></div><div class="product"><a href="https://www.amazon.com/dp/B01AM0GRUY?tag=eloabder-20&linkCode=osi&th=1&psc=1"><img src="https://m.media-amazon.com/images/I/51YfeXFXGVL._SL500_.jpg" alt="Product Image"></a><p>EVL Weight Loss Support Stack - Trans4orm Thermogenic Fat Burner Support Pills with Green Coffee Bean Extract and Forskolin Plus LeanMode Non-Stimulant Metabolism and Fat Loss Support Pills</p><p>$31.99 ($0.29 / Count)</p><a href="https://www.amazon.com/dp/B01AM0GRUY?tag=eloabder-20&linkCode=osi&th=1&psc=1">View Product</a></div><div class="product"><a href="https://www.amazon.com/dp/B01E3COD8K?tag=eloabder-20&linkCode=osi&th=1&psc=1"><img src="https://m.media-amazon.com/images/I/41mDCuw2YEL._SL500_.jpg" alt="Product Image"></a><p>Nutrex Research Lipo-6 Black Ultra Concentrate | Thermogenic Energizing Fat Burner Supplement, Increase Weight Loss, Energy & Intense Focus |Capsule, 60Count</p><p>$24.99 ($0.42 / Count)</p><a href="https://www.amazon.com/dp/B01E3COD8K?tag=eloabder-20&linkCode=osi&th=1&psc=1">View Product</a></div><div class="product"><a href="https://www.amazon.com/dp/B08GQFKHXV?tag=eloabder-20&linkCode=osi&th=1&psc=1"><img src="https://m.media-amazon.com/images/I/41eru5oURZL._SL500_.jpg" alt="Product Image"></a><p>Green Tea Weight Loss Pills | Belly Fat Burner, Metabolism Booster, & Appetite Suppressant for Women & Men | 45% EGCG | With Green Coffee Bean Extract | Vegan, Gluten-Free Supplement | 120 Capsules</p><p>$31.45 ($0.26 / Count)</p><a href="https://www.amazon.com/dp/B08GQFKHXV?tag=eloabder-20&linkCode=osi&th=1&psc=1">View Product</a></div>
<div class="product"><a href="https://www.amazon.com/dp/B07CJ166BR?tag=eloabder-20&linkCode=osi&th=1&psc=1"><img src="https://m.media-amazon.com/images/I/313vHBJOmTL._SL500_.jpg" alt="Product Image"></a><p>Carlyle Ultra Chromium Picolinate 1000mcg | 360 Tablets | Vegetarian, Non-GMO, Gluten Free</p><p>$9.99 ($0.03 / Count)</p><a href="https://www.amazon.com/dp/B07CJ166BR?tag=eloabder-20&linkCode=osi&th=1&psc=1">View Product</a></div><div class="product"><a href="https://www.amazon.com/dp/B0B3KQCYFB?tag=eloabder-20&linkCode=osi&th=1&psc=1"><img src="https://m.media-amazon.com/images/I/412J2DzjVuL._SL500_.jpg" alt="Product Image"></a><p>UNALTERED Appetite Suppressant for Women - Combat Cravings, Bloating, & Support Weight Loss - Natural Diet Pills, Fat Burner, & Carb Blocker - Features Chromium Picolinate & Glucomannan - 120 Ct</p><p>$39.99 ($0.33 / Count)</p><a href="https://www.amazon.com/dp/B0B3KQCYFB?tag=eloabder-20&linkCode=osi&th=1&psc=1">View Product</a></div><div class="product"><a href="https://www.amazon.com/dp/B0D1HBFFDD?tag=eloabder-20&linkCode=osi&th=1&psc=1"><img src="https://m.media-amazon.com/images/I/31zv4rfUZoL._SL500_.jpg" alt="Product Image"></a><p>#1 Rated Appetite Suppressant Supplement | Maximize Weight Loss, Suppress Appetite, Lose Up to 40lbs in 60 Days | Clinically Tested Formula w/ 8 Ingredients | Weight Loss Pills - 60 Servings</p><p>$38.99</p><a href="https://www.amazon.com/dp/B0D1HBFFDD?tag=eloabder-20&linkCode=osi&th=1&psc=1">View Product</a></div><div class="product"><a href="https://www.amazon.com/dp/B07W8S6TC3?tag=eloabder-20&linkCode=osi&th=1&psc=1"><img src="https://m.media-amazon.com/images/I/415i+ZcgT9L._SL500_.jpg" alt="Product Image"></a><p>ACEWORKZ 100% Pure Saffron Extract - Appetite Suppressant for Weight Loss - Metabolism Booster - Diet Pills for Women & Men (90 Capsules)</p><p>$16.95 ($0.19 / Count)</p><a href="https://www.amazon.com/dp/B07W8S6TC3?tag=eloabder-20&linkCode=osi&th=1&psc=1">View Product</a></div><div class="product"><a href="https://www.amazon.com/dp/B0CG3SLY3K?tag=eloabder-20&linkCode=osi&th=1&psc=1"><img src="https://m.media-amazon.com/images/I/51VO0WaTYtL._SL500_.jpg" alt="Product Image"></a><p>Dr Vitamins Thermogenic Fat Burner for Women and Men - Appetite Suppressant for Weight Loss - Includes Green Tea Extracts for Bloat Relief - Metabolism Booster - Pack of 2</p><p>$31.95 ($0.27 / Count)</p><a href="https://www.amazon.com/dp/B0CG3SLY3K?tag=eloabder-20&linkCode=osi&th=1&psc=1">View Product</a></div><div class="product"><a href="https://www.amazon.com/dp/B09KH6N1CZ?tag=eloabder-20&linkCode=osi&th=1&psc=1"><img src="https://m.media-amazon.com/images/I/51yMUKJs3+L._SL500_.jpg" alt="Product Image"></a><p>Appetite Suppressant for Weight Loss, Hunger Suppressant - Diet Pills That Work Fast for Women and Men - Garcinia Cambogia, Glucomannan, White Kidney Bean Carb Blocker and Fat Burner - 60 Veggie Caps</p><p>$29.99 ($0.50 / Count)</p><a href="https://www.amazon.com/dp/B09KH6N1CZ?tag=eloabder-20&linkCode=osi&th=1&psc=1">View Product</a></div><div class="product"><a href="https://www.amazon.com/dp/B07J5MZ3Z6?tag=eloabder-20&linkCode=osi&th=1&psc=1"><img src="https://m.media-amazon.com/images/I/41SIqUbt70L._SL500_.jpg" alt="Product Image"></a><p>Fat Burners For Women | Weight Loss Pills for Women Belly Fat | Raspberry Ketones | Appetite Suppressant & Metabolism Booster | Back Fat Reducer & Bloating Relief | Diet Pills for Fast Result 60 Ct.</p><p>$19.95 ($0.33 / Count)</p><a href="https://www.amazon.com/dp/B07J5MZ3Z6?tag=eloabder-20&linkCode=osi&th=1&psc=1">View Product</a></div><div class="product"><a href="https://www.amazon.com/dp/B0CNKTSFVR?tag=eloabder-20&linkCode=osi&th=1&psc=1"><img src="https://m.media-amazon.com/images/I/41x60iIIYOL._SL500_.jpg" alt="Product Image"></a><p>Weight Loss Pills for Women - Appetite Suppressant for Weight Loss Women, Diet Pills as Fat Burners for Women, Pastillas Para Bajar De Peso Rapido, Diet Pills That Work Fast for Women | 120 Capsules</p><p>$19.99 ($0.17 / Count)</p><a href="https://www.amazon.com/dp/B0CNKTSFVR?tag=eloabder-20&linkCode=osi&th=1&psc=1">View Product</a></div>
<div class="product"><a href="https://www.amazon.com/dp/B07MJL8NXR?tag=eloabder-20&linkCode=osi&th=1&psc=1"><img src="https://m.media-amazon.com/images/I/51a+wm0QfTL._SL500_.jpg" alt="Product Image"></a><p>Premier Protein Shake, Chocolate, 30g Protein 1g Sugar 24 Vitamins Minerals Nutrients to Support Immune Health, 11.5 fl oz (Pack of 12)</p><p>$31.98 ($0.23 / Fl Oz)</p><a href="https://www.amazon.com/dp/B07MJL8NXR?tag=eloabder-20&linkCode=osi&th=1&psc=1">View Product</a></div><div class="product"><a href="https://www.amazon.com/dp/B0BL8PHN4M?tag=eloabder-20&linkCode=osi&th=1&psc=1"><img src="https://m.media-amazon.com/images/I/41Otgom2dZL._SL500_.jpg" alt="Product Image"></a><p>SlimFast Protein Shake, Chocolate- 20g Protein, Meal Replacement Shake Ready to Drink, High Protein with Low Carb and Low Sugar, 24 Vitamins and Minerals, 11 Fl Oz (Pack of 12)</p><p>$24.99 ($0.19 / Fl Oz)</p><a href="https://www.amazon.com/dp/B0BL8PHN4M?tag=eloabder-20&linkCode=osi&th=1&psc=1">View Product</a></div><div class="product"><a href="https://www.amazon.com/dp/B0015068PA?tag=eloabder-20&linkCode=osi&th=1&psc=1"><img src="https://m.media-amazon.com/images/I/41PLpivCSAL._SL500_.jpg" alt="Product Image"></a><p>Atkins Milk Chocolate Delight Protein Shake, 15g Protein, Low Glycemic, 2g Net Carb, 1g Sugar, Keto Friendly, 12 Count</p><p>$19.48 ($1.62 / Fl Oz)</p><a href="https://www.amazon.com/dp/B0015068PA?tag=eloabder-20&linkCode=osi&th=1&psc=1">View Product</a></div><div class="product"><a href="https://www.amazon.com/dp/B007S6Y6VS?tag=eloabder-20&linkCode=osi&th=1&psc=1"><img src="https://m.media-amazon.com/images/I/51rcU9FqXVL._SL500_.jpg" alt="Product Image"></a><p>Garden of Life Raw Organic Meal Replacement Shakes - Chocolate Plant Based Vegan Protein Powder, Pea Protein, Sprouts, Greens, Probiotics, Dairy Free All in One Shake for Women and Men, 28 Servings</p><p>$45.94 ($1.21 / Ounce)</p><a href="https://www.amazon.com/dp/B007S6Y6VS?tag=eloabder-20&linkCode=osi&th=1&psc=1">View Product</a></div><div class="product"><a href="https://www.amazon.com/dp/B01M0230TU?tag=eloabder-20&linkCode=osi&th=1&psc=1"><img src="https://m.media-amazon.com/images/I/41PWDkoBh1L._SL500_.jpg" alt="Product Image"></a><p>Fit & Lean Meal Shake, Fat Burning Meal Replacement, Meal Replacement with Protein, Fiber, Probiotics and Organic Fruits & Vegetables, Cookies and Cream, 1lb, 10 Servings Per Container</p><p>$24.04 ($1.50 / Ounce)</p><a href="https://www.amazon.com/dp/B01M0230TU?tag=eloabder-20&linkCode=osi&th=1&psc=1">View Product</a></div><div class="product"><a href="https://www.amazon.com/dp/B072XT69DR?tag=eloabder-20&linkCode=osi&th=1&psc=1"><img src="https://m.media-amazon.com/images/I/418TrrTOQWL._SL500_.jpg" alt="Product Image"></a><p>REDCON1 MRE Protein Powder, Blueberry Cobbler - Meal Replacement Protein Blend Made with MCT Oil & Whole Foods - Protein with Natural Ingredients to Aid in Muscle Recovery (25 Servings)</p><p>$61.99 ($0.54 / Ounce)</p><a href="https://www.amazon.com/dp/B072XT69DR?tag=eloabder-20&linkCode=osi&th=1&psc=1">View Product</a></div><div class="product"><a href="https://www.amazon.com/dp/B07FCRQK54?tag=eloabder-20&linkCode=osi&th=1&psc=1"><img src="https://m.media-amazon.com/images/I/41-6e5gF3XL._SL500_.jpg" alt="Product Image"></a><p>TrueFit Meal Replacement Shake Protein Powder, Grass Fed Whey + Organic Fruits & Veggies, Keto, Fiber & Probiotics, Gluten Free</p><p>$49.99 ($1.56 / Ounce)</p><a href="https://www.amazon.com/dp/B07FCRQK54?tag=eloabder-20&linkCode=osi&th=1&psc=1">View Product</a></div><div class="product"><a href="https://www.amazon.com/dp/B08GLMT52Z?tag=eloabder-20&linkCode=osi&th=1&psc=1"><img src="https://m.media-amazon.com/images/I/51B0Yf4FQcL._SL500_.jpg" alt="Product Image"></a><p>Atkins Iced Coffee Vanilla Latte Protein Shake, 15g Protein, Low Glycemic, 4g Net Carb, 1g Sugar, Keto Friendly</p><p>$14.99 ($0.11 / Fl Oz)</p><a href="https://www.amazon.com/dp/B08GLMT52Z?tag=eloabder-20&linkCode=osi&th=1&psc=1">View Product</a></div><div class="product"><a href="https://www.amazon.com/dp/B07BQKW63M?tag=eloabder-20&linkCode=osi&th=1&psc=1"><img src="https://m.media-amazon.com/images/I/51AC7h5Du6L._SL500_.jpg" alt="Product Image"></a><p>Meal Replacement Shake, Organic | Purely Inspired All-in-One Plant Based Protein Powder for Women & Men Shake Vanilla, 1.3 Pounds</p><p>$28.99 ($1.39 / Ounce)</p><a href="https://www.amazon.com/dp/B07BQKW63M?tag=eloabder-20&linkCode=osi&th=1&psc=1">View Product</a></div><div class="product"><a href="https://www.amazon.com/dp/B00RWWOKHI?tag=eloabder-20&linkCode=osi&th=1&psc=1"><img src="https://m.media-amazon.com/images/I/41qbZmmUr8L._SL500_.jpg" alt="Product Image"></a><p>Orgain Organic Meal, Vegan Meal Replacement Protein Powder, Creamy Chocolate Fudge - 20g Plant Based Protein, 7g Prebiotic Fiber, Fruits, Vegetables & Greens, Gluten Free, Shakes & Smoothies, 2.01lb</p><p>$38.26 ($1.19 / oz)</p><a href="https://www.amazon.com/dp/B00RWWOKHI?tag=eloabder-20&linkCode=osi&th=1&psc=1">View Product</a></div>
<div class="product"><a href="https://www.amazon.com/dp/B0BG94RWYN?tag=eloabder-20&linkCode=osi&th=1&psc=1"><img src="https://m.media-amazon.com/images/I/41k1yrK-eGL._SL500_.jpg" alt="Product Image"></a><p>Sea Moss 3000mg Black Seed Oil 2000mg Ashwagandha 1000mg Turmeric 1000mg Bladderwrack 1000mg Burdock 1000mg & Vitamin C & D3 with Elderberry Manuka Dandelion Yellow Dock Iodine Chlorophyll ACV</p><p>$23.96 ($0.40 / Count)</p><a href="https://www.amazon.com/dp/B0BG94RWYN?tag=eloabder-20&linkCode=osi&th=1&psc=1">View Product</a></div><div class="product"><a href="https://www.amazon.com/dp/B0BDP24LP4?tag=eloabder-20&linkCode=osi&th=1&psc=1"><img src="https://m.media-amazon.com/images/I/41j86g3KMXL._SL500_.jpg" alt="Product Image"></a><p>Metamucil Fiber Gummies for Adults, No Sugar Added Orange Flavor, 5g Prebiotic Plant Based Fiber Supplement Blend, 120 Count</p><p>$25.68 ($0.21 / Count)</p><a href="https://www.amazon.com/dp/B0BDP24LP4?tag=eloabder-20&linkCode=osi&th=1&psc=1">View Product</a></div><div class="product"><a href="https://www.amazon.com/dp/B01BXLYEQ0?tag=eloabder-20&linkCode=osi&th=1&psc=1"><img src="https://m.media-amazon.com/images/I/41-9QpEJLtL._SL500_.jpg" alt="Product Image"></a><p>Jacked Factory Burn-XT Clinically Studied Fat Burner & Weight Loss Supplement - Appetite Suppressant & Energy Booster - with Acetyl L-Carnitine, Green Tea Extract and More - 60 Natural Diet Pills</p><p>$24.99 ($0.42 / Count)</p><a href="https://www.amazon.com/dp/B01BXLYEQ0?tag=eloabder-20&linkCode=osi&th=1&psc=1">View Product</a></div><div class="product"><a href="https://www.amazon.com/dp/B005BU2KRU?tag=eloabder-20&linkCode=osi&th=1&psc=1"><img src="https://m.media-amazon.com/images/I/41wBCNhPnPL._SL500_.jpg" alt="Product Image"></a><p>Nature Made Vitamin B12 1000 mcg, Dietary Supplement for Energy Metabolism Support, 90 Softgels, 90 Day Supply</p><p>$13.89 ($0.15 / Count)</p><a href="https://www.amazon.com/dp/B005BU2KRU?tag=eloabder-20&linkCode=osi&th=1&psc=1">View Product</a></div><div class="product"><a href="https://www.amazon.com/dp/B0C351C9R4?tag=eloabder-20&linkCode=osi&th=1&psc=1"><img src="https://m.media-amazon.com/images/I/41LRAsJYQrL._SL500_.jpg" alt="Product Image"></a><p>Night Time Fat Burner Gummies with Zero Sugar for Sleep & Weight Loss Support | Hunger Suppressant & Metabolism Booster, Shred Belly Fat While You Sleep | Diet Supplement for Women & Men | 60 Ct.</p><p>$19.95 ($0.33 / Count)</p><a href="https://www.amazon.com/dp/B0C351C9R4?tag=eloabder-20&linkCode=osi&th=1&psc=1">View Product</a></div><div class="product"><a href="https://www.amazon.com/dp/B011NAU2EY?tag=eloabder-20&linkCode=osi&th=1&psc=1"><img src="https://m.media-amazon.com/images/I/419b8yC3HPL._SL500_.jpg" alt="Product Image"></a><p>COUNTRY FARMS Super Greens Vegicaps, 32 Super Foods, Whole Food Supplement, Greens, Fruit, Vegetables, Mushrooms & Probiotics, Rich in Antioxidants & Phytonutrients, 60 Count, 30 Servings</p><p>$12.73 ($0.42 / Count)</p><a href="https://www.amazon.com/dp/B011NAU2EY?tag=eloabder-20&linkCode=osi&th=1&psc=1">View Product</a></div><div class="product"><a href="https://www.amazon.com/dp/B0B3D6TMKS?tag=eloabder-20&linkCode=osi&th=1&psc=1"><img src="https://m.media-amazon.com/images/I/41m2gNyEYkL._SL500_.jpg" alt="Product Image"></a><p>Bloom Nutrition Superfood Greens Powder, Digestive Enzymes with Probiotics and Prebiotics, Gut Health, Bloating Relief for Women, Chlorella, Green Juice Mix with Beet Root Powder, 30 SVG, Mango</p><p>$34.99 ($5.86 / Ounce)</p><a href="https://www.amazon.com/dp/B0B3D6TMKS?tag=eloabder-20&linkCode=osi&th=1&psc=1">View Product</a></div><div class="product"><a href="https://www.amazon.com/dp/B08XXHCGZT?tag=eloabder-20&linkCode=osi&th=1&psc=1"><img src="https://m.media-amazon.com/images/I/41iPl4jhA-L._SL500_.jpg" alt="Product Image"></a><p>Nature Made Magnesium Glycinate 200 mg per Serving, Magnesium Supplement for Muscle, Heart, Nerve and Bone Support, 60 Magnesium Bisglycinate Capsules, 30 Day Supply</p><p>$10.66 ($0.18 / Count)</p><a href="https://www.amazon.com/dp/B08XXHCGZT?tag=eloabder-20&linkCode=osi&th=1&psc=1">View Product</a></div><div class="product"><a href="https://www.amazon.com/dp/B083JM99Q8?tag=eloabder-20&linkCode=osi&th=1&psc=1"><img src="https://m.media-amazon.com/images/I/41TA8WAeLsL._SL500_.jpg" alt="Product Image"></a><p>Turmeric and Ginger Supplement - Tumeric Curcumin Joint Support Pills - with Apple Cider Vinegar & BioPerine Black Pepper - 95% Curcuminoids - 60 Capsules</p><p>$17.49 ($0.29 / Count)</p><a href="https://www.amazon.com/dp/B083JM99Q8?tag=eloabder-20&linkCode=osi&th=1&psc=1">View Product</a></div><div class="product"><a href="https://www.amazon.com/dp/B09HR9QW3H?tag=eloabder-20&linkCode=osi&th=1&psc=1"><img src="https://m.media-amazon.com/images/I/41KmDezeaeL._SL500_.jpg" alt="Product Image"></a><p>NeoCell Super Collagen With Vitamin C and Biotin, Skin, Hair and Nails Supplement, Includes Antioxidants, Tablet, 270 Count, 1 Bottle</p><p>$19.99 ($0.07 / Count)</p><a href="https://www.amazon.com/dp/B09HR9QW3H?tag=eloabder-20&linkCode=osi&th=1&psc=1">View Product</a></div>
<div class="product"><a href="https://www.amazon.com/dp/B016BAO0LW?tag=eloabder-20&linkCode=osi&th=1&psc=1"><img src="https://m.media-amazon.com/images/I/41CEuhtv5jL._SL500_.jpg" alt="Product Image"></a><p>Detox Cleanse | Purely Inspired 7 Day Cleanse and Detox Pills | Acai Berry Cleanse | Whole Body Cleanse Detox for Women & Men | Body Detox with Senna Leaf & Digestive Enzymes | 42 Acai Berry Capsules</p><p>$11.23 ($0.27 / Count)</p><a href="https://www.amazon.com/dp/B016BAO0LW?tag=eloabder-20&linkCode=osi&th=1&psc=1">View Product</a></div><div class="product"><a href="https://www.amazon.com/dp/B0CRMVWKL4?tag=eloabder-20&linkCode=osi&th=1&psc=1"><img src="https://m.media-amazon.com/images/I/41wTqdC2eiL._SL500_.jpg" alt="Product Image"></a><p>28-in-1 Liver Cleanse with Milk Thistle, Artichoke & Apple Cider Vinegar - Liver Cleanse Detox & Repair Heath Formula Liver Support Supplement 60 Vegan Capsules</p><p>$24.99 ($0.42 / Count)</p><a href="https://www.amazon.com/dp/B0CRMVWKL4?tag=eloabder-20&linkCode=osi&th=1&psc=1">View Product</a></div><div class="product"><a href="https://www.amazon.com/dp/B00ISAPPLI?tag=eloabder-20&linkCode=osi&th=1&psc=1"><img src="https://m.media-amazon.com/images/I/417-h8k4YML._SL500_.jpg" alt="Product Image"></a><p>Dr. Tobias Colon 14 Day Cleanse, Advanced Gut Cleanse Detox for Women & Men with Cascara Sagrada, Psyllium Husk & Senna Leaf, Non-GMO Colon Cleanse, 28 Capsules 1-2 Daily</p><p>$19.99 ($0.71 / Count)</p><a href="https://www.amazon.com/dp/B00ISAPPLI?tag=eloabder-20&linkCode=osi&th=1&psc=1">View Product</a></div><div class="product"><a href="https://www.amazon.com/dp/B01AVJGHW4?tag=eloabder-20&linkCode=osi&th=1&psc=1"><img src="https://m.media-amazon.com/images/I/51xGQHea+JL._SL500_.jpg" alt="Product Image"></a><p>Century Systems The Cleaner Detox, Powerful 7-Day Complete Internal Cleansing Formula for Men, Support Digestive Health, 52 Vegetarian Capsules</p><p>$11.75 ($0.23 / Count)</p><a href="https://www.amazon.com/dp/B01AVJGHW4?tag=eloabder-20&linkCode=osi&th=1&psc=1">View Product</a></div><div class="product"><a href="https://www.amazon.com/dp/B0CPVVYG5D?tag=eloabder-20&linkCode=osi&th=1&psc=1"><img src="https://m.media-amazon.com/images/I/41L2n+A9vjL._SL500_.jpg" alt="Product Image"></a><p>Milamiamor 15 Day Cleanse - Gut and Colon Support - Advanced Gut Cleanse Detox for Women & Men with Senna, Cascara Sagrada & Psyllium Husk - Non-GMO - Made in USA - 30 Capsules</p><p>$16.99 ($0.57 / Count)</p><a href="https://www.amazon.com/dp/B0CPVVYG5D?tag=eloabder-20&linkCode=osi&th=1&psc=1">View Product</a></div><div class="product"><a href="https://www.amazon.com/dp/B00SCSQEV6?tag=eloabder-20&linkCode=osi&th=1&psc=1"><img src="https://m.media-amazon.com/images/I/31ELUEaLrcL._SL500_.jpg" alt="Product Image"></a><p>NatureWise Herbal Detox Cleanse Laxative Supplements | Natural Colon Cleanser Herb & Fiber Blend for Constipation Relief, Toxin Rid, Gut Health, & Weight Loss Support [1 Month Supply - 60 Capsules]</p><p>$22.99 ($0.38 / Count)</p><a href="https://www.amazon.com/dp/B00SCSQEV6?tag=eloabder-20&linkCode=osi&th=1&psc=1">View Product</a></div><div class="product"><a href="https://www.amazon.com/dp/B077GFFF7L?tag=eloabder-20&linkCode=osi&th=1&psc=1"><img src="https://m.media-amazon.com/images/I/41K6Y+M6IwL._SL500_.jpg" alt="Product Image"></a><p>COUNTRY FARMS Super Cleanse, Super Juice Cleanse, Supports Healthy Digestive System, 34 Fruits and Vegetables with Aloe, Promotes Natural Detoxification, Drink Powder, 14 Servings, 9.88 Ounce</p><p>$15.90 ($1.61 / Ounce)</p><a href="https://www.amazon.com/dp/B077GFFF7L?tag=eloabder-20&linkCode=osi&th=1&psc=1">View Product</a></div><div class="product"><a href="https://www.amazon.com/dp/B095H6GR19?tag=eloabder-20&linkCode=osi&th=1&psc=1"><img src="https://m.media-amazon.com/images/I/41cAOGEXneL._SL500_.jpg" alt="Product Image"></a><p>Colon Cleanser Detox for Weight Flush - 15 Day Intestinal Cleanse Pills & Probiotic - Fast Natural Laxative for Constipation Relief - Bowel Movement Supplements for Stomach Bloating, Gut Loss Support</p><p>$9.95 ($0.33 / Count)</p><a href="https://www.amazon.com/dp/B095H6GR19?tag=eloabder-20&linkCode=osi&th=1&psc=1">View Product</a></div><div class="product"><a href="https://www.amazon.com/dp/B0009R5TQE?tag=eloabder-20&linkCode=osi&th=1&psc=1"><img src="https://m.media-amazon.com/images/I/31OzD6tkaSL._SL500_.jpg" alt="Product Image"></a><p>Detoxify – Ready Clean Herbal Cleanse – Tropical – 16 oz – Professionally Formulated Herbal Detox Drink – Enhanced with Milk Thistle Seed Extract & Burdock Root Extract – Plus Sticker.</p><p>$23.99 ($1.50 / Fl Oz)</p><a href="https://www.amazon.com/dp/B0009R5TQE?tag=eloabder-20&linkCode=osi&th=1&psc=1">View Product</a></div>
<div class="product"><a href="https://www.amazon.com/dp/B0C21ZLQNC?tag=eloabder-20&linkCode=osi&th=1&psc=1"><img src="https://m.media-amazon.com/images/I/51mKzlUJ2mL._SL500_.jpg" alt="Product Image"></a><p>Physician's CHOICE Digestive Enzymes - Multi Enzymes, Organic Prebiotics & Probiotics for Digestive Health & Gut Health - Meal Time Discomfort Relief & Bloating - Dual Action Approach - 60 CT</p><p>$17.99 ($0.30 / Count)</p><a href="https://www.amazon.com/dp/B0C21ZLQNC?tag=eloabder-20&linkCode=osi&th=1&psc=1">View Product</a></div><div class="product"><a href="https://www.amazon.com/dp/B012RFVHSO?tag=eloabder-20&linkCode=osi&th=1&psc=1"><img src="https://m.media-amazon.com/images/I/51As5g4VfnL._SL500_.jpg" alt="Product Image"></a><p>OLLY Probiotic + Prebiotic Gummy, Digestive Support and Gut Health, 500 Million CFUs, Fiber, Adult Chewable Supplement for Men and Women, Peach, 30 Day Supply - 30 Count</p><p>$12.49 ($0.42 / Count)</p><a href="https://www.amazon.com/dp/B012RFVHSO?tag=eloabder-20&linkCode=osi&th=1&psc=1">View Product</a></div><div class="product"><a href="https://www.amazon.com/dp/B079H53D2B?tag=eloabder-20&linkCode=osi&th=1&psc=1"><img src="https://m.media-amazon.com/images/I/51Y4b2nfCYL._SL500_.jpg" alt="Product Image"></a><p>Physician's Choice Probiotics 60 Billion CFU - 10 Strains + Organic Prebiotics - Immune, Digestive & Gut Health - Supports Occasional Constipation, Diarrhea, Gas & Bloating - for Women & Men - 30ct</p><p>$21.58 ($0.72 / Count)</p><a href="https://www.amazon.com/dp/B079H53D2B?tag=eloabder-20&linkCode=osi&th=1&psc=1">View Product</a></div><div class="product"><a href="https://www.amazon.com/dp/B001TH7K0G?tag=eloabder-20&linkCode=osi&th=1&psc=1"><img src="https://m.media-amazon.com/images/I/41nbiJxKRNL._SL500_.jpg" alt="Product Image"></a><p>Metamucil 3-in-1 Fiber Capsules, Daily Psyllium Husk Fiber Supplement, Fiber Capsules for Digestive Health, Plant-Based Psyllium Husk Fiber Capsules, #1 Doctor Recommended Fiber Brand, 300ct Capsules</p><p>$30.18 ($0.10 / Count)</p><a href="https://www.amazon.com/dp/B001TH7K0G?tag=eloabder-20&linkCode=osi&th=1&psc=1">View Product</a></div><div class="product"><a href="https://www.amazon.com/dp/B0BYQZZTNH?tag=eloabder-20&linkCode=osi&th=1&psc=1"><img src="https://m.media-amazon.com/images/I/51+PbAZ+BiL._SL500_.jpg" alt="Product Image"></a><p>OLLY Fiber Gummy Rings, 5g Prebiotic Fiber, FOS (Fructo-oligosaccharides), Digestive Support, Berry Melon 50ct</p><p>$18.69 ($0.37 / Count)</p><a href="https://www.amazon.com/dp/B0BYQZZTNH?tag=eloabder-20&linkCode=osi&th=1&psc=1">View Product</a></div><div class="product"><a href="https://www.amazon.com/dp/B072YHM6S2?tag=eloabder-20&linkCode=osi&th=1&psc=1"><img src="https://m.media-amazon.com/images/I/41AeQ7B6ywL._SL500_.jpg" alt="Product Image"></a><p>Zenwise Health Digestive Enzymes - Probiotic Multi Enzymes with Probiotics and Prebiotics for Digestive Health and Bloating Relief for Women and Men, Daily Enzymes for Gut and Digestion - 60 Count</p><p>$18.97 ($0.32 / Count)</p><a href="https://www.amazon.com/dp/B072YHM6S2?tag=eloabder-20&linkCode=osi&th=1&psc=1">View Product</a></div><div class="product"><a href="https://www.amazon.com/dp/B0007IQMVG?tag=eloabder-20&linkCode=osi&th=1&psc=1"><img src="https://m.media-amazon.com/images/I/41LbuIg0j9L._SL500_.jpg" alt="Product Image"></a><p>Digestive Advantage IBS Probiotics For Women and Men, Probiotics For Digestive Health & Intensive Bowel Support with Digestive Enzymes For Gut Health, Occasional Bloating & Immune Support, 96 Capsules</p><p>$40.99 ($0.43 / Count)</p><a href="https://www.amazon.com/dp/B0007IQMVG?tag=eloabder-20&linkCode=osi&th=1&psc=1">View Product</a></div><div class="product"><a href="https://www.amazon.com/dp/B0BSKSTLR6?tag=eloabder-20&linkCode=osi&th=1&psc=1"><img src="https://m.media-amazon.com/images/I/4122KSnK5cL._SL500_.jpg" alt="Product Image"></a><p>Benefiber Prebiotic Fiber Supplement Gummies for Digestive Health, Assorted Fruit Flavor - 81 Count</p><p>$17.99 ($0.22 / Count)</p><a href="https://www.amazon.com/dp/B0BSKSTLR6?tag=eloabder-20&linkCode=osi&th=1&psc=1">View Product</a></div><div class="product"><a href="https://www.amazon.com/dp/B0014CVXMW?tag=eloabder-20&linkCode=osi&th=1&psc=1"><img src="https://m.media-amazon.com/images/I/417nIjuQeVL._SL500_.jpg" alt="Product Image"></a><p>Nature's Bounty Acidophilus Probiotic, Daily Probiotic Supplement, Supports Digestive Health, 1 Pack, 120 Tablets</p><p>$7.79 ($0.06 / Count)</p><a href="https://www.amazon.com/dp/B0014CVXMW?tag=eloabder-20&linkCode=osi&th=1&psc=1">View Product</a></div>
<div class="product"><a href="https://www.amazon.com/dp/B000QSNYGI?tag=eloabder-20&linkCode=osi&th=1&psc=1"><img src="https://m.media-amazon.com/images/I/418FT93kkzL._SL500_.jpg" alt="Product Image"></a><p>Optimum Nutrition Gold Standard 100% Whey Protein Powder, Double Rich Chocolate, 5 Pound (Packaging May Vary)</p><p>$76.49 ($0.96 / Ounce)</p><a href="https://www.amazon.com/dp/B000QSNYGI?tag=eloabder-20&linkCode=osi&th=1&psc=1">View Product</a></div><div class="product"><a href="https://www.amazon.com/dp/B0C6R7WH62?tag=eloabder-20&linkCode=osi&th=1&psc=1"><img src="https://m.media-amazon.com/images/I/51CQ1wyX8QL._SL500_.jpg" alt="Product Image"></a><p>Body Fortress Super Advanced Whey Protein Powder, Vanilla, 60g Protein & 12g BCAAs Per 2 Scoops, Muscle Gain & Recovery, Immune Support with Vitamins C & D, 3.9lbs (Packaging May Vary)</p><p>$46.57 ($0.75 / Ounce)</p><a href="https://www.amazon.com/dp/B0C6R7WH62?tag=eloabder-20&linkCode=osi&th=1&psc=1">View Product</a></div><div class="product"><a href="https://www.amazon.com/dp/B06ZZ3PJQD?tag=eloabder-20&linkCode=osi&th=1&psc=1"><img src="https://m.media-amazon.com/images/I/41iB36grf+L._SL500_.jpg" alt="Product Image"></a><p>Premier Protein Powder, Vanilla Milkshake, 30g Protein, 1g Sugar, 100% Whey Protein, Keto Friendly, No Soy Ingredients, Gluten Free, 17 Servings, 23.3 Ounces</p><p>$23.96 ($1.03 / Ounce)</p><a href="https://www.amazon.com/dp/B06ZZ3PJQD?tag=eloabder-20&linkCode=osi&th=1&psc=1">View Product</a></div><div class="product"><a href="https://www.amazon.com/dp/B00J074W7Q?tag=eloabder-20&linkCode=osi&th=1&psc=1"><img src="https://m.media-amazon.com/images/I/417tUIFuGVL._SL500_.jpg" alt="Product Image"></a><p>Orgain Organic Vegan Protein Powder, Vanilla Bean - 21g Plant Protein, 6g Prebiotic Fiber, No Lactose Ingredients, No Added Sugar, Non-GMO, For Shakes & Smoothies, 2.03 lb (Packaging May Vary)</p><p>$26.00 ($0.80 / Ounce)</p><a href="https://www.amazon.com/dp/B00J074W7Q?tag=eloabder-20&linkCode=osi&th=1&psc=1">View Product</a></div><div class="product"><a href="https://www.amazon.com/dp/B002DYIZHG?tag=eloabder-20&linkCode=osi&th=1&psc=1"><img src="https://m.media-amazon.com/images/I/41JLcuooSqL._SL500_.jpg" alt="Product Image"></a><p>Optimum Nutrition Gold Standard 100% Whey Protein Powder, Extreme Milk Chocolate, 2 Pound (Pack of 1) (Packaging May Vary)</p><p>$35.47 ($1.11 / Ounce)</p><a href="https://www.amazon.com/dp/B002DYIZHG?tag=eloabder-20&linkCode=osi&th=1&psc=1">View Product</a></div><div class="product"><a href="https://www.amazon.com/dp/B09SY9SD4D?tag=eloabder-20&linkCode=osi&th=1&psc=1"><img src="https://m.media-amazon.com/images/I/41kNcXYRb2L._SL500_.jpg" alt="Product Image"></a><p>Six Star Elite Series 100% Whey Protein Plus Cookies and Cream 1.8lbs US</p><p>$19.50 ($0.67 / Ounce)</p><a href="https://www.amazon.com/dp/B09SY9SD4D?tag=eloabder-20&linkCode=osi&th=1&psc=1">View Product</a></div><div class="product"><a href="https://www.amazon.com/dp/B008JC26E4?tag=eloabder-20&linkCode=osi&th=1&psc=1"><img src="https://m.media-amazon.com/images/I/51ecEm461zL._SL500_.jpg" alt="Product Image"></a><p>Muscletech Whey Protein Powder (Milk Chocolate, 4 Pound) - Nitro-Tech Muscle Building Formula with Whey Protein Isolate & Peptides - 30g of Protein, 3g of Creatine & 6.6g of BCAA</p><p>$54.99 ($0.86 / Ounce)</p><a href="https://www.amazon.com/dp/B008JC26E4?tag=eloabder-20&linkCode=osi&th=1&psc=1">View Product</a></div><div class="product"><a href="https://www.amazon.com/dp/B07PVKBGV3?tag=eloabder-20&linkCode=osi&th=1&psc=1"><img src="https://m.media-amazon.com/images/I/51M7jdcJfML._SL500_.jpg" alt="Product Image"></a><p>Orgain Organic Vegan Protein + 50 Superfoods Powder, Creamy Chocolate Fudge - 21g Plant Based Protein, 9g Prebiotic Fiber, No Lactose, Gluten Free, No Added Sugar, 2.02 lb (Packaging May Vary)</p><p>$29.99 ($0.93 / Ounce)</p><a href="https://www.amazon.com/dp/B07PVKBGV3?tag=eloabder-20&linkCode=osi&th=1&psc=1">View Product</a></div><div class="product"><a href="https://www.amazon.com/dp/B0BHZTH6W6?tag=eloabder-20&linkCode=osi&th=1&psc=1"><img src="https://m.media-amazon.com/images/I/417Ray0wErL._SL500_.jpg" alt="Product Image"></a><p>Clean Simple Eats Simply Vanilla Whey Protein Powder, Natural Sweetened and Cold-Processed Whey Protein Powder, 20 Grams of Protein (30 Servings)</p><p>$59.99 ($1.72 / Ounce)</p><a href="https://www.amazon.com/dp/B0BHZTH6W6?tag=eloabder-20&linkCode=osi&th=1&psc=1">View Product</a></div>
<div class="product"><a href="https://www.amazon.com/dp/B008O47SI6?tag=eloabder-20&linkCode=osi&th=1&psc=1"><img src="https://m.media-amazon.com/images/I/31N3aA5EjQL._SL500_.jpg" alt="Product Image"></a><p>Optimum Nutrition Amino Energy - Pre Workout with Green Tea, BCAA, Amino Acids, Keto Friendly, Green Coffee Extract, Energy Powder - Watermelon, 30 Servings (Packaging May Vary)</p><p>$18.94 ($1.99 / Ounce)</p><a href="https://www.amazon.com/dp/B008O47SI6?tag=eloabder-20&linkCode=osi&th=1&psc=1">View Product</a></div><div class="product"><a href="https://www.amazon.com/dp/B07349CKML?tag=eloabder-20&linkCode=osi&th=1&psc=1"><img src="https://m.media-amazon.com/images/I/51-TkjI7KTL._SL500_.jpg" alt="Product Image"></a><p>Cellucor C4 Sport Pre Workout Powder Watermelon - Pre Workout Energy with Creatine + 135mg Caffeine and Beta-Alanine Performance Blend - NSF Certified for Sport 30 Servings</p><p>$21.92 ($3.09 / Ounce)</p><a href="https://www.amazon.com/dp/B07349CKML?tag=eloabder-20&linkCode=osi&th=1&psc=1">View Product</a></div><div class="product"><a href="https://www.amazon.com/dp/B00KZNOYDG?tag=eloabder-20&linkCode=osi&th=1&psc=1"><img src="https://m.media-amazon.com/images/I/41IXADaWxUL._SL500_.jpg" alt="Product Image"></a><p>BSN N.O.-XPLODE Pre Workout Supplement with Creatine, Beta-Alanine, and Energy, Flavor: Fruit Punch, 60 Servings</p><p>$46.99 ($1.20 / Ounce)</p><a href="https://www.amazon.com/dp/B00KZNOYDG?tag=eloabder-20&linkCode=osi&th=1&psc=1">View Product</a></div><div class="product"><a href="https://www.amazon.com/dp/B00PYB2X8C?tag=eloabder-20&linkCode=osi&th=1&psc=1"><img src="https://m.media-amazon.com/images/I/31NJiruIw-L._SL500_.jpg" alt="Product Image"></a><p>OPTIMUM NUTRITION Gold Standard Pre-Workout with Creatine, Beta-Alanine, and Caffeine for Energy, Flavor: Fruit Punch, 30 Servings</p><p>$24.99 ($2.36 / Ounce)</p><a href="https://www.amazon.com/dp/B00PYB2X8C?tag=eloabder-20&linkCode=osi&th=1&psc=1">View Product</a></div><div class="product"><a href="https://www.amazon.com/dp/B09HFMZ8MP?tag=eloabder-20&linkCode=osi&th=1&psc=1"><img src="https://m.media-amazon.com/images/I/41JwKA7bTxL._SL500_.jpg" alt="Product Image"></a><p>BSN N.O.-XPLODE Vaso Pre Workout Powder with 8g of L-Citulline and 3.2g Beta-Alanine and Energy, Flavor: Grape Fury, 24 Servings</p><p>$32.30 ($1.82 / Ounce)</p><a href="https://www.amazon.com/dp/B09HFMZ8MP?tag=eloabder-20&linkCode=osi&th=1&psc=1">View Product</a></div><div class="product"><a href="https://www.amazon.com/dp/B0CM9R6J4L?tag=eloabder-20&linkCode=osi&th=1&psc=1"><img src="https://m.media-amazon.com/images/I/51FnQa40ViL._SL500_.jpg" alt="Product Image"></a><p>Six Star Pre-Workout Powder for Men & Women, Fruit Punch (30 Servings) - Preworkout Explosion 2.0 Energy Powder Drink Mix with Beta-Alanine & Caffeine - Sports Nutrition Supplement Products</p><p>$17.97 ($1.89 / Ounce)</p><a href="https://www.amazon.com/dp/B0CM9R6J4L?tag=eloabder-20&linkCode=osi&th=1&psc=1">View Product</a></div><div class="product"><a href="https://www.amazon.com/dp/B07NC8BPV9?tag=eloabder-20&linkCode=osi&th=1&psc=1"><img src="https://m.media-amazon.com/images/I/51XzLEFzfTL._SL500_.jpg" alt="Product Image"></a><p>C4 Ripped Sport Pre Workout Powder Fruit Punch - NSF Certified for Sport + Sugar Free Preworkout Energy Supplement for Men & Women | 135mg Caffeine | 30 Servings</p><p>$25.49 ($2.83 / Ounce)</p><a href="https://www.amazon.com/dp/B07NC8BPV9?tag=eloabder-20&linkCode=osi&th=1&psc=1">View Product</a></div><div class="product"><a href="https://www.amazon.com/dp/B07TCCPZZL?tag=eloabder-20&linkCode=osi&th=1&psc=1"><img src="https://m.media-amazon.com/images/I/51WOAcjhkKL._SL500_.jpg" alt="Product Image"></a><p>Jacked Factory NITROSURGE Pre Workout Supplement - Endless Energy, Instant Strength Gains, Clear Focus, Intense Pumps - NO Booster & Preworkout Powder with Beta Alanine - 30 Servings, Cherry Limeade</p><p>$25.99 ($2.93 / Ounce)</p><a href="https://www.amazon.com/dp/B07TCCPZZL?tag=eloabder-20&linkCode=osi&th=1&psc=1">View Product</a></div><div class="product"><a href="https://www.amazon.com/dp/B01NBZFIQB?tag=eloabder-20&linkCode=osi&th=1&psc=1"><img src="https://m.media-amazon.com/images/I/51dF03izLhL._SL500_.jpg" alt="Product Image"></a><p>Cellucor C4 Original Pre Workout Powder Watermelon Sugar Free Preworkout Energy Supplement for Men & Women 150mg Caffeine + Beta Alanine + Creatine 30 Servings</p><p>$27.70 ($4.69 / Ounce)</p><a href="https://www.amazon.com/dp/B01NBZFIQB?tag=eloabder-20&linkCode=osi&th=1&psc=1">View Product</a></div><div class="product"><a href="https://www.amazon.com/dp/B07RTKNGXR?tag=eloabder-20&linkCode=osi&th=1&psc=1"><img src="https://m.media-amazon.com/images/I/41Xwx02KyWL._SL500_.jpg" alt="Product Image"></a><p>Animal Fury - Pre Workout Powder Supplement for Energy and Focus - 5g BCAA, 350mg Caffeine, Nitric Oxide, Without Creatine - Powerful Stimulant for Bodybuilders - Ice Pop, 30 count</p><p>$35.74 ($2.05 / Ounce)</p><a href="https://www.amazon.com/dp/B07RTKNGXR?tag=eloabder-20&linkCode=osi&th=1&psc=1">View Product</a></div>
<div class="product"><a href="https://www.amazon.com/dp/B00LALNIOI?tag=eloabder-20&linkCode=osi&th=1&psc=1"><img src="https://m.media-amazon.com/images/I/51iR75ufkkL._SL500_.jpg" alt="Product Image"></a><p>Xtend Original BCAA Powder Blue Raspberry Ice, Sugar Free Post Workout Muscle Recovery Drink with Amino Acids for Men & Women</p><p>$23.00 ($1.74 / Ounce)</p><a href="https://www.amazon.com/dp/B00LALNIOI?tag=eloabder-20&linkCode=osi&th=1&psc=1">View Product</a></div><div class="product"><a href="https://www.amazon.com/dp/B006G9TB68?tag=eloabder-20&linkCode=osi&th=1&psc=1"><img src="https://m.media-amazon.com/images/I/31N397czLaL._SL500_.jpg" alt="Product Image"></a><p>BSN Amino X Muscle Recovery & Endurance Powder with BCAAs, Intra Workout Support, 10 Grams of Amino Acids, Keto Friendly, Caffeine Free, Flavor: Grape, 30 Servings (Packaging May Vary)</p><p>$21.84 ($1.43 / Ounce)</p><a href="https://www.amazon.com/dp/B006G9TB68?tag=eloabder-20&linkCode=osi&th=1&psc=1">View Product</a></div><div class="product"><a href="https://www.amazon.com/dp/B07XQK9Z4J?tag=eloabder-20&linkCode=osi&th=1&psc=1"><img src="https://m.media-amazon.com/images/I/51rJWb5cFgL._SL500_.jpg" alt="Product Image"></a><p>Jacked Factory Growth Surge Creatine Post Workout w/L-Carnitine - Daily Muscle Builder & Recovery Supplement with Creatine Monohydrate, Betaine, L-Carnitine L-Tartrate - 30 Servings, Watermelon</p><p>$34.99 ($3.28 / Ounce)</p><a href="https://www.amazon.com/dp/B07XQK9Z4J?tag=eloabder-20&linkCode=osi&th=1&psc=1">View Product</a></div><div class="product"><a href="https://www.amazon.com/dp/B07GZR527B?tag=eloabder-20&linkCode=osi&th=1&psc=1"><img src="https://m.media-amazon.com/images/I/51v3Vr5pRPL._SL500_.jpg" alt="Product Image"></a><p>MHP Dark Matter Post Workout, Recovery Accelerator, w/Multi Phase Creatine, Waxy Maize Carbohydrate, 6g EAAs, Fruit Punch, 20 Servings, 55 Oz</p><p>$42.89 ($0.78 / Ounce)</p><a href="https://www.amazon.com/dp/B07GZR527B?tag=eloabder-20&linkCode=osi&th=1&psc=1">View Product</a></div><div class="product"><a href="https://www.amazon.com/dp/B01HGQZXIY?tag=eloabder-20&linkCode=osi&th=1&psc=1"><img src="https://m.media-amazon.com/images/I/41CbhAnReOL._SL500_.jpg" alt="Product Image"></a><p>Post JYM Active Matrix - Post-Workout with BCAA's, Glutamine, Creatine HCL, Beta-Alanine, and More | JYM Supplement Science | Mandarin Orange Flavor, 30 Servings, 1.3 Pound (Pack of 1)</p><p>$36.19 ($1.71 / Ounce)</p><a href="https://www.amazon.com/dp/B01HGQZXIY?tag=eloabder-20&linkCode=osi&th=1&psc=1">View Product</a></div><div class="product"><a href="https://www.amazon.com/dp/B098DLMBMS?tag=eloabder-20&linkCode=osi&th=1&psc=1"><img src="https://m.media-amazon.com/images/I/51RLaCxlU4L._SL500_.jpg" alt="Product Image"></a><p>Outwork Nutrition Recovery Supplement, Post Workout Recovery Powder & Muscle Builder for Men and Women, Recharge Muscles After Gym, Backed by Science, Orange Sherbet, 230 Gr</p><p>$44.97 ($5.55 / Ounce)</p><a href="https://www.amazon.com/dp/B098DLMBMS?tag=eloabder-20&linkCode=osi&th=1&psc=1">View Product</a></div><div class="product"><a href="https://www.amazon.com/dp/B08YLMK3F9?tag=eloabder-20&linkCode=osi&th=1&psc=1"><img src="https://m.media-amazon.com/images/I/51swm-gEAJL._SL500_.jpg" alt="Product Image"></a><p>LEGION Recharge Post Workout Supplement - All Natural Muscle Builder & Recovery Drink with Micronized Creatine Monohydrate. Naturally Sweetened & Flavored, Safe & Healthy (Fruit Punch, 30 Serve)</p><p>$39.99 ($4.25 / Ounce)</p><a href="https://www.amazon.com/dp/B08YLMK3F9?tag=eloabder-20&linkCode=osi&th=1&psc=1">View Product</a></div><div class="product"><a href="https://www.amazon.com/dp/B07YF991FX?tag=eloabder-20&linkCode=osi&th=1&psc=1"><img src="https://m.media-amazon.com/images/I/41HkkaqohbL._SL500_.jpg" alt="Product Image"></a><p>Post JYM Active Matrix, Post-Workout with BCAA's, Glutamine, Creatine HCL, Beta-Alanine and More, JYM Supplement Science, Blue Arctic Freeze, 30 Servings (22 Oz)</p><p>$43.19 ($1.96 / Ounce)</p><a href="https://www.amazon.com/dp/B07YF991FX?tag=eloabder-20&linkCode=osi&th=1&psc=1">View Product</a></div><div class="product"><a href="https://www.amazon.com/dp/B01HGQZXKW?tag=eloabder-20&linkCode=osi&th=1&psc=1"><img src="https://m.media-amazon.com/images/I/41HzdrRmWOL._SL500_.jpg" alt="Product Image"></a><p>Post JYM Active Matrix - Post-Workout with BCAA's, Glutamine, Creatine HCL, Beta-Alanine, and More | JYM Supplement Science | Rainbow Sherbert Flavor, 30 Servings, 21.2 oz.</p><p>$43.99 ($2.08 / Ounce)</p><a href="https://www.amazon.com/dp/B01HGQZXKW?tag=eloabder-20&linkCode=osi&th=1&psc=1">View Product</a></div><div class="product"><a href="https://www.amazon.com/dp/B0091PAE56?tag=eloabder-20&linkCode=osi&th=1&psc=1"><img src="https://m.media-amazon.com/images/I/51--ec7ZCmL._SL500_.jpg" alt="Product Image"></a><p>BSN CELLMASS 2.0 Post Workout Recovery with BCAA, Creatine, & Glutamine - Keto Friendly - Arctic Berry, (25 Servings) (1048058)</p><p>$44.04 ($2.53 / Ounce)</p><a href="https://www.amazon.com/dp/B0091PAE56?tag=eloabder-20&linkCode=osi&th=1&psc=1">View Product</a></div>
<div class="product"><a href="https://www.amazon.com/dp/B09FXVQ8WN?tag=eloabder-20&linkCode=osi&th=1&psc=1"><img src="https://m.media-amazon.com/images/I/510JImhpyNL._SL500_.jpg" alt="Product Image"></a><p>C4 Performance Energy Drink, STARBURST™ Strawberry, Sugar Free Pre Workout Carbonated Drink with no Artificial Colors or Dyes, (16 fl. oz Pack of 12)</p><p>$23.49</p><a href="https://www.amazon.com/dp/B09FXVQ8WN?tag=eloabder-20&linkCode=osi&th=1&psc=1">View Product</a></div><div class="product"><a href="https://www.amazon.com/dp/B08TRR5993?tag=eloabder-20&linkCode=osi&th=1&psc=1"><img src="https://m.media-amazon.com/images/I/51pAihf53iL._SL500_.jpg" alt="Product Image"></a><p>Reign Total Body Fuel, White Gummy Bear, Fitness & Performance Drink, 16 Fl Oz (Pack of 12)</p><p>$26.49 ($0.14 / Fl Oz)</p><a href="https://www.amazon.com/dp/B08TRR5993?tag=eloabder-20&linkCode=osi&th=1&psc=1">View Product</a></div><div class="product"><a href="https://www.amazon.com/dp/B07419F6KS?tag=eloabder-20&linkCode=osi&th=1&psc=1"><img src="https://m.media-amazon.com/images/I/51N5hyZzrTL._SL500_.jpg" alt="Product Image"></a><p>Bang Energy Peach Mango, Sugar-Free Energy Drink, 16-Ounce (Pack of 12)</p><p>$20.94 ($0.11 / Fl Oz)</p><a href="https://www.amazon.com/dp/B07419F6KS?tag=eloabder-20&linkCode=osi&th=1&psc=1">View Product</a></div><div class="product"><a href="https://www.amazon.com/dp/B09SRV8QHH?tag=eloabder-20&linkCode=osi&th=1&psc=1"><img src="https://m.media-amazon.com/images/I/51Iq4eGNL+L._SL500_.jpg" alt="Product Image"></a><p>C4 Ultimate | Pre Workout Sugar Free Energy Drink | Tri-Stim Experience with 300mg Caffeine + TeaCrine + Dynamine | Fruit Punch | 16oz (Pack of 12)</p><p>$30.96 ($0.16 / Fl Oz)</p><a href="https://www.amazon.com/dp/B09SRV8QHH?tag=eloabder-20&linkCode=osi&th=1&psc=1">View Product</a></div><div class="product"><a href="https://www.amazon.com/dp/B0883JN171?tag=eloabder-20&linkCode=osi&th=1&psc=1"><img src="https://m.media-amazon.com/images/I/51hzUTVaV2L._SL500_.jpg" alt="Product Image"></a><p>C4 Smart Energy Drink – Boost Focus and Energy with Zero Sugar, Natural Energy, and Nootropics - 200mg Caffeine - Peach Mango (12oz Pack of 12)</p><p>$22.49 ($0.16 / Fl Oz)</p><a href="https://www.amazon.com/dp/B0883JN171?tag=eloabder-20&linkCode=osi&th=1&psc=1">View Product</a></div><div class="product"><a href="https://www.amazon.com/dp/B07Q5CH24R?tag=eloabder-20&linkCode=osi&th=1&psc=1"><img src="https://m.media-amazon.com/images/I/51PJ4pPD9qL._SL500_.jpg" alt="Product Image"></a><p>Optimum Nutrition Amino Energy Sparkling Hydration Drink, Electrolytes, Caffeine, Amino Acids, BCAAs, Sugar Free, Juicy Cherry, 12 Fl Oz, 12 Pack (Packaging May Vary)</p><p>$29.98 ($0.21 / Fl Oz)</p><a href="https://www.amazon.com/dp/B07Q5CH24R?tag=eloabder-20&linkCode=osi&th=1&psc=1">View Product</a></div><div class="product"><a href="https://www.amazon.com/dp/B08JN8W7LV?tag=eloabder-20&linkCode=osi&th=1&psc=1"><img src="https://m.media-amazon.com/images/I/51hpaMqIQ2L._SL500_.jpg" alt="Product Image"></a><p>REIGN Inferno Watermelon Warlord, Thermogenic Fuel, Fitness and Performance Drink, 16 Fl Oz (Pack of 12)</p><p>$26.49 ($0.14 / Fl Oz)</p><a href="https://www.amazon.com/dp/B08JN8W7LV?tag=eloabder-20&linkCode=osi&th=1&psc=1">View Product</a></div><div class="product"><a href="https://www.amazon.com/dp/B00IB9RZSM?tag=eloabder-20&linkCode=osi&th=1&psc=1"><img src="https://m.media-amazon.com/images/I/516brFoV5hL._SL500_.jpg" alt="Product Image"></a><p>Monster Energy Energy Drink Import, 18.6 Ounce (Pack of 12)</p><p>$37.29 ($0.17 / Fl Oz)</p><a href="https://www.amazon.com/dp/B00IB9RZSM?tag=eloabder-20&linkCode=osi&th=1&psc=1">View Product</a></div><div class="product"><a href="https://www.amazon.com/dp/B0BSXPSQS4?tag=eloabder-20&linkCode=osi&th=1&psc=1"><img src="https://m.media-amazon.com/images/I/617RjyXgx9L._SL500_.jpg" alt="Product Image"></a><p>All Black Everything Sugar Free Energy Drink | Fruit Candy | 0 Calories | 12 Pack | 200mg Natural Caffeine | Pre-Workout Sport Drink for Men and Women</p><p>$19.99 ($0.15 / Fl Oz)</p><a href="https://www.amazon.com/dp/B0BSXPSQS4?tag=eloabder-20&linkCode=osi&th=1&psc=1">View Product</a></div><div class="product"><a href="https://www.amazon.com/dp/B003PFPFIE?tag=eloabder-20&linkCode=osi&th=1&psc=1"><img src="https://m.media-amazon.com/images/I/41VhMx5ZlcL._SL500_.jpg" alt="Product Image"></a><p>Red Bull Energy Drink, 8.4 Fl Oz, 24 Cans</p><p>$31.99 ($0.16 / Fl Oz)</p><a href="https://www.amazon.com/dp/B003PFPFIE?tag=eloabder-20&linkCode=osi&th=1&psc=1">View Product</a></div>
<div class="product"><a href="https://www.amazon.com/dp/B000GISTZ4?tag=eloabder-20&linkCode=osi&th=1&psc=1"><img src="https://m.media-amazon.com/images/I/41oF8bNCKHL._SL500_.jpg" alt="Product Image"></a><p>Optimum Nutrition Gold Standard 100% Whey Protein Powder, Vanilla Ice Cream, 2 Pound (Pack of 1) (Packaging May Vary)</p><p>$39.99 ($1.25 / Ounce)</p><a href="https://www.amazon.com/dp/B000GISTZ4?tag=eloabder-20&linkCode=osi&th=1&psc=1">View Product</a></div><div class="product"><a href="https://www.amazon.com/dp/B07DX89ZHN?tag=eloabder-20&linkCode=osi&th=1&psc=1"><img src="https://m.media-amazon.com/images/I/41INqodQzYL._SL500_.jpg" alt="Product Image"></a><p>Sports Research Triple Strength Omega 3 Fish Oil - Burpless Fish Oil Supplement w/EPA & DHA Fatty Acids from Single-Source Wild Alaska Pollock - 1250 mg, 90 ct</p><p>$26.95 ($0.30 / Count)</p><a href="https://www.amazon.com/dp/B07DX89ZHN?tag=eloabder-20&linkCode=osi&th=1&psc=1">View Product</a></div><div class="product"><a href="https://www.amazon.com/dp/B09Q9WCDY7?tag=eloabder-20&linkCode=osi&th=1&psc=1"><img src="https://m.media-amazon.com/images/I/51jC1zU+TFL._SL500_.jpg" alt="Product Image"></a><p>LMNT Zero Sugar Electrolytes - Sample Pack | Drink Mix | 8 Sticks</p><p>$14.99 ($1.87 / Count)</p><a href="https://www.amazon.com/dp/B09Q9WCDY7?tag=eloabder-20&linkCode=osi&th=1&psc=1">View Product</a></div><div class="product"><a href="https://www.amazon.com/dp/B08Y73HJF4?tag=eloabder-20&linkCode=osi&th=1&psc=1"><img src="https://m.media-amazon.com/images/I/51OTbGJtumL._SL500_.jpg" alt="Product Image"></a><p>Premier Protein, Protein Shake, 8 Flavor Variety Pack, 30g Protein, 1g Sugar, 24 Vitamins & Minerals, Nutrients to Support Immune Health 11.5 Fl Oz (8 Pack)</p><p>$27.98 ($3.50 / Fl Oz)</p><a href="https://www.amazon.com/dp/B08Y73HJF4?tag=eloabder-20&linkCode=osi&th=1&psc=1">View Product</a></div><div class="product"><a href="https://www.amazon.com/dp/B019TUCOF0?tag=eloabder-20&linkCode=osi&th=1&psc=1"><img src="https://m.media-amazon.com/images/I/51Rg20S-WxL._SL500_.jpg" alt="Product Image"></a><p>Orgain Organic Greens Powder + 50 Superfoods, Original - 1 Billion Probiotics for Digestive Health, Antioxidants, Vegan, Plant-Based, Gluten-Free, Non-GMO, Green Juice & Smoothie Drink Mix - 0.62lb</p><p>$15.50 ($1.57 / Ounce)</p><a href="https://www.amazon.com/dp/B019TUCOF0?tag=eloabder-20&linkCode=osi&th=1&psc=1">View Product</a></div><div class="product"><a href="https://www.amazon.com/dp/B002DYIZEE?tag=eloabder-20&linkCode=osi&th=1&psc=1"><img src="https://m.media-amazon.com/images/I/41KL1V59+6L._SL500_.jpg" alt="Product Image"></a><p>Optimum Nutrition Micronized Creatine Monohydrate Powder, Unflavored, Keto Friendly, 60 Servings (Packaging May Vary)</p><p>$17.00 ($1.60 / Ounce)</p><a href="https://www.amazon.com/dp/B002DYIZEE?tag=eloabder-20&linkCode=osi&th=1&psc=1">View Product</a></div><div class="product"><a href="https://www.amazon.com/dp/B019GU4ILQ?tag=eloabder-20&linkCode=osi&th=1&psc=1"><img src="https://m.media-amazon.com/images/I/51QLnQIgtZL._SL500_.jpg" alt="Product Image"></a><p>Nuun Sport: Electrolyte-Rich Sports Drink Tablets, Citrus Berry Mixed Flavor Pack, Box of 4 Count (40 servings), Sports Drink for Replenishment of Essential Electrolytes Lost Through Sweat</p><p>$21.20 ($0.53 / Count)</p><a href="https://www.amazon.com/dp/B019GU4ILQ?tag=eloabder-20&linkCode=osi&th=1&psc=1">View Product</a></div><div class="product"><a href="https://www.amazon.com/dp/B099HZG89P?tag=eloabder-20&linkCode=osi&th=1&psc=1"><img src="https://m.media-amazon.com/images/I/41KY2uQmtnL._SL500_.jpg" alt="Product Image"></a><p>Dymatize ISO100 Hydrolyzed Protein Powder, 100% Whey Isolate, 25g of Protein, 5.5g BCAAs, Gluten Free, Fast Absorbing, Easy Digesting, Fruity Pebbles, 20 Servings</p><p>$33.43 ($1.55 / Ounce)</p><a href="https://www.amazon.com/dp/B099HZG89P?tag=eloabder-20&linkCode=osi&th=1&psc=1">View Product</a></div><div class="product"><a href="https://www.amazon.com/dp/B0C351C9R4?tag=eloabder-20&linkCode=osi&th=1&psc=1"><img src="https://m.media-amazon.com/images/I/41LRAsJYQrL._SL500_.jpg" alt="Product Image"></a><p>Night Time Fat Burner Gummies with Zero Sugar for Sleep & Weight Loss Support | Hunger Suppressant & Metabolism Booster, Shred Belly Fat While You Sleep | Diet Supplement for Women & Men | 60 Ct.</p><p>$19.95 ($0.33 / Count)</p><a href="https://www.amazon.com/dp/B0C351C9R4?tag=eloabder-20&linkCode=osi&th=1&psc=1">View Product</a></div><div class="product"><a href="https://www.amazon.com/dp/B09B4DWNYQ?tag=eloabder-20&linkCode=osi&th=1&psc=1"><img src="https://m.media-amazon.com/images/I/41G2blG7rCL._SL500_.jpg" alt="Product Image"></a><p>Nutricost Nitric Oxide Booster 2250mg, 180 Capsules - 750mg Per Casule, 60 Servings - Gluten Free and Non-GMO</p><p>$14.88 ($0.08 / Count)</p><a href="https://www.amazon.com/dp/B09B4DWNYQ?tag=eloabder-20&linkCode=osi&th=1&psc=1">View Product</a></div>
<div class="product"><a href="https://www.amazon.com/dp/B00GJ82VK4?tag=eloabder-20&linkCode=osi&th=1&psc=1"><img src="https://m.media-amazon.com/images/I/51j2KOV9-+L._SL500_.jpg" alt="Product Image"></a><p>Pure Protein Bars, High Protein, Nutritious Snacks to Support Energy, Low Sugar, Gluten Free, Chocolate Peanut Butter, 1.76oz, 12 Count (Packaging May Vary)</p><p>$14.99 ($0.71 / Ounce)</p><a href="https://www.amazon.com/dp/B00GJ82VK4?tag=eloabder-20&linkCode=osi&th=1&psc=1">View Product</a></div><div class="product"><a href="https://www.amazon.com/dp/B00VRALNVW?tag=eloabder-20&linkCode=osi&th=1&psc=1"><img src="https://m.media-amazon.com/images/I/41p6QSCT9xL._SL500_.jpg" alt="Product Image"></a><p>MET-Rx Big 100 Colossal Protein Bars, Great as Healthy Meal Replacement, Snack, and Help Support Energy, Peanut Butter Pretzel, With Vitamin A, Vitamin C, and Zinc, 100 g, (Pack of 9)</p><p>$22.19 ($0.70 / Ounce)</p><a href="https://www.amazon.com/dp/B00VRALNVW?tag=eloabder-20&linkCode=osi&th=1&psc=1">View Product</a></div><div class="product"><a href="https://www.amazon.com/dp/B0C4V2ML1C?tag=eloabder-20&linkCode=osi&th=1&psc=1"><img src="https://m.media-amazon.com/images/I/51O7nHnFpcL._SL500_.jpg" alt="Product Image"></a><p>FITCRUNCH Snack Size Protein Bars, Designed by Robert Irvine, 6-Layer Baked Bar, 3g of Sugar, Gluten Free & Soft Cake Core (9 Count, Flavor Lovers)</p><p>$21.99 ($1.51 / Ounce)</p><a href="https://www.amazon.com/dp/B0C4V2ML1C?tag=eloabder-20&linkCode=osi&th=1&psc=1">View Product</a></div><div class="product"><a href="https://www.amazon.com/dp/B0764FYSNF?tag=eloabder-20&linkCode=osi&th=1&psc=1"><img src="https://m.media-amazon.com/images/I/51dOBG5gU9L._SL500_.jpg" alt="Product Image"></a><p>Quest Nutrition Birthday Cake Protein Bars, High Protein, Low Carb, Gluten Free, Keto Friendly, 12 Count</p><p>$24.72 ($0.97 / Ounce)</p><a href="https://www.amazon.com/dp/B0764FYSNF?tag=eloabder-20&linkCode=osi&th=1&psc=1">View Product</a></div><div class="product"><a href="https://www.amazon.com/dp/B09QHBBGJT?tag=eloabder-20&linkCode=osi&th=1&psc=1"><img src="https://m.media-amazon.com/images/I/51gdruf0zxL._SL500_.jpg" alt="Product Image"></a><p>CLIF Builders - Chocolate Peanut Butter Flavor - Protein Bars - Gluten-Free - Non-GMO - Low Glycemic - 20g Protein - 2.4 oz.</p><p>$19.93 ($0.69 / Ounce)</p><a href="https://www.amazon.com/dp/B09QHBBGJT?tag=eloabder-20&linkCode=osi&th=1&psc=1">View Product</a></div><div class="product"><a href="https://www.amazon.com/dp/B01N16U5PC?tag=eloabder-20&linkCode=osi&th=1&psc=1"><img src="https://m.media-amazon.com/images/I/41JDFtLrPtL._SL500_.jpg" alt="Product Image"></a><p>ONE Protein Bars, Maple Glazed Doughnut, Gluten Free Protein Bars with 20g Protein and 1g Sugar, Pantry Staples, 2.12 oz (12 Count)</p><p>$23.67 ($0.93 / Ounce)</p><a href="https://www.amazon.com/dp/B01N16U5PC?tag=eloabder-20&linkCode=osi&th=1&psc=1">View Product</a></div><div class="product"><a href="https://www.amazon.com/dp/B00T0BUBI6?tag=eloabder-20&linkCode=osi&th=1&psc=1"><img src="https://m.media-amazon.com/images/I/516TTwRT19L._SL500_.jpg" alt="Product Image"></a><p>Gatorade Whey Protein Recover Bars, Chocolate Chip, 2.8 ounce(Pack of 12)</p><p>$18.09 ($0.54 / Ounce)</p><a href="https://www.amazon.com/dp/B00T0BUBI6?tag=eloabder-20&linkCode=osi&th=1&psc=1">View Product</a></div>
<div class="product"><a href="https://www.amazon.com/dp/B0BGT67LM7?tag=eloabder-20&linkCode=osi&th=1&psc=1"><img src="https://m.media-amazon.com/images/I/41E+0pcyr-L._SL500_.jpg" alt="Product Image"></a><p>Horbäach Electrolyte Tablets | 200 Count | Vegetarian | Keto-Friendly | Non-GMO, and Gluten Free Hydration Supplement</p><p>$9.99 ($0.05 / Count)</p><a href="https://www.amazon.com/dp/B0BGT67LM7?tag=eloabder-20&linkCode=osi&th=1&psc=1">View Product</a></div><div class="product"><a href="https://www.amazon.com/dp/B07N7J4Y5B?tag=eloabder-20&linkCode=osi&th=1&psc=1"><img src="https://m.media-amazon.com/images/I/41Gr4sCZyuL._SL500_.jpg" alt="Product Image"></a><p>Complete Electrolyte Supplement Pills High Absorption | Cmax Potassium Chloride Magnesium Sodium Calcium Zinc | Boost Endurance Muscle Recovery Mental Focus | Salt Electrolytes Tablets | Keto Friendly</p><p>$17.99 ($0.18 / Count)</p><a href="https://www.amazon.com/dp/B07N7J4Y5B?tag=eloabder-20&linkCode=osi&th=1&psc=1">View Product</a></div><div class="product"><a href="https://www.amazon.com/dp/B09NS38Q41?tag=eloabder-20&linkCode=osi&th=1&psc=1"><img src="https://m.media-amazon.com/images/I/41Yr3qVgBZL._SL500_.jpg" alt="Product Image"></a><p>Nutricost Electrolyte Complex (Advanced Hydration with Real Salt®) 120 Capsules - 8 Hydrating Electrolytes & Vitamins, Gluten Free, Non-GMO, Vegetarian</p><p>$13.95 ($0.12 / Count)</p><a href="https://www.amazon.com/dp/B09NS38Q41?tag=eloabder-20&linkCode=osi&th=1&psc=1">View Product</a></div><div class="product"><a href="https://www.amazon.com/dp/B06W9F3X88?tag=eloabder-20&linkCode=osi&th=1&psc=1"><img src="https://m.media-amazon.com/images/I/51tCPf4Z1kL._SL500_.jpg" alt="Product Image"></a><p>Dr. Berg Zero Sugar Hydration Keto Electrolyte Powder - Enhanced w/ 1000 mg of Potassium & Real Pink Himalayan Salt (NOT Table Salt) - Raspberry & Lemon Flavor Hydration Drink Supplement - 50 Servings</p><p>$34.95 ($3.01 / Ounce)</p><a href="https://www.amazon.com/dp/B06W9F3X88?tag=eloabder-20&linkCode=osi&th=1&psc=1">View Product</a></div><div class="product"><a href="https://www.amazon.com/dp/B08CMLT2CB?tag=eloabder-20&linkCode=osi&th=1&psc=1"><img src="https://m.media-amazon.com/images/I/515teLQAs-L._SL500_.jpg" alt="Product Image"></a><p>KEY NUTRIENTS Electrolyte Tablets, 200 Capsules, Salt Tablets for Dehydration, Fasting Electrolytes Tablets - Salt Pills with Electrolytes, No Sugar, Gluten Free Hydration Tablets Made in USA</p><p>$17.99 ($0.09 / Count)</p><a href="https://www.amazon.com/dp/B08CMLT2CB?tag=eloabder-20&linkCode=osi&th=1&psc=1">View Product</a></div><div class="product"><a href="https://www.amazon.com/dp/B09J1MZSDH?tag=eloabder-20&linkCode=osi&th=1&psc=1"><img src="https://m.media-amazon.com/images/I/41y8lkbw9XL._SL500_.jpg" alt="Product Image"></a><p>SaltStick Electrolyte FastChews - Mixed Berry Chewable Electrolyte Tablets - Salt Tablets for Runners, Electrolyte Chews for Hydration - 60 Count</p><p>$16.95 ($0.28 / Count)</p><a href="https://www.amazon.com/dp/B09J1MZSDH?tag=eloabder-20&linkCode=osi&th=1&psc=1">View Product</a></div><div class="product"><a href="https://www.amazon.com/dp/B07KBD1MGS?tag=eloabder-20&linkCode=osi&th=1&psc=1"><img src="https://m.media-amazon.com/images/I/41carskjgTL._SL500_.jpg" alt="Product Image"></a><p>Keto Electrolyte Supplement (120 Capsules) Maximum Keto Electrolytes Supplements Pills w Real Salt®, B Vitamins, Magnesium and Potassium Supplement - Salt Pills & Electrolyte Tablets</p><p>$19.98 ($0.17 / Count)</p><a href="https://www.amazon.com/dp/B07KBD1MGS?tag=eloabder-20&linkCode=osi&th=1&psc=1">View Product</a></div><div class="product"><a href="https://www.amazon.com/dp/B002IY96B0?tag=eloabder-20&linkCode=osi&th=1&psc=1"><img src="https://m.media-amazon.com/images/I/41Rm0p5cebL._SL500_.jpg" alt="Product Image"></a><p>SaltStick Electrolyte Capsules with Vitamin D | Salt Pills with Electrolytes for Running, Endurance Sports Nutrition, Running Supplements | 100 Count Electrolyte Pills</p><p>$23.95 ($0.24 / Count)</p><a href="https://www.amazon.com/dp/B002IY96B0?tag=eloabder-20&linkCode=osi&th=1&psc=1">View Product</a></div><div class="product"><a href="https://www.amazon.com/dp/B09J7DHYR9?tag=eloabder-20&linkCode=osi&th=1&psc=1"><img src="https://m.media-amazon.com/images/I/41VeenSQ-oL._SL500_.jpg" alt="Product Image"></a><p>Keto Chow - Electrolyte Hydration Drops - Keto Diets & Intermittent Fasting - Immune Support - Gluten & Sugar Free - Paleo - Sodium, Magnesium, Potassium & Trace Minerals - Unflavored - 4 fl oz</p><p>$14.95 ($3.74 / Fl Oz)</p><a href="https://www.amazon.com/dp/B09J7DHYR9?tag=eloabder-20&linkCode=osi&th=1&psc=1">View Product</a></div><div class="product"><a href="https://www.amazon.com/dp/B0B7SFQSCJ?tag=eloabder-20&linkCode=osi&th=1&psc=1"><img src="https://m.media-amazon.com/images/I/41Lf0a5xK6L._SL500_.jpg" alt="Product Image"></a><p>Vitassium Electrolyte Capsules, Electrolytes for Dietary Management of POTS Syndrome Symptoms (500mg Sodium - 100mg Potassium), Unflavored, 100 Buffered Salt Pills</p><p>$23.99 ($0.24 / Count)</p><a href="https://www.amazon.com/dp/B0B7SFQSCJ?tag=eloabder-20&linkCode=osi&th=1&psc=1">View Product</a></div>
<div class="product"><a href="https://www.amazon.com/dp/B094QB6PH6?tag=eloabder-20&linkCode=osi&th=1&psc=1"><img src="https://m.media-amazon.com/images/I/51t-JLtma+L._SL500_.jpg" alt="Product Image"></a><p>DripDrop Hydration Juicy Variety Pack Electrolyte Drink Mix Single-Serve Powder Packets- Grape, Fruit Punch, Strawberry Lemonade, Cherry - 32 Servings</p><p>$28.08 ($2.51 / Ounce)</p><a href="https://www.amazon.com/dp/B094QB6PH6?tag=eloabder-20&linkCode=osi&th=1&psc=1">View Product</a></div><div class="product"><a href="https://www.amazon.com/dp/B08XQZX9K3?tag=eloabder-20&linkCode=osi&th=1&psc=1"><img src="https://m.media-amazon.com/images/I/41FOX9WcMDL._SL500_.jpg" alt="Product Image"></a><p>Ultima Replenisher Daily Electrolyte Drink Mix – Original Variety, 20 Stickpacks – Hydration Packets with 6 Electrolytes & Minerals – Keto Friendly, Vegan, Non- GMO & Sugar-Free Electrolyte Powder</p><p>$20.99 ($8.40 / Ounce)</p><a href="https://www.amazon.com/dp/B08XQZX9K3?tag=eloabder-20&linkCode=osi&th=1&psc=1">View Product</a></div><div class="product"><a href="https://www.amazon.com/dp/B0C285PPND?tag=eloabder-20&linkCode=osi&th=1&psc=1"><img src="https://m.media-amazon.com/images/I/51aYsH48FUL._SL500_.jpg" alt="Product Image"></a><p>KEY NUTRIENTS Multivitamin Hydration Packets - 5 Delicious Flavors - Electrolytes Powder Packets No Sugar - Endurance & Energy Supplement - 10 Pack - No Calories, Gluten Free, Keto - Made in USA</p><p>$9.99 ($1.00 / Ounce)</p><a href="https://www.amazon.com/dp/B0C285PPND?tag=eloabder-20&linkCode=osi&th=1&psc=1">View Product</a></div><div class="product"><a href="https://www.amazon.com/dp/B09GKX9J39?tag=eloabder-20&linkCode=osi&th=1&psc=1"><img src="https://m.media-amazon.com/images/I/51eQYndOTPL._SL500_.jpg" alt="Product Image"></a><p>HydroMATE Electrolytes Powder Drink Mix Packets Hydration Accelerator Low Sugar Rapid Party Recovery Plus Vitamin C Variety Pack 30 Count</p><p>$35.95 ($4.75 / Ounce)</p><a href="https://www.amazon.com/dp/B09GKX9J39?tag=eloabder-20&linkCode=osi&th=1&psc=1">View Product</a></div><div class="product"><a href="https://www.amazon.com/dp/B0CG7W485N?tag=eloabder-20&linkCode=osi&th=1&psc=1"><img src="https://m.media-amazon.com/images/I/41kd-5r1UFL._SL500_.jpg" alt="Product Image"></a><p>Liquid I.V.® Hydration Multiplier® Best Sellers - Lemon Lime, Passion Fruit, Strawberry, Tropical Punch - Hydration Powder Packets, Electrolyte Powder Drink Mix, 16 Servings (Pack of 1)</p><p>$27.99 ($3.10 / Ounce)</p><a href="https://www.amazon.com/dp/B0CG7W485N?tag=eloabder-20&linkCode=osi&th=1&psc=1">View Product</a></div><div class="product"><a href="https://www.amazon.com/dp/B0D434LLZ1?tag=eloabder-20&linkCode=osi&th=1&psc=1"><img src="https://m.media-amazon.com/images/I/41DIcfxPEiL._SL500_.jpg" alt="Product Image"></a><p>PRIME HYDRATION+ Sticks VARIETY PACK | Hydration Powder Single Serve Sticks | Electrolyte Powder On The Go | Low Sugar | Caffeine-Free | Vegan | 30 Sticks</p><p>$13.49 ($1.38 / Ounce)</p><a href="https://www.amazon.com/dp/B0D434LLZ1?tag=eloabder-20&linkCode=osi&th=1&psc=1">View Product</a></div><div class="product"><a href="https://www.amazon.com/dp/B09BD8GZ8L?tag=eloabder-20&linkCode=osi&th=1&psc=1"><img src="https://m.media-amazon.com/images/I/51z4LIeLsXL._SL500_.jpg" alt="Product Image"></a><p>Nectar Hydration Packets - Electrolytes Powder Packets - Sugar Free & 0 Calorie - Organic Fruit Liquid Daily IV Hydrate Packets for Dehydration Relief and Rehydration (Variety 30 Pack)</p><p>$26.91 ($8.41 / Ounce)</p><a href="https://www.amazon.com/dp/B09BD8GZ8L?tag=eloabder-20&linkCode=osi&th=1&psc=1">View Product</a></div><div class="product"><a href="https://www.amazon.com/dp/B0BZS1JZTF?tag=eloabder-20&linkCode=osi&th=1&psc=1"><img src="https://m.media-amazon.com/images/I/513c8QIalQL._SL500_.jpg" alt="Product Image"></a><p>Venture Pal Sugar Free Electrolyte Powder Packets - Liquid Daily IV Drink Mix for Rapid Hydration & Party Recovery | 5 Vitamins & 7 Electrolytes| Keto Friendly | Non-GMO | Certified Vegan | 16 Sticks</p><p>$14.99 ($2.68 / Ounce)</p><a href="https://www.amazon.com/dp/B0BZS1JZTF?tag=eloabder-20&linkCode=osi&th=1&psc=1">View Product</a></div><div class="product"><a href="https://www.amazon.com/dp/B09TTRXVXY?tag=eloabder-20&linkCode=osi&th=1&psc=1"><img src="https://m.media-amazon.com/images/I/51-Hty3EojL._SL500_.jpg" alt="Product Image"></a><p>DripDrop Hydration - Tropical Variety Pack - Electrolyte Drink Mix Single Serve Hydration Powder Packets - Mango, Açaí, Passion Fruit, Piña Colada | Non-GMO, Gluten Free, Vegan | 32 Sticks</p><p>$35.99 ($3.19 / Ounce)</p><a href="https://www.amazon.com/dp/B09TTRXVXY?tag=eloabder-20&linkCode=osi&th=1&psc=1">View Product</a></div><div class="product"><a href="https://www.amazon.com/dp/B08TZM8S1F?tag=eloabder-20&linkCode=osi&th=1&psc=1"><img src="https://m.media-amazon.com/images/I/51c0To4vzgL._SL500_.jpg" alt="Product Image"></a><p>DripDrop Hydration - Bold Variety Pack - Electrolyte Drink Mix Single Serve Hydration Powder Packets - Watermelon, Berry, Lemon, Orange | Non-GMO, Gluten Free, Vegan | 16 Sticks</p><p>$18.99 ($3.37 / Ounce)</p><a href="https://www.amazon.com/dp/B08TZM8S1F?tag=eloabder-20&linkCode=osi&th=1&psc=1">View Product</a></div>
<div class="product"><a href="https://www.amazon.com/dp/B002DYIZCQ?tag=eloabder-20&linkCode=osi&th=1&psc=1"><img src="https://m.media-amazon.com/images/I/41YOlEKr10L._SL500_.jpg" alt="Product Image"></a><p>Optimum Nutrition L-Glutamine Muscle Recovery Capsules, 1000mg, 240 Count (Package May Vary)</p><p>$16.01 ($0.07 / Count)</p><a href="https://www.amazon.com/dp/B002DYIZCQ?tag=eloabder-20&linkCode=osi&th=1&psc=1">View Product</a></div><div class="product"><a href="https://www.amazon.com/dp/B00LALNIOI?tag=eloabder-20&linkCode=osi&th=1&psc=1"><img src="https://m.media-amazon.com/images/I/51iR75ufkkL._SL500_.jpg" alt="Product Image"></a><p>Xtend Original BCAA Powder Blue Raspberry Ice, Sugar Free Post Workout Muscle Recovery Drink with Amino Acids for Men & Women</p><p>$23.00 ($1.74 / Ounce)</p><a href="https://www.amazon.com/dp/B00LALNIOI?tag=eloabder-20&linkCode=osi&th=1&psc=1">View Product</a></div><div class="product"><a href="https://www.amazon.com/dp/B0CCVYQTKL?tag=eloabder-20&linkCode=osi&th=1&psc=1"><img src="https://m.media-amazon.com/images/I/41hoEk6V0jL._SL500_.jpg" alt="Product Image"></a><p>Animal Recovery Chews, Fast Acting Recovery with BCAA, Taurine and Glutamine for Muscle Repair and Hydration - Convenient and Delicious Chews Format</p><p>$28.73 ($0.24 / Count)</p><a href="https://www.amazon.com/dp/B0CCVYQTKL?tag=eloabder-20&linkCode=osi&th=1&psc=1">View Product</a></div><div class="product"><a href="https://www.amazon.com/dp/B006G9TB68?tag=eloabder-20&linkCode=osi&th=1&psc=1"><img src="https://m.media-amazon.com/images/I/31N397czLaL._SL500_.jpg" alt="Product Image"></a><p>BSN Amino X Muscle Recovery & Endurance Powder with BCAAs, Intra Workout Support, 10 Grams of Amino Acids, Keto Friendly, Caffeine Free, Flavor: Grape, 30 Servings (Packaging May Vary)</p><p>$21.84 ($1.43 / Ounce)</p><a href="https://www.amazon.com/dp/B006G9TB68?tag=eloabder-20&linkCode=osi&th=1&psc=1">View Product</a></div><div class="product"><a href="https://www.amazon.com/dp/B0CGXQ4XX9?tag=eloabder-20&linkCode=osi&th=1&psc=1"><img src="https://m.media-amazon.com/images/I/41mhwOrYR7L._SL500_.jpg" alt="Product Image"></a><p>Creatine + Glutamine - Creatine Supplement with L-Glutamine for Muscle Recovery, Muscle Growth, Increased Strength, Enhanced Energy Output, and Gut Health - 30 Servings, Unflavored</p><p>$24.99 ($2.27 / Ounce)</p><a href="https://www.amazon.com/dp/B0CGXQ4XX9?tag=eloabder-20&linkCode=osi&th=1&psc=1">View Product</a></div><div class="product"><a href="https://www.amazon.com/dp/B092LH46KV?tag=eloabder-20&linkCode=osi&th=1&psc=1"><img src="https://m.media-amazon.com/images/I/410M+qXqBBL._SL500_.jpg" alt="Product Image"></a><p>OLLY Muscle Recovery Sleep Gummies, Sleep and Sore Muscle Support, 3mg Melatonin, Tart Cherry, Vitamin D, Berry Flavor - 40 Count</p><p>$15.99 ($0.40 / Count)</p><a href="https://www.amazon.com/dp/B092LH46KV?tag=eloabder-20&linkCode=osi&th=1&psc=1">View Product</a></div><div class="product"><a href="https://www.amazon.com/dp/B00IUHMKJ4?tag=eloabder-20&linkCode=osi&th=1&psc=1"><img src="https://m.media-amazon.com/images/I/411mLs+hrpL._SL500_.jpg" alt="Product Image"></a><p>Glutamine Powder | MuscleTech 100% Pure L Glutamine Powder | Post Workout Recovery Drink | L-Glutamine Powder for Men & Women | Muscle Recovery | Unflavored (60 Servings)</p><p>$14.99 ($1.42 / Ounce)</p><a href="https://www.amazon.com/dp/B00IUHMKJ4?tag=eloabder-20&linkCode=osi&th=1&psc=1">View Product</a></div><div class="product"><a href="https://www.amazon.com/dp/B07BV6Y72J?tag=eloabder-20&linkCode=osi&th=1&psc=1"><img src="https://m.media-amazon.com/images/I/519lywUI0PL._SL500_.jpg" alt="Product Image"></a><p>XTEND Sport BCAA Powder Blue Raspberry Ice - Electrolyte Powder for Recovery & Hydration with Amino Acids - 30 Servings</p><p>$21.39 ($1.75 / Ounce)</p><a href="https://www.amazon.com/dp/B07BV6Y72J?tag=eloabder-20&linkCode=osi&th=1&psc=1">View Product</a></div><div class="product"><a href="https://www.amazon.com/dp/B003CHTPW2?tag=eloabder-20&linkCode=osi&th=1&psc=1"><img src="https://m.media-amazon.com/images/I/41znVFkPPGL._SL500_.jpg" alt="Product Image"></a><p>Animal PM - Zinc, Magnesium, Vitamin B6, GABA + AKG, Immune and Recovery Complex, Sleep & Relaxation, Night time Anabolic Stack Supply Pills, 30 Count</p><p>$39.94 ($1.33 / Count)</p><a href="https://www.amazon.com/dp/B003CHTPW2?tag=eloabder-20&linkCode=osi&th=1&psc=1">View Product</a></div>
<div class="product"><a href="https://www.amazon.com/dp/B08RPB34NR?tag=eloabder-20&linkCode=osi&th=1&psc=1"><img src="https://m.media-amazon.com/images/I/51GlheVabKL._SL500_.jpg" alt="Product Image"></a><p>8 in 1 Immune Support Booster Supplement with Echinacea, Vitamin C and Zinc 50mg, Vitamin D 5000 IU, Turmeric Curcumin & Ginger, B6, Elderberry 120 Count (Pack of 2)</p><p>$29.95 ($0.25 / Count)</p><a href="https://www.amazon.com/dp/B08RPB34NR?tag=eloabder-20&linkCode=osi&th=1&psc=1">View Product</a></div><div class="product"><a href="https://www.amazon.com/dp/B08KHZQTML?tag=eloabder-20&linkCode=osi&th=1&psc=1"><img src="https://m.media-amazon.com/images/I/41Sxje928sL._SL500_.jpg" alt="Product Image"></a><p>Nature's Bounty Immune 24 Hour +, The only Vitamin C with 24 Hour Immune Support from Ester C, Rapid Release Softgels, 50 Count</p><p>$10.98 ($0.22 / Count)</p><a href="https://www.amazon.com/dp/B08KHZQTML?tag=eloabder-20&linkCode=osi&th=1&psc=1">View Product</a></div><div class="product"><a href="https://www.amazon.com/dp/B093P29P79?tag=eloabder-20&linkCode=osi&th=1&psc=1"><img src="https://m.media-amazon.com/images/I/419UA39m4vL._SL500_.jpg" alt="Product Image"></a><p>8 in 1 Immune Support with Quercetin Zinc 50mg Vitamin C 1000mg Vitamin D3 5000 IU and Elderberry Echinacea Ginger for Adults Kids - VIT D Immunity Defense Booster Supplement Veg Capsules Made in USA</p><p>$24.95 ($0.42 / Count)</p><a href="https://www.amazon.com/dp/B093P29P79?tag=eloabder-20&linkCode=osi&th=1&psc=1">View Product</a></div><div class="product"><a href="https://www.amazon.com/dp/B00MJ7VL1O?tag=eloabder-20&linkCode=osi&th=1&psc=1"><img src="https://m.media-amazon.com/images/I/41ErKDwzpHL._SL500_.jpg" alt="Product Image"></a><p>Nature’s Way Sambucus Elderberry Immune Gummies, Daily Immune Support for Kids and Adults*, with Vitamin C, Vitamin D3, Zinc, Gluten Free, Vegetarian, 60 Gummies (Packaging May Vary)</p><p>$14.97 ($0.25 / Count)</p><a href="https://www.amazon.com/dp/B00MJ7VL1O?tag=eloabder-20&linkCode=osi&th=1&psc=1">View Product</a></div><div class="product"><a href="https://www.amazon.com/dp/B086PHR52V?tag=eloabder-20&linkCode=osi&th=1&psc=1"><img src="https://m.media-amazon.com/images/I/519QOCq89xL._SL500_.jpg" alt="Product Image"></a><p>Viva Naturals Elderberry with Vitamin C and Zinc for Adults - 5 in 1 Sambucus Black Elderberry Capsules with Vitamin D3 5000 IU, Elderberries Immune Support Supplement 2 Months Supply Pills</p><p>$24.95 ($0.21 / Count)</p><a href="https://www.amazon.com/dp/B086PHR52V?tag=eloabder-20&linkCode=osi&th=1&psc=1">View Product</a></div><div class="product"><a href="https://www.amazon.com/dp/B087JNQ4X8?tag=eloabder-20&linkCode=osi&th=1&psc=1"><img src="https://m.media-amazon.com/images/I/41KqQHK5+vL._SL500_.jpg" alt="Product Image"></a><p>Immuneti - Advanced Immune Defense, 6-in-1 Powerful Blend of Vitamin C, Vitamin D3, Zinc, Elderberries, Garlic Bulb, Echinacea - Supports Overall Health, Provides Vital Nutrients & Antioxidants</p><p>$19.50 ($0.32 / Count)</p><a href="https://www.amazon.com/dp/B087JNQ4X8?tag=eloabder-20&linkCode=osi&th=1&psc=1">View Product</a></div><div class="product"><a href="https://www.amazon.com/dp/B019ND0DU6?tag=eloabder-20&linkCode=osi&th=1&psc=1"><img src="https://m.media-amazon.com/images/I/3164NVjFiiL._SL500_.jpg" alt="Product Image"></a><p>Propolis Throat Spray by Beekeeper's Naturals - 95% Bee Propolis Extract, Natural Immune Support & Sore Throat Relief - Antioxidants, Keto, Paleo, Gluten-Free (1.06 oz)(Pack of 1)</p><p>$11.19 ($10.56 / Fl Oz)</p><a href="https://www.amazon.com/dp/B019ND0DU6?tag=eloabder-20&linkCode=osi&th=1&psc=1">View Product</a></div><div class="product"><a href="https://www.amazon.com/dp/B09ZYN6Z5R?tag=eloabder-20&linkCode=osi&th=1&psc=1"><img src="https://m.media-amazon.com/images/I/61CzAf44o4L._SL500_.jpg" alt="Product Image"></a><p>12 in 1 Premium Immune Defense Vitamins - Immune Supplement w/ Vitamin D3 5000 IU Vitamin С 1000mg Zinс 50mg - Luxe Choice for Premium Immune Support - With Echinacea Elderberry and Ginger - 120 Caps</p><p>$29.95 ($29.95 / Count)</p><a href="https://www.amazon.com/dp/B09ZYN6Z5R?tag=eloabder-20&linkCode=osi&th=1&psc=1">View Product</a></div><div class="product"><a href="https://www.amazon.com/dp/B08CBBHPTF?tag=eloabder-20&linkCode=osi&th=1&psc=1"><img src="https://m.media-amazon.com/images/I/41U8ywAfz1L._SL500_.jpg" alt="Product Image"></a><p>A Dose of Immunity Quercetin with Vitamin C and Zinc, Vitamin D, 500mg Quercetin Bromelain with Echinacea & B Vitamins, Lung Immune Support Supplement 7 in 1 Immunity Defense Booster (60 Count)</p><p>$19.95 ($0.33 / Count)</p><a href="https://www.amazon.com/dp/B08CBBHPTF?tag=eloabder-20&linkCode=osi&th=1&psc=1">View Product</a></div>
<div class="product"><a href="https://www.amazon.com/dp/B07BQKPMFM?tag=eloabder-20&linkCode=osi&th=1&psc=1"><img src="https://m.media-amazon.com/images/I/41wd8y0vdBL._SL500_.jpg" alt="Product Image"></a><p>Amazon Basic Care Cold and Flu Relief, Daytime and Nighttime Combo Pack Softgels, Powerful Cold Medicine for Day and Night Multi-Symptom Relief, 48 Count(Pack of 1)</p><p>$9.12 ($0.19 / Count)</p><a href="https://www.amazon.com/dp/B07BQKPMFM?tag=eloabder-20&linkCode=osi&th=1&psc=1">View Product</a></div><div class="product"><a href="https://www.amazon.com/dp/B0078W0QOI?tag=eloabder-20&linkCode=osi&th=1&psc=1"><img src="https://m.media-amazon.com/images/I/41a0ryy5RyL._SL500_.jpg" alt="Product Image"></a><p>Boiron Oscillococcinum For Relief From Flu-Like Symptoms Of Body Aches, Headache, Fever, Chills, And Fatigue - 30 Count</p><p>$21.41 ($0.71 / Count)</p><a href="https://www.amazon.com/dp/B0078W0QOI?tag=eloabder-20&linkCode=osi&th=1&psc=1">View Product</a></div><div class="product"><a href="https://www.amazon.com/dp/B07JLJ6BMB?tag=eloabder-20&linkCode=osi&th=1&psc=1"><img src="https://m.media-amazon.com/images/I/51guDUtAo+L._SL500_.jpg" alt="Product Image"></a><p>Amazon Basic Care Vapor Ice Day and Night Severe Cold and Flu Relief Caplets, Maximum Strength Medicine, Combo Pack, 48 Count</p><p>$9.11 ($0.19 / Count)</p><a href="https://www.amazon.com/dp/B07JLJ6BMB?tag=eloabder-20&linkCode=osi&th=1&psc=1">View Product</a></div><div class="product"><a href="https://www.amazon.com/dp/B07JKZBDKY?tag=eloabder-20&linkCode=osi&th=1&psc=1"><img src="https://m.media-amazon.com/images/I/41OQ53sLzxL._SL500_.jpg" alt="Product Image"></a><p>Amazon Basic Care Daytime Cold and Flu Relief Liquid Caps Softgel, Non-Drowsy Cold Medicine, Relief of Pain, Fever, Cough, Sore Throat, Nasal Congestion, 48 Count</p><p>$9.12 ($0.19 / Count)</p><a href="https://www.amazon.com/dp/B07JKZBDKY?tag=eloabder-20&linkCode=osi&th=1&psc=1">View Product</a></div><div class="product"><a href="https://www.amazon.com/dp/B074F297S8?tag=eloabder-20&linkCode=osi&th=1&psc=1"><img src="https://m.media-amazon.com/images/I/41UiNrPUPqS._SL500_.jpg" alt="Product Image"></a><p>Amazon Basic Care Night Time Cold & Flu Liquid, Cherry, 12 fl oz (Pack of 1)</p><p>$5.98 ($0.50 / Fl Oz)</p><a href="https://www.amazon.com/dp/B074F297S8?tag=eloabder-20&linkCode=osi&th=1&psc=1">View Product</a></div><div class="product"><a href="https://www.amazon.com/dp/B00796NI1Q?tag=eloabder-20&linkCode=osi&th=1&psc=1"><img src="https://m.media-amazon.com/images/I/514OfGO3KpL._SL500_.jpg" alt="Product Image"></a><p>Vicks DayQuil & NyQuil Co-Pack, Cold & Flu Medicine, Powerful Multi-Symptom Daytime & Nighttime Relief for Headache, Fever, Sore Throat, Minor Aches & Pains, & Cough, 72ct</p><p>$23.33 ($0.32 / Count)</p><a href="https://www.amazon.com/dp/B00796NI1Q?tag=eloabder-20&linkCode=osi&th=1&psc=1">View Product</a></div><div class="product"><a href="https://www.amazon.com/dp/B084HD4P7G?tag=eloabder-20&linkCode=osi&th=1&psc=1"><img src="https://m.media-amazon.com/images/I/51Y9eC+02cL._SL500_.jpg" alt="Product Image"></a><p>Sambucol Cold and Flu Relief Tablets - Homeopathic Cold Medicine, Cold Remedy for Adults, Black Elderberry for Colds, Zinc Cold Remedy - 60 Count</p><p>$19.48 ($0.32 / Count)</p><a href="https://www.amazon.com/dp/B084HD4P7G?tag=eloabder-20&linkCode=osi&th=1&psc=1">View Product</a></div><div class="product"><a href="https://www.amazon.com/dp/B01HI7WQRW?tag=eloabder-20&linkCode=osi&th=1&psc=1"><img src="https://m.media-amazon.com/images/I/51jAgEb8O0L._SL500_.jpg" alt="Product Image"></a><p>Tylenol Cold + Flu Severe Day & Night Caplets for Fever, Pain, Cough & Congestion Relief, 24 Count</p><p>$7.29 ($0.30 / count)</p><a href="https://www.amazon.com/dp/B01HI7WQRW?tag=eloabder-20&linkCode=osi&th=1&psc=1">View Product</a></div><div class="product"><a href="https://www.amazon.com/dp/B09GS4SQ4P?tag=eloabder-20&linkCode=osi&th=1&psc=1"><img src="https://m.media-amazon.com/images/I/51mHDeOOoUL._SL500_.jpg" alt="Product Image"></a><p>Tylenol Cold + Flu Severe Medicine Caplets for Cold & Flu Symptom Relief, Fever Reducer, Pain Reliever, Cough Suppressant, Nasal Decongestant & Expectorant with Acetaminophen, 2 pks of 24 ct ea, 48 ct</p><p>$13.79 ($0.29 / Count)</p><a href="https://www.amazon.com/dp/B09GS4SQ4P?tag=eloabder-20&linkCode=osi&th=1&psc=1">View Product</a></div><div class="product"><a href="https://www.amazon.com/dp/B001ES8GGC?tag=eloabder-20&linkCode=osi&th=1&psc=1"><img src="https://m.media-amazon.com/images/I/41V6p7SdMTL._SL500_.jpg" alt="Product Image"></a><p>Sambucol Cold and Flu Relief Tablets - Homeopathic Cold Medicine, Cold Remedy for Adults, Black Elderberry for Colds, Zinc Cold Remedy - 30 Count</p><p>$9.74 ($0.32 / Count)</p><a href="https://www.amazon.com/dp/B001ES8GGC?tag=eloabder-20&linkCode=osi&th=1&psc=1">View Product</a></div>
<div class="product"><a href="https://www.amazon.com/dp/B07S1BZXVW?tag=eloabder-20&linkCode=osi&th=1&psc=1"><img src="https://m.media-amazon.com/images/I/41KfCe6maEL._SL500_.jpg" alt="Product Image"></a><p>HealthA2Z® Allergy Relief | Cetirizine 10mg | All Day Allergy Relief | Indoor & Outdoor | Relief from Itchy Throat, Sneezing, Runny Noses (250 Count (Pack of 1))</p><p>$8.75 ($0.04 / Count)</p><a href="https://www.amazon.com/dp/B07S1BZXVW?tag=eloabder-20&linkCode=osi&th=1&psc=1">View Product</a></div><div class="product"><a href="https://www.amazon.com/dp/B074F19XB8?tag=eloabder-20&linkCode=osi&th=1&psc=1"><img src="https://m.media-amazon.com/images/I/412oY-CSVJL._SL500_.jpg" alt="Product Image"></a><p>Amazon Basic Care Complete Allergy Relief, Diphenhydramine HCl 25 mg, Relieves Symptoms, Antihistamine Tablets, 400 Count</p><p>$7.64 ($0.02 / Count)</p><a href="https://www.amazon.com/dp/B074F19XB8?tag=eloabder-20&linkCode=osi&th=1&psc=1">View Product</a></div><div class="product"><a href="https://www.amazon.com/dp/B087CBHR9W?tag=eloabder-20&linkCode=osi&th=1&psc=1"><img src="https://m.media-amazon.com/images/I/41+XRnnkAXL._SL500_.jpg" alt="Product Image"></a><p>HealthA2Z Fexofenadine Hydrochloride 180mg, Antihistamine for Allergy Relief, Non-Drowsy, 24-Hour Antihistamine for Allergy Relief (120 Count (Pack of 1))</p><p>$21.25 ($0.18 / Count)</p><a href="https://www.amazon.com/dp/B087CBHR9W?tag=eloabder-20&linkCode=osi&th=1&psc=1">View Product</a></div><div class="product"><a href="https://www.amazon.com/dp/B00HE66ZUC?tag=eloabder-20&linkCode=osi&th=1&psc=1"><img src="https://m.media-amazon.com/images/I/510MmBSuAfL._SL500_.jpg" alt="Product Image"></a><p>GoodSense Allergy Relief Loratadine Tablets 10 mg, Compare to Claritin, Antihistamine, 24 Hour Allergy Relief, 365 Count</p><p>$12.99 ($0.04 / Count)</p><a href="https://www.amazon.com/dp/B00HE66ZUC?tag=eloabder-20&linkCode=osi&th=1&psc=1">View Product</a></div><div class="product"><a href="https://www.amazon.com/dp/B074F18H5N?tag=eloabder-20&linkCode=osi&th=1&psc=1"><img src="https://m.media-amazon.com/images/I/41SMpawpNjL._SL500_.jpg" alt="Product Image"></a><p>Amazon Basic Care Allergy Relief Loratadine Tablets 10 mg, 300 Count</p><p>$16.72 ($0.06 / Count)</p><a href="https://www.amazon.com/dp/B074F18H5N?tag=eloabder-20&linkCode=osi&th=1&psc=1">View Product</a></div><div class="product"><a href="https://www.amazon.com/dp/B083VVT61S?tag=eloabder-20&linkCode=osi&th=1&psc=1"><img src="https://m.media-amazon.com/images/I/41BJ8O5m3RL._SL500_.jpg" alt="Product Image"></a><p>Amazon Basic Care 24 Hour Allergy Relief, Levocetirizine Dihydrochloride Tablets, 5 mg, Antihistamine, Relieves Sneezing, Runny Nose, Itchy Nose or Throat and Itchy, Watery Eyes, 80 Count</p><p>$16.31 ($0.20 / Count)</p><a href="https://www.amazon.com/dp/B083VVT61S?tag=eloabder-20&linkCode=osi&th=1&psc=1">View Product</a></div><div class="product"><a href="https://www.amazon.com/dp/B087Z6TKD9?tag=eloabder-20&linkCode=osi&th=1&psc=1"><img src="https://m.media-amazon.com/images/I/41hMESBq3wL._SL500_.jpg" alt="Product Image"></a><p>HealthA2Z® Allergy Relief | Loratadine 10mg | Antihistamine | Non-Drowsy | Relief from Itchy Throat, Sneezing, Runny Noses | 24-Hours Allergy Medicine (300 Tablets)</p><p>$12.45 ($0.04 / Count)</p><a href="https://www.amazon.com/dp/B087Z6TKD9?tag=eloabder-20&linkCode=osi&th=1&psc=1">View Product</a></div><div class="product"><a href="https://www.amazon.com/dp/B002ZX8X2C?tag=eloabder-20&linkCode=osi&th=1&psc=1"><img src="https://m.media-amazon.com/images/I/41ZzxDs5LOL._SL500_.jpg" alt="Product Image"></a><p>berkley jensen 24 Hour Allergy Relief (365-Count), 10 mg Cetirizine Hydrochloride Antihistamine - Fast Allergy Medicine for Indoor & Outdoor Allergies, Easy-Swallow Tablets, Compare to Zyrtec</p><p>$15.48 ($0.04 / Count)</p><a href="https://www.amazon.com/dp/B002ZX8X2C?tag=eloabder-20&linkCode=osi&th=1&psc=1">View Product</a></div><div class="product"><a href="https://www.amazon.com/dp/B07KFPLDGB?tag=eloabder-20&linkCode=osi&th=1&psc=1"><img src="https://m.media-amazon.com/images/I/41OAP+hMYjL._SL500_.jpg" alt="Product Image"></a><p>ValuMeds 24-Hour Allergy Medicine (300-Count) Antihistamine for Pollen, Hay Fever, Dry, Itchy Eyes, Allergies | Cetirizine HCl 10mg Caplets, Compare to Zyrtec</p><p>$19.99 ($0.07 / Count)</p><a href="https://www.amazon.com/dp/B07KFPLDGB?tag=eloabder-20&linkCode=osi&th=1&psc=1">View Product</a></div><div class="product"><a href="https://www.amazon.com/dp/B07TBPNT1F?tag=eloabder-20&linkCode=osi&th=1&psc=1"><img src="https://m.media-amazon.com/images/I/41I4wuxq+WL._SL500_.jpg" alt="Product Image"></a><p>Rite Aid Antihistamine Allergy Relief with Diphenhydramine | Allergy Medicine | Easy-to-Swallow Small Tablet Size Allergy Relief | Common Cold & Respiratory Allergy Medication (365 Count)</p><p>$13.99 ($0.04 / Count)</p><a href="https://www.amazon.com/dp/B07TBPNT1F?tag=eloabder-20&linkCode=osi&th=1&psc=1">View Product</a></div>
<div class="product"><a href="https://www.amazon.com/dp/B074F2H9VT?tag=eloabder-20&linkCode=osi&th=1&psc=1"><img src="https://m.media-amazon.com/images/I/31h55XAq3BL._SL500_.jpg" alt="Product Image"></a><p>Amazon Basic Care Extra Strength Pain Relief, Acetaminophen Caplets, 500 mg, 200 Count</p><p>$4.79 ($0.02 / Count)</p><a href="https://www.amazon.com/dp/B074F2H9VT?tag=eloabder-20&linkCode=osi&th=1&psc=1">View Product</a></div><div class="product"><a href="https://www.amazon.com/dp/B0BTMWW333?tag=eloabder-20&linkCode=osi&th=1&psc=1"><img src="https://m.media-amazon.com/images/I/515qvsGXGOL._SL500_.jpg" alt="Product Image"></a><p>Absorbine Jr. PRO Maximum Strength Lidocaine Roll-On for Fast Nerve and Muscle Pain Relief</p><p>$12.97 ($5.19 / Ounce)</p><a href="https://www.amazon.com/dp/B0BTMWW333?tag=eloabder-20&linkCode=osi&th=1&psc=1">View Product</a></div><div class="product"><a href="https://www.amazon.com/dp/B01AB4U6PI?tag=eloabder-20&linkCode=osi&th=1&psc=1"><img src="https://m.media-amazon.com/images/I/41rff0KTJnL._SL500_.jpg" alt="Product Image"></a><p>Salonpas Pain Relieving Patch for Back, Neck, Shoulder, Knee Pain and Muscle Soreness - 8 Hour Pain Relief - 60 Count</p><p>$10.34 ($0.17 / Count)</p><a href="https://www.amazon.com/dp/B01AB4U6PI?tag=eloabder-20&linkCode=osi&th=1&psc=1">View Product</a></div><div class="product"><a href="https://www.amazon.com/dp/B00L45KPG4?tag=eloabder-20&linkCode=osi&th=1&psc=1"><img src="https://m.media-amazon.com/images/I/41H-+cQjC8L._SL500_.jpg" alt="Product Image"></a><p>Bayer Extra Strength 500mg Aspirin Plus Caffeine for Powerful Pain Relief, 200 Coated Caplets</p><p>$17.17 ($0.09 / Count)</p><a href="https://www.amazon.com/dp/B00L45KPG4?tag=eloabder-20&linkCode=osi&th=1&psc=1">View Product</a></div><div class="product"><a href="https://www.amazon.com/dp/B074F297T8?tag=eloabder-20&linkCode=osi&th=1&psc=1"><img src="https://m.media-amazon.com/images/I/41LYjDMDVUL._SL500_.jpg" alt="Product Image"></a><p>Amazon Basic Care Ibuprofen Tablets 200 mg, Pain Reliever/Fever Reducer, Body Aches, Headache, Arthritis Pain Relief and More, 500 Count (Pack of 1)</p><p>$9.01 ($0.02 / Count)</p><a href="https://www.amazon.com/dp/B074F297T8?tag=eloabder-20&linkCode=osi&th=1&psc=1">View Product</a></div><div class="product"><a href="https://www.amazon.com/dp/B01HI7WP0U?tag=eloabder-20&linkCode=osi&th=1&psc=1"><img src="https://m.media-amazon.com/images/I/41W2gWWMMvL._SL500_.jpg" alt="Product Image"></a><p>Tylenol Extra Strength Acetaminophen Rapid Release Gels, Pain Reliever & Fever Reducer, 100 ct</p><p>$10.60 ($0.11 / Count)</p><a href="https://www.amazon.com/dp/B01HI7WP0U?tag=eloabder-20&linkCode=osi&th=1&psc=1">View Product</a></div><div class="product"><a href="https://www.amazon.com/dp/B01LXFEY6H?tag=eloabder-20&linkCode=osi&th=1&psc=1"><img src="https://m.media-amazon.com/images/I/31hLnewBXIL._SL500_.jpg" alt="Product Image"></a><p>Biofreeze Pain Relief Gel, Arthritis Pain Reliver, Knee & Lower Back Pain Relief, Sore Muscle Relief, Neck Pain Relief, Pharmacist Recommended, FSA Eligible, 3 FL OZ Biofreeze Menthol Gel</p><p>$10.03 ($3.34 / Ounce)</p><a href="https://www.amazon.com/dp/B01LXFEY6H?tag=eloabder-20&linkCode=osi&th=1&psc=1">View Product</a></div><div class="product"><a href="https://www.amazon.com/dp/B074F2FSX4?tag=eloabder-20&linkCode=osi&th=1&psc=1"><img src="https://m.media-amazon.com/images/I/41NsmqTCfVL._SL500_.jpg" alt="Product Image"></a><p>Amazon Basic Care Naproxen Sodium Tablets 220 mg, Pain Reliever/Fever Reducer (NSAID), Muscular Aches, Backache, Headache, Toothache, Minor Arthritis Pain Relief and More, 300 Count</p><p>$14.99 ($0.05 / Count)</p><a href="https://www.amazon.com/dp/B074F2FSX4?tag=eloabder-20&linkCode=osi&th=1&psc=1">View Product</a></div><div class="product"><a href="https://www.amazon.com/dp/B0077VYSYY?tag=eloabder-20&linkCode=osi&th=1&psc=1"><img src="https://m.media-amazon.com/images/I/41SHrlfMFdL._SL500_.jpg" alt="Product Image"></a><p>Tylenol 8 Hour Arthritis Pain Tablets with Acetaminophen for Joint Pain, 100 ct</p><p>$9.99 ($0.10 / Count)</p><a href="https://www.amazon.com/dp/B0077VYSYY?tag=eloabder-20&linkCode=osi&th=1&psc=1">View Product</a></div>
<div class="product"><a href="https://www.amazon.com/dp/B07L1PHSY9?tag=eloabder-20&linkCode=osi&th=1&psc=1"><img src="https://m.media-amazon.com/images/I/41u9g+RZFLL._SL500_.jpg" alt="Product Image"></a><p>Differin Acne Treatment Gel, 30 Day Supply, Retinoid Treatment for Face with 0.1% Adapalene, Gentle Skin Care for Acne Prone Sensitive Skin, 15g Tube</p><p>$13.99 ($27.98 / Ounce)</p><a href="https://www.amazon.com/dp/B07L1PHSY9?tag=eloabder-20&linkCode=osi&th=1&psc=1">View Product</a></div><div class="product"><a href="https://www.amazon.com/dp/B00JGX9C6A?tag=eloabder-20&linkCode=osi&th=1&psc=1"><img src="https://m.media-amazon.com/images/I/41NAf+cSWHL._SL500_.jpg" alt="Product Image"></a><p>La Roche-Posay Effaclar Dermatological 3 Step Acne Treatment System, Salicylic Acid Acne Cleanser, Pore Refining Toner, and Benzoyl Peroxide Spot Treatment for Sensitive Skin, 2-Month Supply</p><p>$33.99 ($4.53 / Fl Oz)</p><a href="https://www.amazon.com/dp/B00JGX9C6A?tag=eloabder-20&linkCode=osi&th=1&psc=1">View Product</a></div><div class="product"><a href="https://www.amazon.com/dp/B097WMCYYJ?tag=eloabder-20&linkCode=osi&th=1&psc=1"><img src="https://m.media-amazon.com/images/I/41jj-LdIBUL._SL500_.jpg" alt="Product Image"></a><p>CeraVe Salicylic Acid Acne Treatment with Glycolic Acid and Lactic Acid | AHA/BHA Acne Gel for Face to Control and Clear Breakouts |1.35 Ounce</p><p>$16.79 ($12.44 / Ounce)</p><a href="https://www.amazon.com/dp/B097WMCYYJ?tag=eloabder-20&linkCode=osi&th=1&psc=1">View Product</a></div><div class="product"><a href="https://www.amazon.com/dp/B0014VTOAQ?tag=eloabder-20&linkCode=osi&th=1&psc=1"><img src="https://m.media-amazon.com/images/I/41N+MLQ+2XL._SL500_.jpg" alt="Product Image"></a><p>AcneFree Terminator 10 Acne Spot Treatment with Benzoyl Peroxide 10% Maximum Strength Acne Cream Treatment, 1 Ounce - Pack Of 1</p><p>$5.47</p><a href="https://www.amazon.com/dp/B0014VTOAQ?tag=eloabder-20&linkCode=osi&th=1&psc=1">View Product</a></div><div class="product"><a href="https://www.amazon.com/dp/B081KL2QYJ?tag=eloabder-20&linkCode=osi&th=1&psc=1"><img src="https://m.media-amazon.com/images/I/41lAxZhYs0L._SL500_.jpg" alt="Product Image"></a><p>PanOxyl Acne Foaming Wash Benzoyl Peroxide 10% Maximum Strength Antimicrobial, 5.5 Oz</p><p>$9.77 ($1.78 / Ounce)</p><a href="https://www.amazon.com/dp/B081KL2QYJ?tag=eloabder-20&linkCode=osi&th=1&psc=1">View Product</a></div><div class="product"><a href="https://www.amazon.com/dp/B00NR1YVYU?tag=eloabder-20&linkCode=osi&th=1&psc=1"><img src="https://m.media-amazon.com/images/I/41WxZvl58rL._SL500_.jpg" alt="Product Image"></a><p>Neutrogena Rapid Clear Stubborn Acne Spot Treatment Gel with Maximum Strength 10% Benzoyl Peroxide Acne Treatment Medication, Pimple Cream for Acne Prone Skin Care, 1 oz</p><p>$10.77</p><a href="https://www.amazon.com/dp/B00NR1YVYU?tag=eloabder-20&linkCode=osi&th=1&psc=1">View Product</a></div><div class="product"><a href="https://www.amazon.com/dp/B0CNTRJW9G?tag=eloabder-20&linkCode=osi&th=1&psc=1"><img src="https://m.media-amazon.com/images/I/41YvgjNyqcL._SL500_.jpg" alt="Product Image"></a><p>Thayers Double Action Acne Serum with Salicylic Acid, Acne Treatment Face Serum with 2% Salicylic Acid and Niacinamide, Soothing and Non-Stripping Skin Care, 1 Fl Oz</p><p>$19.91</p><a href="https://www.amazon.com/dp/B0CNTRJW9G?tag=eloabder-20&linkCode=osi&th=1&psc=1">View Product</a></div><div class="product"><a href="https://www.amazon.com/dp/B00KZ22ED4?tag=eloabder-20&linkCode=osi&th=1&psc=1"><img src="https://m.media-amazon.com/images/I/51mwQIxf2EL._SL500_.jpg" alt="Product Image"></a><p>Clean & Clear Persa-Gel 10 Oil-Free Acne Spot Treatment with Maximum Strength 10% Benzoyl Peroxide, Topical Pimple Cream & Acne Gel Medication for Face Acne, Fragrance-Free, 1 fl. oz</p><p>$5.97</p><a href="https://www.amazon.com/dp/B00KZ22ED4?tag=eloabder-20&linkCode=osi&th=1&psc=1">View Product</a></div><div class="product"><a href="https://www.amazon.com/dp/B0C11DJ94K?tag=eloabder-20&linkCode=osi&th=1&psc=1"><img src="https://m.media-amazon.com/images/I/41Kx46z6LXL._SL500_.jpg" alt="Product Image"></a><p>PanOxyl Adapalene 0.1% Leave-On Gel, 30 Day Supply, Retinoid Gel Acne Treatment, Acne Prone Skin, Oil Free, Fragrance Free, 0.5 oz</p><p>$11.98</p><a href="https://www.amazon.com/dp/B0C11DJ94K?tag=eloabder-20&linkCode=osi&th=1&psc=1">View Product</a></div>
<div class="product"><a href="https://www.amazon.com/dp/B08T7DSZYD?tag=eloabder-20&linkCode=osi&th=1&psc=1"><img src="https://m.media-amazon.com/images/I/41WwUSxcyGL._SL500_.jpg" alt="Product Image"></a><p>e.l.f. SKIN Hydrated Ever After Skincare Mini Kit, Cleanser, Makeup Remover, Moisturiser & Eye Cream For Hydrating Skin, Airplane-Friendly Sizes</p><p>$19.95</p><a href="https://www.amazon.com/dp/B08T7DSZYD?tag=eloabder-20&linkCode=osi&th=1&psc=1">View Product</a></div><div class="product"><a href="https://www.amazon.com/dp/B00PBX3L7K?tag=eloabder-20&linkCode=osi&th=1&psc=1"><img src="https://m.media-amazon.com/images/I/31OiAm-FA8L._SL500_.jpg" alt="Product Image"></a><p>COSRX Snail Mucin 96% Power Repairing Essence 3.38 fl.oz 100ml, Hydrating Serum for Face with Snail Secretion Filtrate for Dull Skin & Fine Lines, Korean Skincare</p><p>$14.99 ($4.43 / Fl Oz)</p><a href="https://www.amazon.com/dp/B00PBX3L7K?tag=eloabder-20&linkCode=osi&th=1&psc=1">View Product</a></div><div class="product"><a href="https://www.amazon.com/dp/B0BS8Y2FLK?tag=eloabder-20&linkCode=osi&th=1&psc=1"><img src="https://m.media-amazon.com/images/I/41CX-bGjaRL._SL500_.jpg" alt="Product Image"></a><p>PEAUAMIE Under Eye Patches (30 Pairs) Gold Eye Mask and Hyaluronic Acid Eye Patches for puffy eyes,Rose Eye Masks for Dark Circles and Puffiness under eye skin care Smooth Wrinkles products</p><p>$9.99 ($0.33 / Count)</p><a href="https://www.amazon.com/dp/B0BS8Y2FLK?tag=eloabder-20&linkCode=osi&th=1&psc=1">View Product</a></div><div class="product"><a href="https://www.amazon.com/dp/B0B3SCM1L6?tag=eloabder-20&linkCode=osi&th=1&psc=1"><img src="https://m.media-amazon.com/images/I/21DSG-pHeQL._SL500_.jpg" alt="Product Image"></a><p>Tower 28 SOS Daily Rescue Facial Spray for Sensitive Skin, Hypochlorous Acid Spray Helps Reduce Redness and Breakouts, Soothing pH Balancing Toner for Face, 1 FL Oz</p><p>$12.00 ($12.00 / Fl Oz)</p><a href="https://www.amazon.com/dp/B0B3SCM1L6?tag=eloabder-20&linkCode=osi&th=1&psc=1">View Product</a></div><div class="product"><a href="https://www.amazon.com/dp/B093Z2HVJC?tag=eloabder-20&linkCode=osi&th=1&psc=1"><img src="https://m.media-amazon.com/images/I/3109c558JgL._SL500_.jpg" alt="Product Image"></a><p>Glow Recipe PHA + BHA Face Toner - Korean Skin Care Toner, Pore Minimizer & Facial Exfoliator for Glass Skin - Tightening & Hydrating Skincare with Hyaluronic Acid & Watermelon (40ml)</p><p>$16.00 ($11.85 / Fl Oz)</p><a href="https://www.amazon.com/dp/B093Z2HVJC?tag=eloabder-20&linkCode=osi&th=1&psc=1">View Product</a></div><div class="product"><a href="https://www.amazon.com/dp/B0BSZ23FTF?tag=eloabder-20&linkCode=osi&th=1&psc=1"><img src="https://m.media-amazon.com/images/I/31GRN7P2p8L._SL500_.jpg" alt="Product Image"></a><p>Bubble Skincare Slam Dunk Face Moisturizer - Hydrating Face Cream for Dry Skin Made with Vitamin E + Aloe Vera Juice for a Glowing Complexion - Skin Care with Blue Light Protection (50ml)</p><p>$14.98 ($8.81 / Ounce)</p><a href="https://www.amazon.com/dp/B0BSZ23FTF?tag=eloabder-20&linkCode=osi&th=1&psc=1">View Product</a></div><div class="product"><a href="https://www.amazon.com/dp/B0BJ74DJXG?tag=eloabder-20&linkCode=osi&th=1&psc=1"><img src="https://m.media-amazon.com/images/I/31RefDglMLL._SL500_.jpg" alt="Product Image"></a><p>BYOMA Moisturizing Gel Cream - Barrier Repair Cream/Gel Face Lotion with Niacinamide and Green Tea - Ceramide Face Moisturizer for Dry Skin - Alcohol Free, Oil Free Face Moisturizer - 1.69 fl. oz</p><p>$14.99 ($8.52 / Ounce)</p><a href="https://www.amazon.com/dp/B0BJ74DJXG?tag=eloabder-20&linkCode=osi&th=1&psc=1">View Product</a></div><div class="product"><a href="https://www.amazon.com/dp/B0BSYX57T2?tag=eloabder-20&linkCode=osi&th=1&psc=1"><img src="https://m.media-amazon.com/images/I/31ssRlEo5QL._SL500_.jpg" alt="Product Image"></a><p>Bubble Skincare Bounce Back Balancing Facial Toner Mist - Hydrating Toner Spray + Pore Minimizer Made with Sea Water and Niacinamide to Help Improve Texture & Radiance (55ml)</p><p>$12.99 ($7.22 / Fl Oz)</p><a href="https://www.amazon.com/dp/B0BSYX57T2?tag=eloabder-20&linkCode=osi&th=1&psc=1">View Product</a></div><div class="product"><a href="https://www.amazon.com/dp/B002LC9OES?tag=eloabder-20&linkCode=osi&th=1&psc=1"><img src="https://m.media-amazon.com/images/I/31WdAeiccEL._SL500_.jpg" alt="Product Image"></a><p>Mario Badescu Facial Spray with Aloe, Herbs and Rose Water for All Skin Types, Face Mist that Hydrates, Rejuvenates & Clarifies, 4 FL OZ</p><p>$8.00 ($2.00 / Fl Oz)</p><a href="https://www.amazon.com/dp/B002LC9OES?tag=eloabder-20&linkCode=osi&th=1&psc=1">View Product</a></div>
<div class="product"><a href="https://www.amazon.com/dp/B01N9SPQHQ?tag=eloabder-20&linkCode=osi&th=1&psc=1"><img src="https://m.media-amazon.com/images/I/41NHgWAaYAL._SL500_.jpg" alt="Product Image"></a><p>La Roche-Posay Toleriane Double Repair Face Moisturizer, Daily Moisturizer Face Cream with Ceramide and Niacinamide for All Skin Types, Oil Free, Fragrance Free</p><p>$23.99 ($7.10 / Fl Oz)</p><a href="https://www.amazon.com/dp/B01N9SPQHQ?tag=eloabder-20&linkCode=osi&th=1&psc=1">View Product</a></div><div class="product"><a href="https://www.amazon.com/dp/B00TTD9BRC?tag=eloabder-20&linkCode=osi&th=1&psc=1"><img src="https://m.media-amazon.com/images/I/41Kc6H7fboL._SL500_.jpg" alt="Product Image"></a><p>CeraVe Moisturizing Cream | Body and Face Moisturizer for Dry Skin | Body Cream with Hyaluronic Acid and Ceramides | Daily Moisturizer | Oil-Free | Fragrance Free | Non-Comedogenic | 19 Ounce</p><p>$17.78 ($0.94 / Ounce)</p><a href="https://www.amazon.com/dp/B00TTD9BRC?tag=eloabder-20&linkCode=osi&th=1&psc=1">View Product</a></div><div class="product"><a href="https://www.amazon.com/dp/B07RK4HST7?tag=eloabder-20&linkCode=osi&th=1&psc=1"><img src="https://m.media-amazon.com/images/I/412DGoW35mL._SL500_.jpg" alt="Product Image"></a><p>CeraVe Daily Moisturizing Lotion for Dry Skin | Body Lotion & Face Moisturizer with Hyaluronic Acid and Ceramides | Daily Moisturizer | Fragrance Free | Oil-Free | 19 Ounce</p><p>$18.50 ($0.97 / Fl Oz)</p><a href="https://www.amazon.com/dp/B07RK4HST7?tag=eloabder-20&linkCode=osi&th=1&psc=1">View Product</a></div><div class="product"><a href="https://www.amazon.com/dp/B08127SC4G?tag=eloabder-20&linkCode=osi&th=1&psc=1"><img src="https://m.media-amazon.com/images/I/31lAajvgToL._SL500_.jpg" alt="Product Image"></a><p>e.l.f. SKIN Holy Hydration! Face Cream, Moisturizer For Nourishing & Plumping Skin, Infused With Hyaluronic Acid, Vegan & Cruelty-Free, 1.8 Oz</p><p>$13.00 ($7.39 / Ounce)</p><a href="https://www.amazon.com/dp/B08127SC4G?tag=eloabder-20&linkCode=osi&th=1&psc=1">View Product</a></div><div class="product"><a href="https://www.amazon.com/dp/B01LEJ5MSK?tag=eloabder-20&linkCode=osi&th=1&psc=1"><img src="https://m.media-amazon.com/images/I/418xEMrk6LL._SL500_.jpg" alt="Product Image"></a><p>COSRX Snail Mucin 92% Repair Cream, Daily Face Gel Moisturizer for Dry Skin, Acne-prone, Sensitive Skin, Not Tested on Animals, No Parabens, Korean Skincare (3.52 Fl Oz (Pack of 1))</p><p>$15.50 ($4.40 / Fl Oz)</p><a href="https://www.amazon.com/dp/B01LEJ5MSK?tag=eloabder-20&linkCode=osi&th=1&psc=1">View Product</a></div><div class="product"><a href="https://www.amazon.com/dp/B000YJ2SLG?tag=eloabder-20&linkCode=osi&th=1&psc=1"><img src="https://m.media-amazon.com/images/I/31J9bWXnQ+L._SL500_.jpg" alt="Product Image"></a><p>CeraVe Daily Moisturizing Lotion for Dry Skin | Body Lotion & Face Moisturizer with Hyaluronic Acid and Ceramides | Daily Moisturizer | Fragrance Free | Oil-Free | 12 Ounce</p><p>$13.68 ($1.14 / Fl Oz)</p><a href="https://www.amazon.com/dp/B000YJ2SLG?tag=eloabder-20&linkCode=osi&th=1&psc=1">View Product</a></div><div class="product"><a href="https://www.amazon.com/dp/B003QXZWYW?tag=eloabder-20&linkCode=osi&th=1&psc=1"><img src="https://m.media-amazon.com/images/I/41zdDGRaw0L._SL500_.jpg" alt="Product Image"></a><p>La Roche-Posay Lipikar AP+ Triple Repair Moisturizing Cream | Face & Body Lotion For Dry Skin | Shea Butter & Niacinamide Moisturizer | Gentle Face & Body Cream For Dry, Rough & Sensitive Skin</p><p>$19.99 ($1.48 / Fl Oz)</p><a href="https://www.amazon.com/dp/B003QXZWYW?tag=eloabder-20&linkCode=osi&th=1&psc=1">View Product</a></div><div class="product"><a href="https://www.amazon.com/dp/B01D1DQSIA?tag=eloabder-20&linkCode=osi&th=1&psc=1"><img src="https://m.media-amazon.com/images/I/21x7SimOZ2L._SL500_.jpg" alt="Product Image"></a><p>e.l.f. SKIN Daily Hydration Moisturizer, Ultra-Hydrating Formula, Infused with Aloe, Jojoba Oil & Shea Butter, Vegan & Cruelty-Free, 2.53 Fl Oz</p><p>$8.00 ($3.16 / Fl Oz)</p><a href="https://www.amazon.com/dp/B01D1DQSIA?tag=eloabder-20&linkCode=osi&th=1&psc=1">View Product</a></div><div class="product"><a href="https://www.amazon.com/dp/B08BW46XXK?tag=eloabder-20&linkCode=osi&th=1&psc=1"><img src="https://m.media-amazon.com/images/I/41oCJ4BF8oL._SL500_.jpg" alt="Product Image"></a><p>Vanicream Daily Facial Moisturizer With Ceramides and Hyaluronic Acid - Formulated Without Common Irritants for Those with Sensitive Skin, 3 fl oz (Pack of 1)</p><p>$12.97 ($4.32 / Fl Oz)</p><a href="https://www.amazon.com/dp/B08BW46XXK?tag=eloabder-20&linkCode=osi&th=1&psc=1">View Product</a></div>
<div class="product"><a href="https://www.amazon.com/dp/B01N34XW93?tag=eloabder-20&linkCode=osi&th=1&psc=1"><img src="https://m.media-amazon.com/images/I/31OMOTCxlmL._SL500_.jpg" alt="Product Image"></a><p>La Roche-Posay Toleriane Purifying Foaming Facial Cleanser, Oil Free Face Wash for Oily Skin and for Sensitive Skin with Niacinamide, Pore Cleanser Won’t Dry Out Skin, Unscented</p><p>$17.99 ($1.33 / Fl Oz)</p><a href="https://www.amazon.com/dp/B01N34XW93?tag=eloabder-20&linkCode=osi&th=1&psc=1">View Product</a></div><div class="product"><a href="https://www.amazon.com/dp/B01MSSDEPK?tag=eloabder-20&linkCode=osi&th=1&psc=1"><img src="https://m.media-amazon.com/images/I/41YuSwjJUIL._SL500_.jpg" alt="Product Image"></a><p>CeraVe Hydrating Facial Cleanser | Moisturizing Face Wash For Dry Skin | Hyaluronic Acid + Ceramides + Glycerin | Hydrating Cleanser For Normal To Dry Skin | National Eczema Assosiation Certified</p><p>$15.48 ($0.97 / Fl Oz)</p><a href="https://www.amazon.com/dp/B01MSSDEPK?tag=eloabder-20&linkCode=osi&th=1&psc=1">View Product</a></div><div class="product"><a href="https://www.amazon.com/dp/B01N7T7JKJ?tag=eloabder-20&linkCode=osi&th=1&psc=1"><img src="https://m.media-amazon.com/images/I/31VXK3y1KYL._SL500_.jpg" alt="Product Image"></a><p>La Roche-Posay Toleriane Hydrating Gentle Face Cleanser, Daily Facial Cleanser with Niacinamide and Ceramides for Sensitive Skin, Moisturizing Face Wash for Normal to Dry Skin, Fragrance Free</p><p>$17.99 ($1.33 / Fl Oz)</p><a href="https://www.amazon.com/dp/B01N7T7JKJ?tag=eloabder-20&linkCode=osi&th=1&psc=1">View Product</a></div><div class="product"><a href="https://www.amazon.com/dp/B0BVV8BNYJ?tag=eloabder-20&linkCode=osi&th=1&psc=1"><img src="https://m.media-amazon.com/images/I/31+iZsiR-5L._SL500_.jpg" alt="Product Image"></a><p>ANUA Heartleaf Quercetinol Pore Deep Cleansing Foam, Facial Cleanser, for Double Cleansing, BHA, Hyaluronic Acid, Glycerin, Face Wash, Blackhead Remover, Korean Skincare (150ml/5.07 fl.oz.)</p><p>$13.00 ($2.56 / Fl Oz)</p><a href="https://www.amazon.com/dp/B0BVV8BNYJ?tag=eloabder-20&linkCode=osi&th=1&psc=1">View Product</a></div><div class="product"><a href="https://www.amazon.com/dp/B01N1LL62W?tag=eloabder-20&linkCode=osi&th=1&psc=1"><img src="https://m.media-amazon.com/images/I/41kwN8dWWzL._SL500_.jpg" alt="Product Image"></a><p>CeraVe Foaming Facial Cleanser | Daily Face Wash for Oily Skin with Hyaluronic Acid, Ceramides, and Niacinamide| Fragrance Free | 16 Fluid Ounce</p><p>$15.48 ($0.97 / Fl Oz)</p><a href="https://www.amazon.com/dp/B01N1LL62W?tag=eloabder-20&linkCode=osi&th=1&psc=1">View Product</a></div><div class="product"><a href="https://www.amazon.com/dp/B00U1YCRD8?tag=eloabder-20&linkCode=osi&th=1&psc=1"><img src="https://m.media-amazon.com/images/I/31LVb8KvKwL._SL500_.jpg" alt="Product Image"></a><p>CeraVe SA Cleanser | Salicylic Acid Cleanser with Hyaluronic Acid, Niacinamide & Ceramides| BHA Exfoliant for Face | Fragrance Free Non-Comedogenic | 8 Ounce</p><p>$12.37 ($1.55 / Ounce)</p><a href="https://www.amazon.com/dp/B00U1YCRD8?tag=eloabder-20&linkCode=osi&th=1&psc=1">View Product</a></div><div class="product"><a href="https://www.amazon.com/dp/B08T7DY96H?tag=eloabder-20&linkCode=osi&th=1&psc=1"><img src="https://m.media-amazon.com/images/I/31GlLn5TR+L._SL500_.jpg" alt="Product Image"></a><p>e.l.f., Holy Hydration! Daily Cleanser, Wash away Excess Oil, Impurities, and Makeup…</p><p>$6.00 ($1.62 / Fl Oz)</p><a href="https://www.amazon.com/dp/B08T7DY96H?tag=eloabder-20&linkCode=osi&th=1&psc=1">View Product</a></div><div class="product"><a href="https://www.amazon.com/dp/B00QY1XZ4W?tag=eloabder-20&linkCode=osi&th=1&psc=1"><img src="https://m.media-amazon.com/images/I/319pG+OQZxL._SL500_.jpg" alt="Product Image"></a><p>Vanicream Gentle Facial Cleanser with Pump Dispenser - 8 fl oz - Formulated Without Common Irritants for Those with Sensitive Skin</p><p>$8.86 ($1.11 / Fl Oz)</p><a href="https://www.amazon.com/dp/B00QY1XZ4W?tag=eloabder-20&linkCode=osi&th=1&psc=1">View Product</a></div><div class="product"><a href="https://www.amazon.com/dp/B09Y4HHY1P?tag=eloabder-20&linkCode=osi&th=1&psc=1"><img src="https://m.media-amazon.com/images/I/41Crw80Q3yL._SL500_.jpg" alt="Product Image"></a><p>Cetaphil Face Wash, Daily Facial Cleanser for Sensitive, Combination to Oily Skin, NEW 16 oz, Fragrance Free, Gentle Foaming, Soap Free, Hypoallergenic (Packaging May Vary)</p><p>$11.97 ($0.75 / Fl Oz)</p><a href="https://www.amazon.com/dp/B09Y4HHY1P?tag=eloabder-20&linkCode=osi&th=1&psc=1">View Product</a></div><div class="product"><a href="https://www.amazon.com/dp/B018A0BO92?tag=eloabder-20&linkCode=osi&th=1&psc=1"><img src="https://m.media-amazon.com/images/I/41nYuiskSoL._SL500_.jpg" alt="Product Image"></a><p>Youth To The People Facial Cleanser - Kale and Green Tea Cleanser - Gentle Face Wash, Makeup Remover + Pore Minimizer for All Skin Types - Vegan (8oz)</p><p>$39.00 ($4.88 / Fl Oz)</p><a href="https://www.amazon.com/dp/B018A0BO92?tag=eloabder-20&linkCode=osi&th=1&psc=1">View Product</a></div>
<div class="product"><a href="https://www.amazon.com/dp/B08CMS8P67?tag=eloabder-20&linkCode=osi&th=1&psc=1"><img src="https://m.media-amazon.com/images/I/31LVyuSsJEL._SL500_.jpg" alt="Product Image"></a><p>Anua Heartleaf 77 Soothing Toner I pH 5.5 Trouble Care, Calming Skin, Refreshing, Hydrating, Purifying, Cruelty Free, Vegan,(250ml / 8.45 fl.oz.)</p><p>$13.90 ($1.64 / Fl Oz)</p><a href="https://www.amazon.com/dp/B08CMS8P67?tag=eloabder-20&linkCode=osi&th=1&psc=1">View Product</a></div><div class="product"><a href="https://www.amazon.com/dp/B07K23HV61?tag=eloabder-20&linkCode=osi&th=1&psc=1"><img src="https://m.media-amazon.com/images/I/31KkgEtoFiL._SL500_.jpg" alt="Product Image"></a><p>I'm from Rice Toner, Milky Toner for Glowing Skin, 77.78% Korean Rice, Glow Essence with Niacinamide, Hydrating for Dry, Dull, Combination Skin, Vegan, Fragrance Free, Glass Skin 5.07 Fl Oz</p><p>$13.00 ($2.56 / Fl Oz)</p><a href="https://www.amazon.com/dp/B07K23HV61?tag=eloabder-20&linkCode=osi&th=1&psc=1">View Product</a></div><div class="product"><a href="https://www.amazon.com/dp/B08C2BLPD2?tag=eloabder-20&linkCode=osi&th=1&psc=1"><img src="https://m.media-amazon.com/images/I/41ncEXrr5XL._SL500_.jpg" alt="Product Image"></a><p>Good Molecules Niacinamide Brightening Toner - Facial Toner with Niacinamide, Vitamin C and Arbutin for Even Tone, Enlarged Pores - Skincare for Face</p><p>$14.00 ($3.50 / Fl Oz)</p><a href="https://www.amazon.com/dp/B08C2BLPD2?tag=eloabder-20&linkCode=osi&th=1&psc=1">View Product</a></div><div class="product"><a href="https://www.amazon.com/dp/B07BYJF7L7?tag=eloabder-20&linkCode=osi&th=1&psc=1"><img src="https://m.media-amazon.com/images/I/31+G3Xc+J7L._SL500_.jpg" alt="Product Image"></a><p>SOME BY MI AHA BHA PHA 30 Days Miracle Toner - 5.07Oz, 150ml - Mild Exfoliating Korean Toner for First Skin Care Step - Daily Blackhead Removing Pore Minimizer for Face Skin Texture - Korean Skin Care</p><p>$9.60 ($1.89 / Fl Oz)</p><a href="https://www.amazon.com/dp/B07BYJF7L7?tag=eloabder-20&linkCode=osi&th=1&psc=1">View Product</a></div><div class="product"><a href="https://www.amazon.com/dp/B00LO2RO7K?tag=eloabder-20&linkCode=osi&th=1&psc=1"><img src="https://m.media-amazon.com/images/I/31Wb52+KYzL._SL500_.jpg" alt="Product Image"></a><p>La Roche-Posay Effaclar Clarifying Solution Acne Toner with Salicylic Acid and Glycolic Acid, Pore Refining Oily Skin Toner, Gentle Exfoliant to Unclog Pores and Remove Dead Skin Cells</p><p>$16.99 ($2.51 / Fl Oz)</p><a href="https://www.amazon.com/dp/B00LO2RO7K?tag=eloabder-20&linkCode=osi&th=1&psc=1">View Product</a></div><div class="product"><a href="https://www.amazon.com/dp/B07THCMGFP?tag=eloabder-20&linkCode=osi&th=1&psc=1"><img src="https://m.media-amazon.com/images/I/31n-zByuthL._SL500_.jpg" alt="Product Image"></a><p>Haruharu Wonder Black Rice Hyaluronic Toner 5.1 fl.oz / 150ml | Face Moisturizer, Facial Toner for All Skin Types | Vegan, Cruelty Free, EWG-Green</p><p>$13.50 ($2.65 / Fl Oz)</p><a href="https://www.amazon.com/dp/B07THCMGFP?tag=eloabder-20&linkCode=osi&th=1&psc=1">View Product</a></div><div class="product"><a href="https://www.amazon.com/dp/B008EPPIQ4?tag=eloabder-20&linkCode=osi&th=1&psc=1"><img src="https://m.media-amazon.com/images/I/31-lQL0AkZL._SL500_.jpg" alt="Product Image"></a><p>Paula's Choice Skin Balancing Pore-Reducing Toner for Combination and Oily Skin, Minimizes Large Pores, 6.4 Fluid Ounce Bottle</p><p>$26.00 ($4.06 / Fl Oz)</p><a href="https://www.amazon.com/dp/B008EPPIQ4?tag=eloabder-20&linkCode=osi&th=1&psc=1">View Product</a></div><div class="product"><a href="https://www.amazon.com/dp/B073P6BPF5?tag=eloabder-20&linkCode=osi&th=1&psc=1"><img src="https://m.media-amazon.com/images/I/31hqlVDLizL._SL500_.jpg" alt="Product Image"></a><p>COSRX AHA/BHA Treatment Toner 5.07 fl.oz/ 150ml, Facial Exfoliating Spray for Whiteheads, Pores, & Uneven Skin, Korean Toner, Not Tested on Animals, No Parabens, No Sulfates, Korean Skincare</p><p>$11.89 ($2.33 / Fl Oz)</p><a href="https://www.amazon.com/dp/B073P6BPF5?tag=eloabder-20&linkCode=osi&th=1&psc=1">View Product</a></div><div class="product"><a href="https://www.amazon.com/dp/B0BNC5ZF3T?tag=eloabder-20&linkCode=osi&th=1&psc=1"><img src="https://m.media-amazon.com/images/I/31ZMbyd3gbL._SL500_.jpg" alt="Product Image"></a><p>Neutrogena Alcohol-Free Gentle Daily Fragrance-Free Face Toner to Tone & Refresh Skin, Toner Gently Removes Impurities & Reconditions Skin, Hypoallergenic, 8 fl. oz</p><p>$6.27 ($0.78 / Fl Oz)</p><a href="https://www.amazon.com/dp/B0BNC5ZF3T?tag=eloabder-20&linkCode=osi&th=1&psc=1">View Product</a></div>
<div class="product"><a href="https://www.amazon.com/dp/B00PBX3L7K?tag=eloabder-20&linkCode=osi&th=1&psc=1"><img src="https://m.media-amazon.com/images/I/31OiAm-FA8L._SL500_.jpg" alt="Product Image"></a><p>COSRX Snail Mucin 96% Power Repairing Essence 3.38 fl.oz 100ml, Hydrating Serum for Face with Snail Secretion Filtrate for Dull Skin & Fine Lines, Korean Skincare</p><p>$14.99 ($4.43 / Fl Oz)</p><a href="https://www.amazon.com/dp/B00PBX3L7K?tag=eloabder-20&linkCode=osi&th=1&psc=1">View Product</a></div><div class="product"><a href="https://www.amazon.com/dp/B07QFHZZZL?tag=eloabder-20&linkCode=osi&th=1&psc=1"><img src="https://m.media-amazon.com/images/I/41I2Z44ByOL._SL500_.jpg" alt="Product Image"></a><p>The Ordinary Face Serum Set! Caffeine Solution 5%+EGCG! Hyaluronic Acid 2%+B5! Niacinamide 10% + Zinc 1%! Help Fight Visible Blemishes And Improve The Look Of Skin Texture&Radiance</p><p>$26.00</p><a href="https://www.amazon.com/dp/B07QFHZZZL?tag=eloabder-20&linkCode=osi&th=1&psc=1">View Product</a></div><div class="product"><a href="https://www.amazon.com/dp/B08TM8DLFJ?tag=eloabder-20&linkCode=osi&th=1&psc=1"><img src="https://m.media-amazon.com/images/I/41g0Mg7pRIL._SL500_.jpg" alt="Product Image"></a><p>Good Molecules Hyaluronic Acid Serum - Hydrating, Non-greasy formula to Moisturize, Plump - 1% HA, Anti-aging, Water-Based Skincare for Face</p><p>$6.00 ($6.00 / Fl Oz)</p><a href="https://www.amazon.com/dp/B08TM8DLFJ?tag=eloabder-20&linkCode=osi&th=1&psc=1">View Product</a></div><div class="product"><a href="https://www.amazon.com/dp/B07VWSN95S?tag=eloabder-20&linkCode=osi&th=1&psc=1"><img src="https://m.media-amazon.com/images/I/411Y0nzh9zL._SL500_.jpg" alt="Product Image"></a><p>CeraVe Retinol Serum for Post-Acne Marks and Skin Texture | Pore Refining, Resurfacing, Brightening Facial Serum with Retinol and Niacinamide | Fragrance Free, Paraben Free & Non-Comedogenic| 1 Oz</p><p>$15.99</p><a href="https://www.amazon.com/dp/B07VWSN95S?tag=eloabder-20&linkCode=osi&th=1&psc=1">View Product</a></div><div class="product"><a href="https://www.amazon.com/dp/B08R994Q1L?tag=eloabder-20&linkCode=osi&th=1&psc=1"><img src="https://m.media-amazon.com/images/I/418KUv8uVkL._SL500_.jpg" alt="Product Image"></a><p>Good Molecules Niacinamide Serum - 10% Niacinamide Balancing B3 Facial Serum for Acne, Tone, Texture - Brightening and Hydrating Skincare for Face</p><p>$6.00</p><a href="https://www.amazon.com/dp/B08R994Q1L?tag=eloabder-20&linkCode=osi&th=1&psc=1">View Product</a></div><div class="product"><a href="https://www.amazon.com/dp/B014PGEEO2?tag=eloabder-20&linkCode=osi&th=1&psc=1"><img src="https://m.media-amazon.com/images/I/51v+djIfQGL._SL500_.jpg" alt="Product Image"></a><p>Tree of Life Facial Skin Care Set, Brightening, Firming, Hydrating, Dry Face, Dermatologist Tested - Trio Power Kit, Vitamin C, Retinol and Hyaluronic Acid, 3 count of 1 Fl Oz</p><p>$29.99 ($10.00 / Fl Oz)</p><a href="https://www.amazon.com/dp/B014PGEEO2?tag=eloabder-20&linkCode=osi&th=1&psc=1">View Product</a></div><div class="product"><a href="https://www.amazon.com/dp/B0BSP4T13Z?tag=eloabder-20&linkCode=osi&th=1&psc=1"><img src="https://m.media-amazon.com/images/I/31+EypNmjsL._SL500_.jpg" alt="Product Image"></a><p>e.l.f. SKIN Holy Hydration! Triple Bounce Serum, 1.7% Hyaluronic Acid Serum For Plump, Bouncy Skin, Great For Hydrating Dry Skin</p><p>$12.00 ($11.88 / Fl Oz)</p><a href="https://www.amazon.com/dp/B0BSP4T13Z?tag=eloabder-20&linkCode=osi&th=1&psc=1">View Product</a></div><div class="product"><a href="https://www.amazon.com/dp/B086VKZZZY?tag=eloabder-20&linkCode=osi&th=1&psc=1"><img src="https://m.media-amazon.com/images/I/31l7jUL7jOL._SL500_.jpg" alt="Product Image"></a><p>Beauty of Joseon Glow Serum Propolis and Niacinamide Hydrating Facial Soothing Moisturizer for Irritated Uneven Skin Tone, Korean Skin Care 30ml, 1 fl.oz</p><p>$10.50 ($10.40 / Fl Oz)</p><a href="https://www.amazon.com/dp/B086VKZZZY?tag=eloabder-20&linkCode=osi&th=1&psc=1">View Product</a></div><div class="product"><a href="https://www.amazon.com/dp/B0CLLV2T1P?tag=eloabder-20&linkCode=osi&th=1&psc=1"><img src="https://m.media-amazon.com/images/I/31ZBa-zgbjL._SL500_.jpg" alt="Product Image"></a><p>Anua 10% Niacinamide+ 4% Tranexamic Acid Serum, Ceramide, Hyaluronic Acid, Vitamin B12 natural color, for Sensitive skin, Korean Glass Skin, Fragrance-Free (30ml /1.01 fl.oz.)</p><p>$16.20 ($16.04 / Fl Oz)</p><a href="https://www.amazon.com/dp/B0CLLV2T1P?tag=eloabder-20&linkCode=osi&th=1&psc=1">View Product</a></div>
<div class="product"><a href="https://www.amazon.com/dp/B07C5SS6YD?tag=eloabder-20&linkCode=osi&th=1&psc=1"><img src="https://m.media-amazon.com/images/I/31tzIszvgAL._SL500_.jpg" alt="Product Image"></a><p>Paula's Choice Skin Perfecting 2% BHA Liquid Salicylic Acid Exfoliant, Gentle Facial Exfoliator for Blackheads, Large Pores, Wrinkles & Fine Lines, Travel Size, 1 Fluid Ounce</p><p>$14.00</p><a href="https://www.amazon.com/dp/B07C5SS6YD?tag=eloabder-20&linkCode=osi&th=1&psc=1">View Product</a></div><div class="product"><a href="https://www.amazon.com/dp/B07VW3YSWH?tag=eloabder-20&linkCode=osi&th=1&psc=1"><img src="https://m.media-amazon.com/images/I/410j9ZFktHL._SL500_.jpg" alt="Product Image"></a><p>Tree Hut Vitamin C Shea Sugar Scrub, 18 oz, Ultra Hydrating and Exfoliating Scrub for Nourishing Essential Body Care</p><p>$8.49 ($0.47 / Ounce)</p><a href="https://www.amazon.com/dp/B07VW3YSWH?tag=eloabder-20&linkCode=osi&th=1&psc=1">View Product</a></div><div class="product"><a href="https://www.amazon.com/dp/B001VMJSCW?tag=eloabder-20&linkCode=osi&th=1&psc=1"><img src="https://m.media-amazon.com/images/I/31N7x4-aJAL._SL500_.jpg" alt="Product Image"></a><p>Dermalogica Daily Microfoliant, Face Exfoliator Scrub Powder with Salicylic Acid and Papaya Enzyme, Achieve Brighter, Smoother Skin Daily, 0.45 Oz</p><p>$19.00 ($42.22 / Ounce)</p><a href="https://www.amazon.com/dp/B001VMJSCW?tag=eloabder-20&linkCode=osi&th=1&psc=1">View Product</a></div><div class="product"><a href="https://www.amazon.com/dp/B08T4FLJQZ?tag=eloabder-20&linkCode=osi&th=1&psc=1"><img src="https://m.media-amazon.com/images/I/616xNWcTosL._SL500_.jpg" alt="Product Image"></a><p>Dove Scrub Brown Sugar & Coconut Butter For Silky Smooth Skin Body Scrub Exfoliates & Restores Skin's Natural Nutrients 10.5 oz</p><p>$6.97 ($0.66 / Ounce)</p><a href="https://www.amazon.com/dp/B08T4FLJQZ?tag=eloabder-20&linkCode=osi&th=1&psc=1">View Product</a></div><div class="product"><a href="https://www.amazon.com/dp/B098RBCQ4Z?tag=eloabder-20&linkCode=osi&th=1&psc=1"><img src="https://m.media-amazon.com/images/I/41G9AnCfxcL._SL500_.jpg" alt="Product Image"></a><p>CeraVe Skin Renewing Nightly Exfoliating Treatment | Anti Aging Face Serum with Glycolic Acid, Lactic Acid, and Ceramides| Dark Spot Corrector for Face | 1.7 Oz</p><p>$23.86 ($14.04 / Ounce)</p><a href="https://www.amazon.com/dp/B098RBCQ4Z?tag=eloabder-20&linkCode=osi&th=1&psc=1">View Product</a></div><div class="product"><a href="https://www.amazon.com/dp/B09HH8R1T8?tag=eloabder-20&linkCode=osi&th=1&psc=1"><img src="https://m.media-amazon.com/images/I/51wBTGbcqkL._SL500_.jpg" alt="Product Image"></a><p>UJFQBH 3 Pieces African Bath Sponge African Net Long Net Bath Sponge Exfoliating Shower Body Scrubber Back Scrubber Skin Smoother,Great for Daily Use (Pink,Yellow,Purple)</p><p>$7.99 ($2.66 / Count)</p><a href="https://www.amazon.com/dp/B09HH8R1T8?tag=eloabder-20&linkCode=osi&th=1&psc=1">View Product</a></div><div class="product"><a href="https://www.amazon.com/dp/B004GEV9JW?tag=eloabder-20&linkCode=osi&th=1&psc=1"><img src="https://m.media-amazon.com/images/I/41MgyDfHXfL._SL500_.jpg" alt="Product Image"></a><p>Buf-Puf Gentle Facial Sponge, Dermatologist Developed, Removes Deep Down Dirt & Makeup That Causes Breakouts and Blackheads, Reusable, Exfoliating, 1 Count</p><p>$8.71</p><a href="https://www.amazon.com/dp/B004GEV9JW?tag=eloabder-20&linkCode=osi&th=1&psc=1">View Product</a></div><div class="product"><a href="https://www.amazon.com/dp/B07RP2JLLM?tag=eloabder-20&linkCode=osi&th=1&psc=1"><img src="https://m.media-amazon.com/images/I/41Mvnnv-AYL._SL500_.jpg" alt="Product Image"></a><p>Dermasuri Deep Exfoliating Glove for Face - Exfoliating Mitt Face Scrub and Dead Skin Remover - Face Scrubber for Men & Women - Face & Neck Skincare - Face Exfoliator Tool - Shower & Dry Use (1 Pack)</p><p>$11.99</p><a href="https://www.amazon.com/dp/B07RP2JLLM?tag=eloabder-20&linkCode=osi&th=1&psc=1">View Product</a></div><div class="product"><a href="https://www.amazon.com/dp/B00EL11LW0?tag=eloabder-20&linkCode=osi&th=1&psc=1"><img src="https://m.media-amazon.com/images/I/51FWqFdc30L._SL500_.jpg" alt="Product Image"></a><p>Dermasuri Deep Exfoliating Glove for Shower - Exfoliating Mitt Body Scrubber - Skin Exfoliator & Dead Skin Remover - Keratosis Pilaris Scrub - Spray Tan Remover - Korean Skincare for Body (1 Pack)</p><p>$14.99</p><a href="https://www.amazon.com/dp/B00EL11LW0?tag=eloabder-20&linkCode=osi&th=1&psc=1">View Product</a></div>
<div class="product"><a href="https://www.amazon.com/dp/B08C7HDF1F?tag=eloabder-20&linkCode=osi&th=1&psc=1"><img src="https://m.media-amazon.com/images/I/51v5EoPjf3L._SL500_.jpg" alt="Product Image"></a><p>NNPCBT 100PCS 3 Ply Black Disposable Face Mask Filter Protection Face Masks</p><p>$9.98 ($0.10 / Count)</p><a href="https://www.amazon.com/dp/B08C7HDF1F?tag=eloabder-20&linkCode=osi&th=1&psc=1">View Product</a></div><div class="product"><a href="https://www.amazon.com/dp/B08YPGJB4P?tag=eloabder-20&linkCode=osi&th=1&psc=1"><img src="https://m.media-amazon.com/images/I/51k8JL9QgbL._SL500_.jpg" alt="Product Image"></a><p>PURE GEM [Pack of 100] Single Use Disposable Blue Face Mask, Soft on Skin, 3-ply Masks Facial Cover with Elastic Earloops Great For Home, Office, School, and Outdoors</p><p>$9.99</p><a href="https://www.amazon.com/dp/B08YPGJB4P?tag=eloabder-20&linkCode=osi&th=1&psc=1">View Product</a></div><div class="product"><a href="https://www.amazon.com/dp/B089TX3BPY?tag=eloabder-20&linkCode=osi&th=1&psc=1"><img src="https://m.media-amazon.com/images/I/41qr1sidczL._SL500_.jpg" alt="Product Image"></a><p>Hygenix 3ply Disposable Face Masks PFE 99% Filter Quality Tested by a US lab (Pack of 50 Pcs)</p><p>$11.99 ($0.24 / Count)</p><a href="https://www.amazon.com/dp/B089TX3BPY?tag=eloabder-20&linkCode=osi&th=1&psc=1">View Product</a></div><div class="product"><a href="https://www.amazon.com/dp/B07FPJHPX1?tag=eloabder-20&linkCode=osi&th=1&psc=1"><img src="https://m.media-amazon.com/images/I/51uNOnTpxTL._SL500_.jpg" alt="Product Image"></a><p>Celavi Essence Facial Sheet Face Mask Variety Set Classic Authentic Korean Moisturizing Skincare (12-Packs)</p><p>$9.40 ($0.78 / Count)</p><a href="https://www.amazon.com/dp/B07FPJHPX1?tag=eloabder-20&linkCode=osi&th=1&psc=1">View Product</a></div><div class="product"><a href="https://www.amazon.com/dp/B001NSYSSI?tag=eloabder-20&linkCode=osi&th=1&psc=1"><img src="https://m.media-amazon.com/images/I/41C2JcEy+gL._SL500_.jpg" alt="Product Image"></a><p>Dynarex Procedure Masks - Triple-Pleated Face Masks with Ear Loops & Nose Strip - Disposable Medical Mask, Face Protection for Hospital - 50 per Box– Blue</p><p>$4.65 ($0.09 / Count)</p><a href="https://www.amazon.com/dp/B001NSYSSI?tag=eloabder-20&linkCode=osi&th=1&psc=1">View Product</a></div><div class="product"><a href="https://www.amazon.com/dp/B0CST165XX?tag=eloabder-20&linkCode=osi&th=1&psc=1"><img src="https://m.media-amazon.com/images/I/51Dp23BHVUL._SL500_.jpg" alt="Product Image"></a><p>Disposable Face Mask Adults Colors - 100 Pack Individually Wrapped,4 Ply Protection Face Masks,Colored Facemask Disposable,Breathable and Comfortable Safety Masks for Women & Men</p><p>$9.99</p><a href="https://www.amazon.com/dp/B0CST165XX?tag=eloabder-20&linkCode=osi&th=1&psc=1">View Product</a></div><div class="product"><a href="https://www.amazon.com/dp/B0722LVW3B?tag=eloabder-20&linkCode=osi&th=1&psc=1"><img src="https://m.media-amazon.com/images/I/51Vm0lozSIL._SL500_.jpg" alt="Product Image"></a><p>DERMAL 24 Combo Pack A Collagen Essence Korean Face Mask - Hydrating & Soothing Facial Mask with Panthenol - Hypoallergenic Self Care Sheet Mask for All Skin Types - Natural Home Spa Treatment Mask</p><p>$16.99 ($0.71 / Count)</p><a href="https://www.amazon.com/dp/B0722LVW3B?tag=eloabder-20&linkCode=osi&th=1&psc=1">View Product</a></div><div class="product"><a href="https://www.amazon.com/dp/B09DVFZVFB?tag=eloabder-20&linkCode=osi&th=1&psc=1"><img src="https://m.media-amazon.com/images/I/51Cp8DVpRFL._SL500_.jpg" alt="Product Image"></a><p>Egook Black Disposable Face Masks, 100 Pack 3 Ply Protection Face Mask, Soft Breathable Disposable Masks For Adults, Male-Female, Teenagers, Daily Use, Outdoors, School and Office</p><p>$10.99 ($0.11 / Count)</p><a href="https://www.amazon.com/dp/B09DVFZVFB?tag=eloabder-20&linkCode=osi&th=1&psc=1">View Product</a></div><div class="product"><a href="https://www.amazon.com/dp/B09M8G4JS8?tag=eloabder-20&linkCode=osi&th=1&psc=1"><img src="https://m.media-amazon.com/images/I/41Hxl6dhT1L._SL500_.jpg" alt="Product Image"></a><p>ZIYE 100 Pcs Multicolor Disposable Face Masks, Breathable Non-woven Multicolor Mask Facial Mouth Cover 3 Layer with Nose Clip Elastic Earloop 4Color</p><p>$11.79 ($0.12 / Count)</p><a href="https://www.amazon.com/dp/B09M8G4JS8?tag=eloabder-20&linkCode=osi&th=1&psc=1">View Product</a></div>
<div class="product"><a href="https://www.amazon.com/dp/B01MQXX9US?tag=eloabder-20&linkCode=osi&th=1&psc=1"><img src="https://m.media-amazon.com/images/I/41Zi7BP15NL._SL500_.jpg" alt="Product Image"></a><p>Banana Boat Sport Ultra SPF 50 Sunscreen Spray Twin Pack | Banana Boat Sunscreen Spray SPF 50, Spray On Sunscreen, Water Resistant Sunscreen, Oxybenzone Free Sunscreen Pack, 6oz each</p><p>$13.97 ($1.16 / Ounce)</p><a href="https://www.amazon.com/dp/B01MQXX9US?tag=eloabder-20&linkCode=osi&th=1&psc=1">View Product</a></div><div class="product"><a href="https://www.amazon.com/dp/B005IHT94S?tag=eloabder-20&linkCode=osi&th=1&psc=1"><img src="https://m.media-amazon.com/images/I/31YAXVCRMAL._SL500_.jpg" alt="Product Image"></a><p>Neutrogena Ultra Sheer Dry-Touch Water Resistant and Non-Greasy Sunscreen Lotion with Broad Spectrum SPF 70, 3 Fl Oz (Pack of 1)</p><p>$9.58 ($3.19 / Fl Oz)</p><a href="https://www.amazon.com/dp/B005IHT94S?tag=eloabder-20&linkCode=osi&th=1&psc=1">View Product</a></div><div class="product"><a href="https://www.amazon.com/dp/B076GZX3KL?tag=eloabder-20&linkCode=osi&th=1&psc=1"><img src="https://m.media-amazon.com/images/I/41BQoEZMuTL._SL500_.jpg" alt="Product Image"></a><p>Neutrogena Sunscreen Spray, Ultra Sheer ® Body Mist, Broad Spectrum SPF 70, Non-Greasy Water Resistant Body Sunscreen Mist, Non-Comedogenic, 5 oz (Pack of 3)</p><p>$23.50 ($1.57 / Ounce)</p><a href="https://www.amazon.com/dp/B076GZX3KL?tag=eloabder-20&linkCode=osi&th=1&psc=1">View Product</a></div><div class="product"><a href="https://www.amazon.com/dp/B002MSN3QQ?tag=eloabder-20&linkCode=osi&th=1&psc=1"><img src="https://m.media-amazon.com/images/I/3100avaA74L._SL500_.jpg" alt="Product Image"></a><p>EltaMD UV Clear Face Sunscreen, Oil Free Sunscreen with Zinc Oxide, Dermatologist Recommended Sunscreen, 1.7 oz Pump</p><p>$43.00 ($25.29 / Ounce)</p><a href="https://www.amazon.com/dp/B002MSN3QQ?tag=eloabder-20&linkCode=osi&th=1&psc=1">View Product</a></div><div class="product"><a href="https://www.amazon.com/dp/B078BC1NJ6?tag=eloabder-20&linkCode=osi&th=1&psc=1"><img src="https://m.media-amazon.com/images/I/51V4LMN2zEL._SL500_.jpg" alt="Product Image"></a><p>Coppertone Sport Sunscreen Spray SPF 50, Water Resistant Spray Sunscreen, Broad Spectrum SPF 50 Sunscreen, Bulk Sunscreen Pack, 5.5 Oz Bottle, Pack of 3</p><p>$20.63 ($1.25 / Ounce)</p><a href="https://www.amazon.com/dp/B078BC1NJ6?tag=eloabder-20&linkCode=osi&th=1&psc=1">View Product</a></div><div class="product"><a href="https://www.amazon.com/dp/B004D2DR0Q?tag=eloabder-20&linkCode=osi&th=1&psc=1"><img src="https://m.media-amazon.com/images/I/41QwzCWNnFL._SL500_.jpg" alt="Product Image"></a><p>Neutrogena Ultra Sheer Dry-Touch Water Resistant and Non-Greasy Sunscreen Lotion with Broad Spectrum SPF 45, TSA-Compliant travel Size, 3 Fl Oz, Pack of 2, 6 Fl Oz</p><p>$13.99 ($2.33 / Fl Oz)</p><a href="https://www.amazon.com/dp/B004D2DR0Q?tag=eloabder-20&linkCode=osi&th=1&psc=1">View Product</a></div><div class="product"><a href="https://www.amazon.com/dp/B074WBHHYY?tag=eloabder-20&linkCode=osi&th=1&psc=1"><img src="https://m.media-amazon.com/images/I/41uIcq6eNrL._SL500_.jpg" alt="Product Image"></a><p>Coppertone Sport Sunscreen Spray SPF 50, Water Resistant Spray Sunscreen, Broad Spectrum SPF 50 Sunscreen, Bulk Sunscreen Pack, 5.5 Oz Bottle, Pack of 2</p><p>$14.49 ($1.32 / Ounce)</p><a href="https://www.amazon.com/dp/B074WBHHYY?tag=eloabder-20&linkCode=osi&th=1&psc=1">View Product</a></div><div class="product"><a href="https://www.amazon.com/dp/B00AEN4QZ8?tag=eloabder-20&linkCode=osi&th=1&psc=1"><img src="https://m.media-amazon.com/images/I/31QMrCJPoeL._SL500_.jpg" alt="Product Image"></a><p>Neutrogena Beach Defense Water-Resistant Face & Body SPF 70 Sunscreen Lotion with Broad Spectrum UVA/UVB Protection, Oil-Free Fast-Absorbing Sunscreen Lotion, Oxybenzone-Free, 6.7 oz</p><p>$9.09 ($1.36 / Fl Oz)</p><a href="https://www.amazon.com/dp/B00AEN4QZ8?tag=eloabder-20&linkCode=osi&th=1&psc=1">View Product</a></div>
<div class="product"><a href="https://www.amazon.com/dp/B0BBSP2JNQ?tag=eloabder-20&linkCode=osi&th=1&psc=1"><img src="https://m.media-amazon.com/images/I/51qb7tiAJgL._SL500_.jpg" alt="Product Image"></a><p>SimplyVital Face Moisturizer Collagen Cream - Anti Aging Neck and Décolleté - Made in USA Day & Night Face Cream - Moisturizing, Lifting & Recovery – 1.7oz</p><p>$22.89 ($13.46 / Fl Oz)</p><a href="https://www.amazon.com/dp/B0BBSP2JNQ?tag=eloabder-20&linkCode=osi&th=1&psc=1">View Product</a></div><div class="product"><a href="https://www.amazon.com/dp/B0C9H6PD9B?tag=eloabder-20&linkCode=osi&th=1&psc=1"><img src="https://m.media-amazon.com/images/I/51MQp9qtYZL._SL500_.jpg" alt="Product Image"></a><p>Collagen Face Moisturizer with Airless Pump - Collagen Botanical Stem Cells Cream for Skin with Retinol, Niacinamide, Hyaluronic Acid - Anti-Aging Day & Night Cream - Made in USA (1.7 Oz)</p><p>$14.99 ($8.82 / Ounce)</p><a href="https://www.amazon.com/dp/B0C9H6PD9B?tag=eloabder-20&linkCode=osi&th=1&psc=1">View Product</a></div><div class="product"><a href="https://www.amazon.com/dp/B07XJ7XWLW?tag=eloabder-20&linkCode=osi&th=1&psc=1"><img src="https://m.media-amazon.com/images/I/41NLZaGIIvL._SL500_.jpg" alt="Product Image"></a><p>CeraVe Anti Aging Retinol Serum | Cream Serum for Smoothing Fine Lines and Skin Brightening | With Retinol, Hyaluronic Acid, Niacinamide, and Ceramides | 1 Ounce</p><p>$21.49</p><a href="https://www.amazon.com/dp/B07XJ7XWLW?tag=eloabder-20&linkCode=osi&th=1&psc=1">View Product</a></div><div class="product"><a href="https://www.amazon.com/dp/B008EKY8VK?tag=eloabder-20&linkCode=osi&th=1&psc=1"><img src="https://m.media-amazon.com/images/I/417CElRN9WL._SL500_.jpg" alt="Product Image"></a><p>L'Oreal Paris Revitalift Triple Power Anti-Aging Face Moisturizer, Pro Retinol, Hyaluronic Acid & Vitamin C to Reduce Wrinkles, Firm & Brighten Skin, 1.7 Oz</p><p>$23.49 ($13.82 / Ounce)</p><a href="https://www.amazon.com/dp/B008EKY8VK?tag=eloabder-20&linkCode=osi&th=1&psc=1">View Product</a></div><div class="product"><a href="https://www.amazon.com/dp/B00PBX3L7K?tag=eloabder-20&linkCode=osi&th=1&psc=1"><img src="https://m.media-amazon.com/images/I/31OiAm-FA8L._SL500_.jpg" alt="Product Image"></a><p>COSRX Snail Mucin 96% Power Repairing Essence 3.38 fl.oz 100ml, Hydrating Serum for Face with Snail Secretion Filtrate for Dull Skin & Fine Lines, Korean Skincare</p><p>$14.99 ($4.43 / Fl Oz)</p><a href="https://www.amazon.com/dp/B00PBX3L7K?tag=eloabder-20&linkCode=osi&th=1&psc=1">View Product</a></div><div class="product"><a href="https://www.amazon.com/dp/B09JMDLSJR?tag=eloabder-20&linkCode=osi&th=1&psc=1"><img src="https://m.media-amazon.com/images/I/41dzg8Cq95L._SL500_.jpg" alt="Product Image"></a><p>RoC Retinol Correxion Deep Wrinkle Serum Facial Cleanser with Niacinamide for Anti-Aging and Fine Lines, Long-Wear Makeup Remover, Fragrance Free Skin Care, Opthalmologist Tested, 6 Ounces</p><p>$9.99 ($1.66 / Fl Oz)</p><a href="https://www.amazon.com/dp/B09JMDLSJR?tag=eloabder-20&linkCode=osi&th=1&psc=1">View Product</a></div><div class="product"><a href="https://www.amazon.com/dp/B000QCN3QA?tag=eloabder-20&linkCode=osi&th=1&psc=1"><img src="https://m.media-amazon.com/images/I/31DCQYJ+zHL._SL500_.jpg" alt="Product Image"></a><p>VitaMedica Anti-Aging Formula 4-in-1 Health and Beauty Supplement | Anti Aging Supplement for Women and Men | Healthy Hair, Skin, and Nails | Natural Energy & Restful Sleep | 30 AM & PM Packets</p><p>$66.65 ($2.22 / Count)</p><a href="https://www.amazon.com/dp/B000QCN3QA?tag=eloabder-20&linkCode=osi&th=1&psc=1">View Product</a></div><div class="product"><a href="https://www.amazon.com/dp/B014PGEEO2?tag=eloabder-20&linkCode=osi&th=1&psc=1"><img src="https://m.media-amazon.com/images/I/51v+djIfQGL._SL500_.jpg" alt="Product Image"></a><p>Tree of Life Facial Skin Care Set, Brightening, Firming, Hydrating, Dry Face, Dermatologist Tested - Trio Power Kit, Vitamin C, Retinol and Hyaluronic Acid, 3 count of 1 Fl Oz</p><p>$29.99 ($10.00 / Fl Oz)</p><a href="https://www.amazon.com/dp/B014PGEEO2?tag=eloabder-20&linkCode=osi&th=1&psc=1">View Product</a></div><div class="product"><a href="https://www.amazon.com/dp/B0CWVN2PKH?tag=eloabder-20&linkCode=osi&th=1&psc=1"><img src="https://m.media-amazon.com/images/I/41qIK3gKbEL._SL500_.jpg" alt="Product Image"></a><p>EnaSkin Retinol Cream for Wrinkles: Face Collagen Cream for Tightening Skin - Anti Aging Facial Moisturizer Day and Night for Women and Men 1.7 Fl OZ</p><p>$15.91 ($9.36 / Fl Oz)</p><a href="https://www.amazon.com/dp/B0CWVN2PKH?tag=eloabder-20&linkCode=osi&th=1&psc=1">View Product</a></div><div class="product"><a href="https://www.amazon.com/dp/B002JDUMFO?tag=eloabder-20&linkCode=osi&th=1&psc=1"><img src="https://m.media-amazon.com/images/I/41h3+tOcptL._SL500_.jpg" alt="Product Image"></a><p>L’Oréal Paris Collagen Daily Face Moisturizer, Reduce Wrinkles, Face Cream 1.7 oz</p><p>$8.98 ($5.28 / Ounce)</p><a href="https://www.amazon.com/dp/B002JDUMFO?tag=eloabder-20&linkCode=osi&th=1&psc=1">View Product</a></div>
<div class="product"><a href="https://www.amazon.com/dp/B073CWSQ51?tag=eloabder-20&linkCode=osi&th=1&psc=1"><img src="https://m.media-amazon.com/images/I/41lIHxirIkL._SL500_.jpg" alt="Product Image"></a><p>COLOR WOW Dream Coat Supernatural Spray, 6.7 Fl Oz – Keep Your Hair Frizz-Free and Shiny No Matter the Weather with Award-Winning Anti-Humidity Treatment</p><p>$28.00 ($4.18 / Fl Oz)</p><a href="https://www.amazon.com/dp/B073CWSQ51?tag=eloabder-20&linkCode=osi&th=1&psc=1">View Product</a></div><div class="product"><a href="https://www.amazon.com/dp/B000N758A2?tag=eloabder-20&linkCode=osi&th=1&psc=1"><img src="https://m.media-amazon.com/images/I/41YSvL8jS6L._SL500_.jpg" alt="Product Image"></a><p>OGX Nourishing + Coconut Milk Anti-Breakage Serum, 4 Fl Oz</p><p>$7.97 ($1.99 / Fl Oz)</p><a href="https://www.amazon.com/dp/B000N758A2?tag=eloabder-20&linkCode=osi&th=1&psc=1">View Product</a></div><div class="product"><a href="https://www.amazon.com/dp/B00AINMFAC?tag=eloabder-20&linkCode=osi&th=1&psc=1"><img src="https://m.media-amazon.com/images/I/41D7x04cFtL._SL500_.jpg" alt="Product Image"></a><p>Nizoral Anti-Dandruff Shampoo with 1% Ketoconazole, Fresh Scent, 7 Fl Oz</p><p>$15.88 ($2.27 / Fl Oz)</p><a href="https://www.amazon.com/dp/B00AINMFAC?tag=eloabder-20&linkCode=osi&th=1&psc=1">View Product</a></div><div class="product"><a href="https://www.amazon.com/dp/B014G3WK9U?tag=eloabder-20&linkCode=osi&th=1&psc=1"><img src="https://m.media-amazon.com/images/I/41dsKa5OaNL._SL500_.jpg" alt="Product Image"></a><p>OLLY Undeniable Beauty Gummy, For Hair, Skin, Nails, Biotin, Vitamin C, Keratin, Chewable Supplement, Grapefruit, 30 Day Supply - 60 Count</p><p>$12.88 ($0.21 / Count)</p><a href="https://www.amazon.com/dp/B014G3WK9U?tag=eloabder-20&linkCode=osi&th=1&psc=1">View Product</a></div><div class="product"><a href="https://www.amazon.com/dp/B01LTIAUAG?tag=eloabder-20&linkCode=osi&th=1&psc=1"><img src="https://m.media-amazon.com/images/I/414cIBskUjL._SL500_.jpg" alt="Product Image"></a><p>Cantu Leave-In Conditioning Repair Cream with Argan Oil, 16 oz (Packaging May Vary)</p><p>$6.48 ($0.40 / Ounce)</p><a href="https://www.amazon.com/dp/B01LTIAUAG?tag=eloabder-20&linkCode=osi&th=1&psc=1">View Product</a></div>
<div class="product"><a href="https://www.amazon.com/dp/B00AINMFAC?tag=eloabder-20&linkCode=osi&th=1&psc=1"><img src="https://m.media-amazon.com/images/I/41D7x04cFtL._SL500_.jpg" alt="Product Image"></a><p>Nizoral Anti-Dandruff Shampoo with 1% Ketoconazole, Fresh Scent, 7 Fl Oz</p><p>$15.88 ($2.27 / Fl Oz)</p><a href="https://www.amazon.com/dp/B00AINMFAC?tag=eloabder-20&linkCode=osi&th=1&psc=1">View Product</a></div><div class="product"><a href="https://www.amazon.com/dp/B00ADRH2OM?tag=eloabder-20&linkCode=osi&th=1&psc=1"><img src="https://m.media-amazon.com/images/I/413WPcPNDbL._SL500_.jpg" alt="Product Image"></a><p>OGX Thick & Full + Biotin & Collagen Volumizing Shampoo, Nutrient-Infused Hair Shampoo with Vitamin B7 Biotin Gives Hair Volume & Body for 72+ Hours, Sulfate-Free Surfactants, 13 fl. oz</p><p>$6.97 ($0.54 / Fl Oz)</p><a href="https://www.amazon.com/dp/B00ADRH2OM?tag=eloabder-20&linkCode=osi&th=1&psc=1">View Product</a></div><div class="product"><a href="https://www.amazon.com/dp/B008J2GP9G?tag=eloabder-20&linkCode=osi&th=1&psc=1"><img src="https://m.media-amazon.com/images/I/31BkIKu3HgL._SL500_.jpg" alt="Product Image"></a><p>OGX Renewing Argan Oil of Morocco Shampoo - Strengthens and Repairs Dry, Damaged Hair - Paraben-Free, Sulfate-Free - 25.4 fl. oz</p><p>$11.99 ($0.47 / Fl Oz)</p><a href="https://www.amazon.com/dp/B008J2GP9G?tag=eloabder-20&linkCode=osi&th=1&psc=1">View Product</a></div><div class="product"><a href="https://www.amazon.com/dp/B082YG62JM?tag=eloabder-20&linkCode=osi&th=1&psc=1"><img src="https://m.media-amazon.com/images/I/31c5qlF0nYL._SL500_.jpg" alt="Product Image"></a><p>Acure Shampoo 100% Vegan, Ultra Hydrating Moisture & Omega Fatty Acids, , Yellow Argan Oil & Pumpkin, 8 Fl Oz</p><p>$9.99 ($1.25 / Fl Oz)</p><a href="https://www.amazon.com/dp/B082YG62JM?tag=eloabder-20&linkCode=osi&th=1&psc=1">View Product</a></div><div class="product"><a href="https://www.amazon.com/dp/B008OL3WZC?tag=eloabder-20&linkCode=osi&th=1&psc=1"><img src="https://m.media-amazon.com/images/I/31ePAzWLH8L._SL500_.jpg" alt="Product Image"></a><p>Avalon Organics Scalp Treatment Tea Tree Shampoo, Encourages Scalp Well-Being and Leaves Hair Soft, 32 Fluid Ounces</p><p>$17.69 ($0.55 / Fl Oz)</p><a href="https://www.amazon.com/dp/B008OL3WZC?tag=eloabder-20&linkCode=osi&th=1&psc=1">View Product</a></div><div class="product"><a href="https://www.amazon.com/dp/B0006FMK98?tag=eloabder-20&linkCode=osi&th=1&psc=1"><img src="https://m.media-amazon.com/images/I/31y1U0kzgQL._SL500_.jpg" alt="Product Image"></a><p>Vanicream Shampoo – pH Balanced Mild Formula Effective For All Hair Types and Sensitive Scalps - Free of Fragrance, Lanolin, and Parabens – 12 Fl Oz</p><p>$12.93 ($1.08 / Ounce)</p><a href="https://www.amazon.com/dp/B0006FMK98?tag=eloabder-20&linkCode=osi&th=1&psc=1">View Product</a></div><div class="product"><a href="https://www.amazon.com/dp/B00OO0J9UY?tag=eloabder-20&linkCode=osi&th=1&psc=1"><img src="https://m.media-amazon.com/images/I/6111IvzP9vL._SL500_.jpg" alt="Product Image"></a><p>SheaMoisture Intensive Hydration Shampoo for Dry, Damaged Hair Manuka Honey and Mafura Oil Sulfate-Free 13 oz</p><p>$10.61 ($0.82 / Fl Oz)</p><a href="https://www.amazon.com/dp/B00OO0J9UY?tag=eloabder-20&linkCode=osi&th=1&psc=1">View Product</a></div><div class="product"><a href="https://www.amazon.com/dp/B004LT9EDU?tag=eloabder-20&linkCode=osi&th=1&psc=1"><img src="https://m.media-amazon.com/images/I/311kQY8LxlL._SL500_.jpg" alt="Product Image"></a><p>Vanicream Shampoo For Sensitive Skin 12 OZ (Pack of 3)</p><p>$30.37 ($0.84 / Fl Oz)</p><a href="https://www.amazon.com/dp/B004LT9EDU?tag=eloabder-20&linkCode=osi&th=1&psc=1">View Product</a></div>
<div class="product"><a href="https://www.amazon.com/dp/B00ADR6M2U?tag=eloabder-20&linkCode=osi&th=1&psc=1"><img src="https://m.media-amazon.com/images/I/41m-SPUM-nL._SL500_.jpg" alt="Product Image"></a><p>OGX Thick & Full + Biotin & Collagen Volumizing Conditioner, Nutrient-Infused Conditioner with Vitamin B7 Biotin Gives Hair Volume & Body for 72+ Hours, Sulfate-Free Surfactants, 13 fl. Oz</p><p>$6.97 ($0.54 / Fl Oz)</p><a href="https://www.amazon.com/dp/B00ADR6M2U?tag=eloabder-20&linkCode=osi&th=1&psc=1">View Product</a></div><div class="product"><a href="https://www.amazon.com/dp/B000VEJVCI?tag=eloabder-20&linkCode=osi&th=1&psc=1"><img src="https://m.media-amazon.com/images/I/21qrX8H4+-L._SL500_.jpg" alt="Product Image"></a><p>Paul Mitchell The Conditioner Original Leave-In, Balances Moisture, For All Hair Types, 16.9 fl. oz.</p><p>$21.00 ($1.24 / Fl Oz)</p><a href="https://www.amazon.com/dp/B000VEJVCI?tag=eloabder-20&linkCode=osi&th=1&psc=1">View Product</a></div><div class="product"><a href="https://www.amazon.com/dp/B0128QFSPK?tag=eloabder-20&linkCode=osi&th=1&psc=1"><img src="https://m.media-amazon.com/images/I/31lrVfnasLL._SL500_.jpg" alt="Product Image"></a><p>OGX Quenching + Coconut Curls Curl-Defining Conditioner, Nourishing Curly Hair Conditioner with Coconut /Citrus Oil & Honey, Paraben-Free with Sulfate-Free Surfactants, 13oz</p><p>$6.97 ($0.54 / Fl Oz)</p><a href="https://www.amazon.com/dp/B0128QFSPK?tag=eloabder-20&linkCode=osi&th=1&psc=1">View Product</a></div><div class="product"><a href="https://www.amazon.com/dp/B00OVQO66S?tag=eloabder-20&linkCode=osi&th=1&psc=1"><img src="https://m.media-amazon.com/images/I/61S7x6GUaFL._SL500_.jpg" alt="Product Image"></a><p>SheaMoisture Conditioner Intensive Hydration for Dry, Damaged Hair Manuka Honey and Mafura Oil to Nourish and Soften Hair 13 oz</p><p>$10.97 ($0.84 / Fl Oz)</p><a href="https://www.amazon.com/dp/B00OVQO66S?tag=eloabder-20&linkCode=osi&th=1&psc=1">View Product</a></div><div class="product"><a href="https://www.amazon.com/dp/B0048F38DY?tag=eloabder-20&linkCode=osi&th=1&psc=1"><img src="https://m.media-amazon.com/images/I/41GrHa75nWL._SL500_.jpg" alt="Product Image"></a><p>OGX Renewing + Argan Oil of Morocco Conditioner, Repair Conditioner & Argan Oil Helps Strengthen & Repair Dry, Damaged Hair, Paraben-Free, Sulfate-Free Surfactants, 13 fl. oz</p><p>$6.97 ($0.54 / Fl Oz)</p><a href="https://www.amazon.com/dp/B0048F38DY?tag=eloabder-20&linkCode=osi&th=1&psc=1">View Product</a></div><div class="product"><a href="https://www.amazon.com/dp/B000TG850M?tag=eloabder-20&linkCode=osi&th=1&psc=1"><img src="https://m.media-amazon.com/images/I/31TYCRS9xuL._SL500_.jpg" alt="Product Image"></a><p>OGX Nourishing + Coconut Milk Conditioner, Hydrating & Restoring Conditioner Moisturizes for Soft Hair After the First Use, Parabens-Free, Sulfate-Free Surfactants, 13 fl. Oz</p><p>$6.97 ($0.54 / Fl Oz)</p><a href="https://www.amazon.com/dp/B000TG850M?tag=eloabder-20&linkCode=osi&th=1&psc=1">View Product</a></div><div class="product"><a href="https://www.amazon.com/dp/B004KATJVC?tag=eloabder-20&linkCode=osi&th=1&psc=1"><img src="https://m.media-amazon.com/images/I/41UlYEg4A8L._SL500_.jpg" alt="Product Image"></a><p>Ever Straightening + Brazilian Keratin Therapy Hair-Smoothing Conditioner with Coconut Oil, Cocoa Butter & Avocado Oil, Paraben-Free, Sulfate-Free Surfactants</p><p>$10.28 ($0.79 / Fl Oz)</p><a href="https://www.amazon.com/dp/B004KATJVC?tag=eloabder-20&linkCode=osi&th=1&psc=1">View Product</a></div><div class="product"><a href="https://www.amazon.com/dp/B00V6GPXZO?tag=eloabder-20&linkCode=osi&th=1&psc=1"><img src="https://m.media-amazon.com/images/I/41PW2fckFML._SL500_.jpg" alt="Product Image"></a><p>SheaMoisture Conditioner 100% Pure Jamaican Black Castor Oil to Intensely Smooth and Nourish Hair with Shea Butter, Peppermint and Apple Cider Vinegar 13 oz</p><p>$10.97 ($0.84 / Fl Oz)</p><a href="https://www.amazon.com/dp/B00V6GPXZO?tag=eloabder-20&linkCode=osi&th=1&psc=1">View Product</a></div>
<div class="product"><a href="https://www.amazon.com/dp/B092DNPHC9?tag=eloabder-20&linkCode=osi&th=1&psc=1"><img src="https://m.media-amazon.com/images/I/31Zj5b1TUCL._SL500_.jpg" alt="Product Image"></a><p>Olaplex No. 8 Bond Intense Moisture Hair Mask, Adds Smoothness & Nourishes for Visibily Healthy Hair, For All Hair Types & Treats Damaged Hair, 3.3 fl oz</p><p>$30.00 ($9.09 / Fl Oz)</p><a href="https://www.amazon.com/dp/B092DNPHC9?tag=eloabder-20&linkCode=osi&th=1&psc=1">View Product</a></div><div class="product"><a href="https://www.amazon.com/dp/B000ZLVUYO?tag=eloabder-20&linkCode=osi&th=1&psc=1"><img src="https://m.media-amazon.com/images/I/41CNAwwnEqL._SL500_.jpg" alt="Product Image"></a><p>It's A 10 Haircare Miracle Hair Mask - 8 oz. - 1ct</p><p>$24.45 ($3.06 / Fl Oz)</p><a href="https://www.amazon.com/dp/B000ZLVUYO?tag=eloabder-20&linkCode=osi&th=1&psc=1">View Product</a></div><div class="product"><a href="https://www.amazon.com/dp/B002WTC37A?tag=eloabder-20&linkCode=osi&th=1&psc=1"><img src="https://m.media-amazon.com/images/I/41yD1U1SpnL._SL500_.jpg" alt="Product Image"></a><p>Macadamia Natural Deep Repair Hair Masque, 8 OZ</p><p>$17.99 ($2.25 / Fl Oz)</p><a href="https://www.amazon.com/dp/B002WTC37A?tag=eloabder-20&linkCode=osi&th=1&psc=1">View Product</a></div><div class="product"><a href="https://www.amazon.com/dp/B00OAMTSJ8?tag=eloabder-20&linkCode=osi&th=1&psc=1"><img src="https://m.media-amazon.com/images/I/41ua15rJPxL._SL500_.jpg" alt="Product Image"></a><p>Sheamoisture Manuka Honey &Mafura Oil Intensive Hydration Treatment Masque, 12 Oz</p><p>$12.97</p><a href="https://www.amazon.com/dp/B00OAMTSJ8?tag=eloabder-20&linkCode=osi&th=1&psc=1">View Product</a></div><div class="product"><a href="https://www.amazon.com/dp/B07TGFLLSJ?tag=eloabder-20&linkCode=osi&th=1&psc=1"><img src="https://m.media-amazon.com/images/I/41Va7L-8m7L._SL500_.jpg" alt="Product Image"></a><p>OGX Argan Oil of Morocco Hair Mask for Damaged Hair, Extra Strength, 168 g</p><p>$15.55</p><a href="https://www.amazon.com/dp/B07TGFLLSJ?tag=eloabder-20&linkCode=osi&th=1&psc=1">View Product</a></div><div class="product"><a href="https://www.amazon.com/dp/B004FS3V8Q?tag=eloabder-20&linkCode=osi&th=1&psc=1"><img src="https://m.media-amazon.com/images/I/31O0HaFNsbL._SL500_.jpg" alt="Product Image"></a><p>Enjoy 8 oz Hair Mask</p><p>$31.95 ($3.99 / Ounce)</p><a href="https://www.amazon.com/dp/B004FS3V8Q?tag=eloabder-20&linkCode=osi&th=1&psc=1">View Product</a></div><div class="product"><a href="https://www.amazon.com/dp/B008V9PJQM?tag=eloabder-20&linkCode=osi&th=1&psc=1"><img src="https://m.media-amazon.com/images/I/41VJXqQrgNL._SL500_.jpg" alt="Product Image"></a><p>Dominican Magic Revitalizing Hair Mask, 32 Oz, 32 Ounces</p><p>$7.99 ($0.25 / ounce)</p><a href="https://www.amazon.com/dp/B008V9PJQM?tag=eloabder-20&linkCode=osi&th=1&psc=1">View Product</a></div><div class="product"><a href="https://www.amazon.com/dp/B07GHR836B?tag=eloabder-20&linkCode=osi&th=1&psc=1"><img src="https://m.media-amazon.com/images/I/31BZXnZ885L._SL500_.jpg" alt="Product Image"></a><p>Oway Moisturizing Hair Mask 5oz/150ml</p><p>$26.41 ($5.28 / Fl Oz)</p><a href="https://www.amazon.com/dp/B07GHR836B?tag=eloabder-20&linkCode=osi&th=1&psc=1">View Product</a></div>
<div class="product"><a href="https://www.amazon.com/dp/B0C3MZSP2N?tag=eloabder-20&linkCode=osi&th=1&psc=1"><img src="https://m.media-amazon.com/images/I/41NeXyV7-JL._SL500_.jpg" alt="Product Image"></a><p>Handcraft Blends Castor Oil with Rosemary and Peppermint in Glass Bottle - 4 Fl Oz - 100% Pure and Natural - Curl Relaxer for Tight Curls - Premium Grade for Hair Growth, Eyelashes, Eyebrows</p><p>$5.99 ($1.50 / Fl Oz)</p><a href="https://www.amazon.com/dp/B0C3MZSP2N?tag=eloabder-20&linkCode=osi&th=1&psc=1">View Product</a></div><div class="product"><a href="https://www.amazon.com/dp/B0BBSDNX7W?tag=eloabder-20&linkCode=osi&th=1&psc=1"><img src="https://m.media-amazon.com/images/I/41Y91vJb1TL._SL500_.jpg" alt="Product Image"></a><p>Handcraft Blends Castor Oil with Rosemary Oil - 8 Fl Oz - 100% Pure and Natural - Premium Grade Oil for Hair Growth, Eyelashes and Eyebrows - Carrier Oil - Hair and Body Oil</p><p>$8.99 ($1.12 / Fl Oz)</p><a href="https://www.amazon.com/dp/B0BBSDNX7W?tag=eloabder-20&linkCode=osi&th=1&psc=1">View Product</a></div><div class="product"><a href="https://www.amazon.com/dp/B00DS842HS?tag=eloabder-20&linkCode=osi&th=1&psc=1"><img src="https://m.media-amazon.com/images/I/51mbPIwfl-L._SL500_.jpg" alt="Product Image"></a><p>Viva Naturals Organic Coconut Oil - Unrefined, Cold-Pressed Extra Virgin Coconut Oil, USDA Organic and Non-GMO Cooking Oil, Great as Hair Oil and Skin Oil, 16 fl oz</p><p>$8.99 ($0.56 / Ounce)</p><a href="https://www.amazon.com/dp/B00DS842HS?tag=eloabder-20&linkCode=osi&th=1&psc=1">View Product</a></div><div class="product"><a href="https://www.amazon.com/dp/B0019LTGOU?tag=eloabder-20&linkCode=osi&th=1&psc=1"><img src="https://m.media-amazon.com/images/I/31pK3I8DkWL._SL500_.jpg" alt="Product Image"></a><p>NOW Solutions, Organic Jojoba Oil, Moisturizing Multi-Purpose Oil for Face, Hair and Body, 4-Ounce</p><p>$10.99 ($2.75 / Fl Oz)</p><a href="https://www.amazon.com/dp/B0019LTGOU?tag=eloabder-20&linkCode=osi&th=1&psc=1">View Product</a></div><div class="product"><a href="https://www.amazon.com/dp/B0746LMDTY?tag=eloabder-20&linkCode=osi&th=1&psc=1"><img src="https://m.media-amazon.com/images/I/51nIqj8XrvL._SL500_.jpg" alt="Product Image"></a><p>Pure Carrier Oils for Essential Oils - DIY Skin Care Set with Hair Oils Skin Oils for Body Care Moisturizers for Face and Body plus Nail Care - Anti Aging Skin Care DIY Beauty Products Carrier Oil Set</p><p>$24.95 ($1.25 / Fl Oz)</p><a href="https://www.amazon.com/dp/B0746LMDTY?tag=eloabder-20&linkCode=osi&th=1&psc=1">View Product</a></div><div class="product"><a href="https://www.amazon.com/dp/B000N758A2?tag=eloabder-20&linkCode=osi&th=1&psc=1"><img src="https://m.media-amazon.com/images/I/41YSvL8jS6L._SL500_.jpg" alt="Product Image"></a><p>OGX Nourishing + Coconut Milk Anti-Breakage Serum, 4 Fl Oz</p><p>$7.97 ($1.99 / Fl Oz)</p><a href="https://www.amazon.com/dp/B000N758A2?tag=eloabder-20&linkCode=osi&th=1&psc=1">View Product</a></div><div class="product"><a href="https://www.amazon.com/dp/B00449OCLG?tag=eloabder-20&linkCode=osi&th=1&psc=1"><img src="https://m.media-amazon.com/images/I/41WY4q-xk8L._SL500_.jpg" alt="Product Image"></a><p>Dr. Miracle's Daily Moisturizing Gro Oil, Blended with Vitamins A, D, E, Avocado & Aloe Vera For Healthy Hair Growth, 4 Ounce</p><p>$8.45 ($8.45 / Count)</p><a href="https://www.amazon.com/dp/B00449OCLG?tag=eloabder-20&linkCode=osi&th=1&psc=1">View Product</a></div><div class="product"><a href="https://www.amazon.com/dp/B004Z209HS?tag=eloabder-20&linkCode=osi&th=1&psc=1"><img src="https://m.media-amazon.com/images/I/41iZC2aD-zL._SL500_.jpg" alt="Product Image"></a><p>PURA D'OR 4 Oz ORGANIC Moroccan Argan Oil - USDA Certified 100% Pure & Cold Pressed Virgin Premium Grade Natural Moisturizer Treatment For Dry, Damaged Skin, Hair, Face, Body & Scalp - Men & Women</p><p>$12.99 ($3.25 / Fl Oz)</p><a href="https://www.amazon.com/dp/B004Z209HS?tag=eloabder-20&linkCode=osi&th=1&psc=1">View Product</a></div><div class="product"><a href="https://www.amazon.com/dp/B06WWP6JCT?tag=eloabder-20&linkCode=osi&th=1&psc=1"><img src="https://m.media-amazon.com/images/I/61PyBZdDJGL._SL500_.jpg" alt="Product Image"></a><p>Pantene Gold Series Intense Hydrating Oil Treatment, 3.2 Fl Oz – Hair Oil Infused with Rich Argan Oil for Beautiful, Shiny Hair - Dye, Paraben and Sulfate Free Formula</p><p>$7.88 ($2.46 / Fl Oz)</p><a href="https://www.amazon.com/dp/B06WWP6JCT?tag=eloabder-20&linkCode=osi&th=1&psc=1">View Product</a></div>
<div class="product"><a href="https://www.amazon.com/dp/B073CWSQ51?tag=eloabder-20&linkCode=osi&th=1&psc=1"><img src="https://m.media-amazon.com/images/I/41lIHxirIkL._SL500_.jpg" alt="Product Image"></a><p>COLOR WOW Dream Coat Supernatural Spray, 6.7 Fl Oz – Keep Your Hair Frizz-Free and Shiny No Matter the Weather with Award-Winning Anti-Humidity Treatment</p><p>$28.00 ($4.18 / Fl Oz)</p><a href="https://www.amazon.com/dp/B073CWSQ51?tag=eloabder-20&linkCode=osi&th=1&psc=1">View Product</a></div><div class="product"><a href="https://www.amazon.com/dp/B00AIL783I?tag=eloabder-20&linkCode=osi&th=1&psc=1"><img src="https://m.media-amazon.com/images/I/31H0Iw6tmZL._SL500_.jpg" alt="Product Image"></a><p>CHI Straight Guard Smoothing Styling Cream, Eliminates Frizz For Sleek & Shiny Hair, Maximum Control, 8.5 Oz</p><p>$8.00 ($0.94 / Fl Oz)</p><a href="https://www.amazon.com/dp/B00AIL783I?tag=eloabder-20&linkCode=osi&th=1&psc=1">View Product</a></div><div class="product"><a href="https://www.amazon.com/dp/B0D1CWXQWT?tag=eloabder-20&linkCode=osi&th=1&psc=1"><img src="https://m.media-amazon.com/images/I/31fcMYGOs6L._SL500_.jpg" alt="Product Image"></a><p>JVN Styling Cream, Air Dry, 2 Fluid Ounces, Frizzy Hair, Heat Protection, Sulfate and Silicone Free, Grapefruit Scent, Light Hold for All Hair Types, Textures</p><p>$14.00 ($7.00 / Fl Oz)</p><a href="https://www.amazon.com/dp/B0D1CWXQWT?tag=eloabder-20&linkCode=osi&th=1&psc=1">View Product</a></div><div class="product"><a href="https://www.amazon.com/dp/B017UYDYUG?tag=eloabder-20&linkCode=osi&th=1&psc=1"><img src="https://m.media-amazon.com/images/I/21qFhPdMgAL._SL500_.jpg" alt="Product Image"></a><p>Moroccanoil Smoothing Lotion, 2.5 oz, Fragrance Originale</p><p>$16.00 ($6.40 / Fl Oz)</p><a href="https://www.amazon.com/dp/B017UYDYUG?tag=eloabder-20&linkCode=osi&th=1&psc=1">View Product</a></div><div class="product"><a href="https://www.amazon.com/dp/B00016X3LG?tag=eloabder-20&linkCode=osi&th=1&psc=1"><img src="https://m.media-amazon.com/images/I/31AxkJPvPBL._SL500_.jpg" alt="Product Image"></a><p>GIOVANNI More Body Hair Thickener - Volumizing Styling Gel, Hair Thickener, Plumps Hair, Seals Split Ends, Adds Shine, Paraben-Free, Color Safe, Infused with Natural Botanical Ingredients - 6.8 oz</p><p>$9.37 ($1.38 / Fl Oz)</p><a href="https://www.amazon.com/dp/B00016X3LG?tag=eloabder-20&linkCode=osi&th=1&psc=1">View Product</a></div><div class="product"><a href="https://www.amazon.com/dp/B0094KPK70?tag=eloabder-20&linkCode=osi&th=1&psc=1"><img src="https://m.media-amazon.com/images/I/31gFDiqADHL._SL500_.jpg" alt="Product Image"></a><p>Miss Jessie's Pillow Soft Curls Unisex Lotion 8.5 oz</p><p>$17.99 ($2.12 / Fl Oz)</p><a href="https://www.amazon.com/dp/B0094KPK70?tag=eloabder-20&linkCode=osi&th=1&psc=1">View Product</a></div><div class="product"><a href="https://www.amazon.com/dp/B084RXGVG3?tag=eloabder-20&linkCode=osi&th=1&psc=1"><img src="https://m.media-amazon.com/images/I/3163uXgZ6WL._SL500_.jpg" alt="Product Image"></a><p>tgin Rose Water Defining Styling Gel for Natural hair - Curls - Waves - Low porosity hair - Fine hair 13OZ</p><p>$15.99 ($1.23 / Fl Oz)</p><a href="https://www.amazon.com/dp/B084RXGVG3?tag=eloabder-20&linkCode=osi&th=1&psc=1">View Product</a></div><div class="product"><a href="https://www.amazon.com/dp/B0167HOOEC?tag=eloabder-20&linkCode=osi&th=1&psc=1"><img src="https://m.media-amazon.com/images/I/51z28ow-ggL._SL500_.jpg" alt="Product Image"></a><p>Smooth Viking Hair Clay for Men - Strong Hold, Clay Pomade, Hair Paste, Styling Clay with Matte Finish, Made in USA, 2oz</p><p>$12.99 ($6.50 / Ounce)</p><a href="https://www.amazon.com/dp/B0167HOOEC?tag=eloabder-20&linkCode=osi&th=1&psc=1">View Product</a></div><div class="product"><a href="https://www.amazon.com/dp/B000EM79OY?tag=eloabder-20&linkCode=osi&th=1&psc=1"><img src="https://m.media-amazon.com/images/I/31+r0L+wcnL._SL500_.jpg" alt="Product Image"></a><p>CHI Infra Gel, Firm Hair Gel To Protect From Heat Styling, Provides Shine & Control to Hair, Sulfate & Paraben-Free, 8 Oz</p><p>$8.47 ($1.06 / Fl Oz)</p><a href="https://www.amazon.com/dp/B000EM79OY?tag=eloabder-20&linkCode=osi&th=1&psc=1">View Product</a></div><div class="product"><a href="https://www.amazon.com/dp/B001ET78CO?tag=eloabder-20&linkCode=osi&th=1&psc=1"><img src="https://m.media-amazon.com/images/I/41wwrnGzlVL._SL500_.jpg" alt="Product Image"></a><p>GIOVANNI L.A. Hold Styling Gel - Strong Hold, Hair Gel for Women and Men, Vegan, No Parabens or Phthalates, Infused with Natural Botanical Ingredients, Lightweight Hair Styling Gel - 6.8 oz (3 Pack)</p><p>$24.55 ($1.20 / Fl Oz)</p><a href="https://www.amazon.com/dp/B001ET78CO?tag=eloabder-20&linkCode=osi&th=1&psc=1">View Product</a></div>
<div class="product"><a href="https://www.amazon.com/dp/B004INIW1Y?tag=eloabder-20&linkCode=osi&th=1&psc=1"><img src="https://m.media-amazon.com/images/I/51QXVxOgEkL._SL500_.jpg" alt="Product Image"></a><p>L'Oreal Paris Excellence Creme Permanent Hair Color, 4 Dark Brown, 100 percent Gray Coverage Hair Dye, Pack of 1</p><p>$8.18</p><a href="https://www.amazon.com/dp/B004INIW1Y?tag=eloabder-20&linkCode=osi&th=1&psc=1">View Product</a></div><div class="product"><a href="https://www.amazon.com/dp/B00TUL0GSQ?tag=eloabder-20&linkCode=osi&th=1&psc=1"><img src="https://m.media-amazon.com/images/I/51Z6T-J+UbL._SL500_.jpg" alt="Product Image"></a><p>Schwarzkopf Keratin Color Permanent Hair Color, 4.0 Cappuccino, 1 Application - Professionally Inspired Permanent Hair Dye, for up to 80% Less Breakage vs Untreated Hair and up to 100% Gray Coverage</p><p>$11.89</p><a href="https://www.amazon.com/dp/B00TUL0GSQ?tag=eloabder-20&linkCode=osi&th=1&psc=1">View Product</a></div><div class="product"><a href="https://www.amazon.com/dp/B000KOHSQA?tag=eloabder-20&linkCode=osi&th=1&psc=1"><img src="https://m.media-amazon.com/images/I/51voB2QwdLL._SL500_.jpg" alt="Product Image"></a><p>L'Oreal Paris Couleur Experte 2-Step Home Hair Color and Highlights Kit, French Éclair</p><p>$14.23</p><a href="https://www.amazon.com/dp/B000KOHSQA?tag=eloabder-20&linkCode=osi&th=1&psc=1">View Product</a></div><div class="product"><a href="https://www.amazon.com/dp/B004GZQO8M?tag=eloabder-20&linkCode=osi&th=1&psc=1"><img src="https://m.media-amazon.com/images/I/41gBBUpXqjL._SL500_.jpg" alt="Product Image"></a><p>L'Oreal Paris Excellence Creme Permanent Triple Care Hair Color, 02 Extra Light Natural Blonde, Gray Coverage For Up to 8 Weeks, All Hair Types, Pack of 1</p><p>$10.97</p><a href="https://www.amazon.com/dp/B004GZQO8M?tag=eloabder-20&linkCode=osi&th=1&psc=1">View Product</a></div><div class="product"><a href="https://www.amazon.com/dp/B00006JN4F?tag=eloabder-20&linkCode=osi&th=1&psc=1"><img src="https://m.media-amazon.com/images/I/41jW9Cg-xeL._SL500_.jpg" alt="Product Image"></a><p>L'Oréal Paris Superior Preference Fade-Defying + Shine Permanent Hair Color, LB01 Extra Light Ash Blonde, Hair Dye Kit (Pack of 1)</p><p>$11.97</p><a href="https://www.amazon.com/dp/B00006JN4F?tag=eloabder-20&linkCode=osi&th=1&psc=1">View Product</a></div><div class="product"><a href="https://www.amazon.com/dp/B006ZR8VWG?tag=eloabder-20&linkCode=osi&th=1&psc=1"><img src="https://m.media-amazon.com/images/I/41dNB-WvCHL._SL500_.jpg" alt="Product Image"></a><p>Just For Men Easy Comb-In Color Mens Hair Dye, Easy No Mix Application with Comb Applicator - Real Black, A-55, Pack of 1</p><p>$9.97</p><a href="https://www.amazon.com/dp/B006ZR8VWG?tag=eloabder-20&linkCode=osi&th=1&psc=1">View Product</a></div><div class="product"><a href="https://www.amazon.com/dp/B00TUM9J1U?tag=eloabder-20&linkCode=osi&th=1&psc=1"><img src="https://m.media-amazon.com/images/I/51E1RMofd3L._SL500_.jpg" alt="Product Image"></a><p>Schwarzkopf Keratin Color Permanent Hair Color Cream, 7.5 Caramel Blonde (Packaging May Vary)</p><p>$11.89</p><a href="https://www.amazon.com/dp/B00TUM9J1U?tag=eloabder-20&linkCode=osi&th=1&psc=1">View Product</a></div><div class="product"><a href="https://www.amazon.com/dp/B000KOU7FE?tag=eloabder-20&linkCode=osi&th=1&psc=1"><img src="https://m.media-amazon.com/images/I/51BV0dgoMnL._SL500_.jpg" alt="Product Image"></a><p>L'Oreal Paris Feria Multi-Faceted Shimmering Permanent Hair Color, B61 Downtown Brown (Hi-Lift Cool Brown), Pack of 1, Hair Dye</p><p>$11.97</p><a href="https://www.amazon.com/dp/B000KOU7FE?tag=eloabder-20&linkCode=osi&th=1&psc=1">View Product</a></div><div class="product"><a href="https://www.amazon.com/dp/B0073SBONO?tag=eloabder-20&linkCode=osi&th=1&psc=1"><img src="https://m.media-amazon.com/images/I/41oU31KsEDL._SL500_.jpg" alt="Product Image"></a><p>John Frieda Precision Foam Colour, Blue Black 2A</p><p>$11.92</p><a href="https://www.amazon.com/dp/B0073SBONO?tag=eloabder-20&linkCode=osi&th=1&psc=1">View Product</a></div><div class="product"><a href="https://www.amazon.com/dp/B003AYEGG2?tag=eloabder-20&linkCode=osi&th=1&psc=1"><img src="https://m.media-amazon.com/images/I/510O5FPLsoL._SL500_.jpg" alt="Product Image"></a><p>Clairol Root Touch-Up by Nice'n Easy Permanent Hair Dye, 5 Medium Brown Hair Color, Pack of 2</p><p>$20.43 ($9.29 / Fl Oz)</p><a href="https://www.amazon.com/dp/B003AYEGG2?tag=eloabder-20&linkCode=osi&th=1&psc=1">View Product</a></div>
<div class="product"><a href="https://www.amazon.com/dp/B08H6V3Q5Y?tag=eloabder-20&linkCode=osi&th=1&psc=1"><img src="https://m.media-amazon.com/images/I/41NgYqBP9PL._SL500_.jpg" alt="Product Image"></a><p>Kitsch Elastic Hair Ties for Women - Thick Hair Ties No Damage, Soft Rubber Bands for Hair, Hair Bands for Women's Hair & Ponytail Holders, Hair Elastics, Small Hair Ties for Thick Hair (20pcs, Blush)</p><p>$7.93 ($0.40 / Count)</p><a href="https://www.amazon.com/dp/B08H6V3Q5Y?tag=eloabder-20&linkCode=osi&th=1&psc=1">View Product</a></div><div class="product"><a href="https://www.amazon.com/dp/B07FP3686J?tag=eloabder-20&linkCode=osi&th=1&psc=1"><img src="https://m.media-amazon.com/images/I/51KOSA5dFEL._SL500_.jpg" alt="Product Image"></a><p>Kitsch Spiral Hair Ties for Women - No Crease Hair Coils for Thick and Thin Hair | No Damage Phone Cord Hair Ties, 8pcs (Brunette)</p><p>$7.99 ($1.00 / Count)</p><a href="https://www.amazon.com/dp/B07FP3686J?tag=eloabder-20&linkCode=osi&th=1&psc=1">View Product</a></div><div class="product"><a href="https://www.amazon.com/dp/B0769N355B?tag=eloabder-20&linkCode=osi&th=1&psc=1"><img src="https://m.media-amazon.com/images/I/41fwNvdy+GL._SL500_.jpg" alt="Product Image"></a><p>Kitsch Metal Hair Clip - Large Claw Clips for Thick Hair, Hematite, Cute Women's Hair Accessory, Hair Clips for Long Hair, 1 Count</p><p>$7.99 ($7.99 / Count)</p><a href="https://www.amazon.com/dp/B0769N355B?tag=eloabder-20&linkCode=osi&th=1&psc=1">View Product</a></div><div class="product"><a href="https://www.amazon.com/dp/B005CSYTCU?tag=eloabder-20&linkCode=osi&th=1&psc=1"><img src="https://m.media-amazon.com/images/I/41og7wvl2GL._SL500_.jpg" alt="Product Image"></a><p>GOODY Ouchless Womens Polyband Elastic Hair Tie - 250 Count, Clear - Fine Hair Accessories to Style With Ease and Keep Your Hair Secured - Perfect for Fun and Unique Hairstyles - Pain-Free</p><p>$4.54 ($0.02 / Count)</p><a href="https://www.amazon.com/dp/B005CSYTCU?tag=eloabder-20&linkCode=osi&th=1&psc=1">View Product</a></div><div class="product"><a href="https://www.amazon.com/dp/B009MGKQ0W?tag=eloabder-20&linkCode=osi&th=1&psc=1"><img src="https://m.media-amazon.com/images/I/41pGPMVGZ4L._SL500_.jpg" alt="Product Image"></a><p>GOODY Ouchless Elastic Hair Tie - 50 Count, Neutral Colors - 2MM for Fine to Medium Hair - Pain-Free Hair Accessories for Men, Women, Boys, and Girls - for Long Lasting Braids, Ponytails</p><p>$3.79 ($0.08 / Count)</p><a href="https://www.amazon.com/dp/B009MGKQ0W?tag=eloabder-20&linkCode=osi&th=1&psc=1">View Product</a></div><div class="product"><a href="https://www.amazon.com/dp/B00DIWQDWQ?tag=eloabder-20&linkCode=osi&th=1&psc=1"><img src="https://m.media-amazon.com/images/I/41YEJFomuGL._SL500_.jpg" alt="Product Image"></a><p>Goody Ouchless Comfort Headwraps - 3 Count(Pack of 1), Assorted Made from Fabric that is Soft and Strong for a Comfortable Fit All Hair Types Pain-Free Accessories Women Girls</p><p>$2.98 ($0.99 / Count)</p><a href="https://www.amazon.com/dp/B00DIWQDWQ?tag=eloabder-20&linkCode=osi&th=1&psc=1">View Product</a></div><div class="product"><a href="https://www.amazon.com/dp/B00DKX1A76?tag=eloabder-20&linkCode=osi&th=1&psc=1"><img src="https://m.media-amazon.com/images/I/41VnGCRHhUL._SL500_.jpg" alt="Product Image"></a><p>Goody Hair Barrettes Clips - 8 Count, Assorted Colors - Slideproof and Lock-In Place - Suitable for All Hair Types - Pain-Free Hair Accessories for Men, Women, Boys, and Girls - All Day Comfort</p><p>$4.99 ($0.62 / Count)</p><a href="https://www.amazon.com/dp/B00DKX1A76?tag=eloabder-20&linkCode=osi&th=1&psc=1">View Product</a></div><div class="product"><a href="https://www.amazon.com/dp/B001T8S7SO?tag=eloabder-20&linkCode=osi&th=1&psc=1"><img src="https://m.media-amazon.com/images/I/419yf3bwW5L._SL500_.jpg" alt="Product Image"></a><p>Goody Ouchless Hair Bobby Pins - 50 Count, Metallic Blonde - Slideproof and Lock In Place - Suitable for All Hair Types - Pain-Free Hair Accessories for Women and Girls - All Day Comfort</p><p>$4.79 ($0.10 / Count)</p><a href="https://www.amazon.com/dp/B001T8S7SO?tag=eloabder-20&linkCode=osi&th=1&psc=1">View Product</a></div>
<div class="product"><a href="https://www.amazon.com/dp/B0BK2SC18T?tag=eloabder-20&linkCode=osi&th=1&psc=1"><img src="https://m.media-amazon.com/images/I/51Nxx4BICdL._SL500_.jpg" alt="Product Image"></a><p>GuruNanda Teeth Whitening Strips, 7 Day Treatments, Enamel-Safe Teeth Whitening for Sensitive Teeth, Non-Slip, Dry Strip Technology</p><p>$9.97 ($0.71 / Count)</p><a href="https://www.amazon.com/dp/B0BK2SC18T?tag=eloabder-20&linkCode=osi&th=1&psc=1">View Product</a></div><div class="product"><a href="https://www.amazon.com/dp/B000QXH4PK?tag=eloabder-20&linkCode=osi&th=1&psc=1"><img src="https://m.media-amazon.com/images/I/41SXL+-YzcL._SL500_.jpg" alt="Product Image"></a><p>Listerine Cool Mint Pocketpaks Breath Strips Kills Bad Breath Germs, 24-Strip Pack, 3 Pack</p><p>$5.72 ($0.08 / Count)</p><a href="https://www.amazon.com/dp/B000QXH4PK?tag=eloabder-20&linkCode=osi&th=1&psc=1">View Product</a></div><div class="product"><a href="https://www.amazon.com/dp/B00CC6XSRC?tag=eloabder-20&linkCode=osi&th=1&psc=1"><img src="https://m.media-amazon.com/images/I/41OKKVbMN-L._SL500_.jpg" alt="Product Image"></a><p>Colgate Extra Clean Toothbrush, Medium Bulk Toothbrush Pack, Adult Medium Bristle Toothbrushes with Ergonomic Handle and Circular Cleaning Bristles, Helps Remove Surface Stains, 6 Pack</p><p>$4.96 ($0.83 / Count)</p><a href="https://www.amazon.com/dp/B00CC6XSRC?tag=eloabder-20&linkCode=osi&th=1&psc=1">View Product</a></div><div class="product"><a href="https://www.amazon.com/dp/B091MBD3Q3?tag=eloabder-20&linkCode=osi&th=1&psc=1"><img src="https://m.media-amazon.com/images/I/51y96dNQUfL._SL500_.jpg" alt="Product Image"></a><p>GuruNanda Stainless Steel Tongue Scraper (Pack of 2), Fight Bad Breath, Medical Grade 100% Stainless Steel Tongue Cleaner, Tongue Scraper For Adults and Kids, Great For Oral Care, Travel Friendly</p><p>$4.97 ($2.48 / Count)</p><a href="https://www.amazon.com/dp/B091MBD3Q3?tag=eloabder-20&linkCode=osi&th=1&psc=1">View Product</a></div><div class="product"><a href="https://www.amazon.com/dp/B0758F8KDC?tag=eloabder-20&linkCode=osi&th=1&psc=1"><img src="https://m.media-amazon.com/images/I/51JvxvVlcIL._SL500_.jpg" alt="Product Image"></a><p>TheraBreath Healthy Gums Mouthwash Clean Mint, Antigingivitis, Dentist Formulated, 16 Fl Oz (2-Pack)</p><p>$17.64 ($0.55 / Fl Oz)</p><a href="https://www.amazon.com/dp/B0758F8KDC?tag=eloabder-20&linkCode=osi&th=1&psc=1">View Product</a></div><div class="product"><a href="https://www.amazon.com/dp/B0B2P9YMFG?tag=eloabder-20&linkCode=osi&th=1&psc=1"><img src="https://m.media-amazon.com/images/I/41pSS7wzBYL._SL500_.jpg" alt="Product Image"></a><p>Teeth Whitening Kit Gel Pen Strips - Ollm Specially Formulated for Sensitive Teeth, Gum, Braces Care 32X LED Light Tooth Whitener, Professional Oral Beauty Products Dental Tools 2 Mouth Trays</p><p>$29.99 ($29.99 / Fl Oz)</p><a href="https://www.amazon.com/dp/B0B2P9YMFG?tag=eloabder-20&linkCode=osi&th=1&psc=1">View Product</a></div><div class="product"><a href="https://www.amazon.com/dp/B0BVFXGMLW?tag=eloabder-20&linkCode=osi&th=1&psc=1"><img src="https://m.media-amazon.com/images/I/51yKUfC6wPL._SL500_.jpg" alt="Product Image"></a><p>GuruNanda Coconut Oil Pulling (Mickey D), Fresh Breath & Whitening Mouthwash, 7 Essential Oils & Vitamins for Healthy Teeth & Gums, Alcohol-Free, 8 oz</p><p>$14.99 ($1.87 / Fl Oz)</p><a href="https://www.amazon.com/dp/B0BVFXGMLW?tag=eloabder-20&linkCode=osi&th=1&psc=1">View Product</a></div>
<div class="product"><a href="https://www.amazon.com/dp/B09F8FZ18G?tag=eloabder-20&linkCode=osi&th=1&psc=1"><img src="https://m.media-amazon.com/images/I/51WkgqQXqCL._SL500_.jpg" alt="Product Image"></a><p>Crest 3D White Advanced Luminous Mint Teeth Whitening Toothpaste, 3.7 oz Pack of 4 - Helps Remove Surface Stains, Whitens Teeth, Strengthens Tooth Enamel, Protects Against Cavities</p><p>$14.99 ($1.01 / Ounce)</p><a href="https://www.amazon.com/dp/B09F8FZ18G?tag=eloabder-20&linkCode=osi&th=1&psc=1">View Product</a></div><div class="product"><a href="https://www.amazon.com/dp/B005PLQIQ4?tag=eloabder-20&linkCode=osi&th=1&psc=1"><img src="https://m.media-amazon.com/images/I/51DOyE1fx2L._SL500_.jpg" alt="Product Image"></a><p>Crest + Scope Complete Whitening Toothpaste - Pack of 3, 5.4 Oz Tubes - Anticavity Fluoride Toothpaste - Fresh Breath, Kills Germs - Tartar Protection, Enamel Protection - Minty Fresh Flavor</p><p>$9.00 ($0.56 / Ounce)</p><a href="https://www.amazon.com/dp/B005PLQIQ4?tag=eloabder-20&linkCode=osi&th=1&psc=1">View Product</a></div><div class="product"><a href="https://www.amazon.com/dp/B01BNHREXE?tag=eloabder-20&linkCode=osi&th=1&psc=1"><img src="https://m.media-amazon.com/images/I/41J8piWJzLL._SL500_.jpg" alt="Product Image"></a><p>Colgate Baking Soda & Peroxide Toothpaste - Whitens Teeth, Fights Cavities & Removes Stains, Brisk Mint, 6 Ounce (Pack of 2)</p><p>$3.78 ($0.32 / Ounce)</p><a href="https://www.amazon.com/dp/B01BNHREXE?tag=eloabder-20&linkCode=osi&th=1&psc=1">View Product</a></div><div class="product"><a href="https://www.amazon.com/dp/B0BLX8VSCH?tag=eloabder-20&linkCode=osi&th=1&psc=1"><img src="https://m.media-amazon.com/images/I/61dvpbGDJjL._SL500_.jpg" alt="Product Image"></a><p>Colgate Max Fresh Whitening Toothpaste with Mini Strips, Clean Mint Toothpaste for Bad Breath, Helps Fight Cavities, Whitens Teeth, and Freshens Breath, 6.3 Ounce (Pack of 4)</p><p>$10.65 ($0.42 / Ounce)</p><a href="https://www.amazon.com/dp/B0BLX8VSCH?tag=eloabder-20&linkCode=osi&th=1&psc=1">View Product</a></div><div class="product"><a href="https://www.amazon.com/dp/B082F1QH7S?tag=eloabder-20&linkCode=osi&th=1&psc=1"><img src="https://m.media-amazon.com/images/I/41QujaAN0gL._SL500_.jpg" alt="Product Image"></a><p>Colgate Optic White Advanced Hydrogen Peroxide Toothpaste, Teeth Whitening Toothpaste Pack, Enamel-Safe Formula, Helps Remove Tea, Coffee, and Wine Stains, Sparkling White, 3 Pack, 3.2 oz</p><p>$12.96 ($1.35 / Ounce)</p><a href="https://www.amazon.com/dp/B082F1QH7S?tag=eloabder-20&linkCode=osi&th=1&psc=1">View Product</a></div><div class="product"><a href="https://www.amazon.com/dp/B0BLJ68F9R?tag=eloabder-20&linkCode=osi&th=1&psc=1"><img src="https://m.media-amazon.com/images/I/51ccJX66fBL._SL500_.jpg" alt="Product Image"></a><p>Crest Pro-Health Clean Mint Toothpaste (4.3oz) Triple Pack</p><p>$8.97 ($0.70 / Ounce)</p><a href="https://www.amazon.com/dp/B0BLJ68F9R?tag=eloabder-20&linkCode=osi&th=1&psc=1">View Product</a></div><div class="product"><a href="https://www.amazon.com/dp/B08S8QNW2K?tag=eloabder-20&linkCode=osi&th=1&psc=1"><img src="https://m.media-amazon.com/images/I/51uFURqklfL._SL500_.jpg" alt="Product Image"></a><p>Crest Complete Active Fresh + Whitening Toothpaste, 5.5oz (Pack of 4)</p><p>$10.99 ($0.50 / Ounce)</p><a href="https://www.amazon.com/dp/B08S8QNW2K?tag=eloabder-20&linkCode=osi&th=1&psc=1">View Product</a></div><div class="product"><a href="https://www.amazon.com/dp/B0BTTCFLZ8?tag=eloabder-20&linkCode=osi&th=1&psc=1"><img src="https://m.media-amazon.com/images/I/51NJ5NPUFaL._SL500_.jpg" alt="Product Image"></a><p>Sensodyne Pronamel Gentle Teeth Whitening Enamel Toothpaste for Sensitive Teeth, to Reharden and Strengthen Enamel, Amazon Exclusive, Fresh Mint - 4 Ounces (Pack of 3)</p><p>$17.47 ($1.46 / Ounce)</p><a href="https://www.amazon.com/dp/B0BTTCFLZ8?tag=eloabder-20&linkCode=osi&th=1&psc=1">View Product</a></div><div class="product"><a href="https://www.amazon.com/dp/B0BLWLL3FV?tag=eloabder-20&linkCode=osi&th=1&psc=1"><img src="https://m.media-amazon.com/images/I/51jArmJ-0-L._SL500_.jpg" alt="Product Image"></a><p>Colgate Total Whitening Toothpaste with Fluoride, 10 Benefits Including Sensitivity Relief and Stain Removal, Mint, 5.1 ounces (4 Pack)</p><p>$15.84 ($0.78 / Ounce)</p><a href="https://www.amazon.com/dp/B0BLWLL3FV?tag=eloabder-20&linkCode=osi&th=1&psc=1">View Product</a></div>
<div class="product"><a href="https://www.amazon.com/dp/B00CC6XSRC?tag=eloabder-20&linkCode=osi&th=1&psc=1"><img src="https://m.media-amazon.com/images/I/41OKKVbMN-L._SL500_.jpg" alt="Product Image"></a><p>Colgate Extra Clean Toothbrush, Medium Bulk Toothbrush Pack, Adult Medium Bristle Toothbrushes with Ergonomic Handle and Circular Cleaning Bristles, Helps Remove Surface Stains, 6 Pack</p><p>$4.96 ($0.83 / Count)</p><a href="https://www.amazon.com/dp/B00CC6XSRC?tag=eloabder-20&linkCode=osi&th=1&psc=1">View Product</a></div><div class="product"><a href="https://www.amazon.com/dp/B06XK2M3H3?tag=eloabder-20&linkCode=osi&th=1&psc=1"><img src="https://m.media-amazon.com/images/I/41tntn0c7BL._SL500_.jpg" alt="Product Image"></a><p>Oral-B Vivid Dual Action Whitening Toothbrushes, Soft, 4 Count (Packaging and Product Color May Vary)</p><p>$7.99 ($2.00 / Count)</p><a href="https://www.amazon.com/dp/B06XK2M3H3?tag=eloabder-20&linkCode=osi&th=1&psc=1">View Product</a></div><div class="product"><a href="https://www.amazon.com/dp/B01KZ6V00W?tag=eloabder-20&linkCode=osi&th=1&psc=1"><img src="https://m.media-amazon.com/images/I/51+dIaobkXL._SL500_.jpg" alt="Product Image"></a><p>Oral-B CrossAction All in One Soft Toothbrushes, Deep Plaque Removal, Rounded Bristles Gentle on Teeth, Tongue and Cheek Cleaner, Gum Stimulators, 6 Count</p><p>$17.99 ($3.00 / Count)</p><a href="https://www.amazon.com/dp/B01KZ6V00W?tag=eloabder-20&linkCode=osi&th=1&psc=1">View Product</a></div><div class="product"><a href="https://www.amazon.com/dp/B08QWYMMYL?tag=eloabder-20&linkCode=osi&th=1&psc=1"><img src="https://m.media-amazon.com/images/I/41WAFKNB0iL._SL500_.jpg" alt="Product Image"></a><p>Amazon Basics Clean Plus Toothbrushes, Soft, Full, 10 Count, Assorted Colors (Previously Solimo)</p><p>$5.28 ($0.53 / Count)</p><a href="https://www.amazon.com/dp/B08QWYMMYL?tag=eloabder-20&linkCode=osi&th=1&psc=1">View Product</a></div><div class="product"><a href="https://www.amazon.com/dp/B08JQCZ71B?tag=eloabder-20&linkCode=osi&th=1&psc=1"><img src="https://m.media-amazon.com/images/I/41Zvcj-EvDL._SL500_.jpg" alt="Product Image"></a><p>Reach Essentials Toothbrush with Toothbrush Caps, Multi-Zoned Angled Soft Bristles, Contoured Handle, Tongue Scraper, 6 Count</p><p>$3.98 ($0.66 / Count)</p><a href="https://www.amazon.com/dp/B08JQCZ71B?tag=eloabder-20&linkCode=osi&th=1&psc=1">View Product</a></div><div class="product"><a href="https://www.amazon.com/dp/B09HSS29YD?tag=eloabder-20&linkCode=osi&th=1&psc=1"><img src="https://m.media-amazon.com/images/I/41nh2h+aUpL._SL500_.jpg" alt="Product Image"></a><p>Reach Essentials Toothbrush with Toothbrush Covers, Multi-Angled Medium Bristles, Contoured Handle, Tongue Scraper, 6 Count</p><p>$2.84 ($0.47 / Count)</p><a href="https://www.amazon.com/dp/B09HSS29YD?tag=eloabder-20&linkCode=osi&th=1&psc=1">View Product</a></div><div class="product"><a href="https://www.amazon.com/dp/B073HC7WHW?tag=eloabder-20&linkCode=osi&th=1&psc=1"><img src="https://m.media-amazon.com/images/I/417TOxynbBL._SL500_.jpg" alt="Product Image"></a><p>Oral B Cavity Defense 123 Black Toothbrush � Medium (Pack of 4)</p><p>$5.69 ($1.42 / Count)</p><a href="https://www.amazon.com/dp/B073HC7WHW?tag=eloabder-20&linkCode=osi&th=1&psc=1">View Product</a></div><div class="product"><a href="https://www.amazon.com/dp/B07S9GV83R?tag=eloabder-20&linkCode=osi&th=1&psc=1"><img src="https://m.media-amazon.com/images/I/41ziiRLsaEL._SL500_.jpg" alt="Product Image"></a><p>Colgate 360 Optic White Advanced Whitening Toothbrush, Adult Medium Toothbrush with Whitening Cups, Helps Whiten Teeth and Removes Odor Causing Bacteria, 2 Pack</p><p>$7.96 ($3.98 / Count)</p><a href="https://www.amazon.com/dp/B07S9GV83R?tag=eloabder-20&linkCode=osi&th=1&psc=1">View Product</a></div>
<div class="product"><a href="https://www.amazon.com/dp/B00IRKRK9O?tag=eloabder-20&linkCode=osi&th=1&psc=1"><img src="https://m.media-amazon.com/images/I/51oNh1DLVjL._SL500_.jpg" alt="Product Image"></a><p>TheraBreath Fresh Breath Mouthwash, Icy Mint Flavor, Alcohol-Free, 16 Fl Oz (Pack of 2)</p><p>$15.34 ($0.48 / Fl Oz)</p><a href="https://www.amazon.com/dp/B00IRKRK9O?tag=eloabder-20&linkCode=osi&th=1&psc=1">View Product</a></div><div class="product"><a href="https://www.amazon.com/dp/B0B5Y7KCS8?tag=eloabder-20&linkCode=osi&th=1&psc=1"><img src="https://m.media-amazon.com/images/I/51Dmtgp-2ZL._SL500_.jpg" alt="Product Image"></a><p>Listerine Total Care Anticavity Fluoride Mouthwash, Kills 99.9% of Germs That Cause Bad Breath and Prevents Cavities, Fresh Mint Flavor, 1L (Pack of 2)</p><p>$15.96 ($0.24 / Fl Oz)</p><a href="https://www.amazon.com/dp/B0B5Y7KCS8?tag=eloabder-20&linkCode=osi&th=1&psc=1">View Product</a></div><div class="product"><a href="https://www.amazon.com/dp/B0758F8KDC?tag=eloabder-20&linkCode=osi&th=1&psc=1"><img src="https://m.media-amazon.com/images/I/51JvxvVlcIL._SL500_.jpg" alt="Product Image"></a><p>TheraBreath Healthy Gums Mouthwash Clean Mint, Antigingivitis, Dentist Formulated, 16 Fl Oz (2-Pack)</p><p>$17.64 ($0.55 / Fl Oz)</p><a href="https://www.amazon.com/dp/B0758F8KDC?tag=eloabder-20&linkCode=osi&th=1&psc=1">View Product</a></div><div class="product"><a href="https://www.amazon.com/dp/B003CP12O8?tag=eloabder-20&linkCode=osi&th=1&psc=1"><img src="https://m.media-amazon.com/images/I/41q24Q+sXGL._SL500_.jpg" alt="Product Image"></a><p>Crest Pro Health Multi-Protection Mouthwash with CPC (Cetylpyridinium Chloride), Clean Mint, 1L (33.8 fl oz)</p><p>$4.97 ($0.05 / Fl Oz)</p><a href="https://www.amazon.com/dp/B003CP12O8?tag=eloabder-20&linkCode=osi&th=1&psc=1">View Product</a></div><div class="product"><a href="https://www.amazon.com/dp/B0126XBQK6?tag=eloabder-20&linkCode=osi&th=1&psc=1"><img src="https://m.media-amazon.com/images/I/41nVZBcG4uL._SL500_.jpg" alt="Product Image"></a><p>Crest Pro-Health Advanced Mouthwash, Alcohol Free, Extra Whitening, Energizing Mint Flavor, 946 mL (32 fl oz)</p><p>$7.32 ($0.23 / Fl Oz)</p><a href="https://www.amazon.com/dp/B0126XBQK6?tag=eloabder-20&linkCode=osi&th=1&psc=1">View Product</a></div><div class="product"><a href="https://www.amazon.com/dp/B0C881GLNM?tag=eloabder-20&linkCode=osi&th=1&psc=1"><img src="https://m.media-amazon.com/images/I/51C2ohy2RWL._SL500_.jpg" alt="Product Image"></a><p>Crest Pro-Health Advanced Mouthwash, Alcohol Free, Multi-Protection, Fresh Mint, 1 L (33.8 fl oz), Pack of 2</p><p>$10.97 ($0.16 / Fl Oz)</p><a href="https://www.amazon.com/dp/B0C881GLNM?tag=eloabder-20&linkCode=osi&th=1&psc=1">View Product</a></div><div class="product"><a href="https://www.amazon.com/dp/B001ET76AI?tag=eloabder-20&linkCode=osi&th=1&psc=1"><img src="https://m.media-amazon.com/images/I/516FU3AGpJL._SL500_.jpg" alt="Product Image"></a><p>TheraBreath Fresh Breath Mouthwash, Mild Mint Flavor, Alcohol-Free, 16 Fl Oz (2-Pack)</p><p>$15.34 ($0.48 / Fl Oz)</p><a href="https://www.amazon.com/dp/B001ET76AI?tag=eloabder-20&linkCode=osi&th=1&psc=1">View Product</a></div><div class="product"><a href="https://www.amazon.com/dp/B08MFWB9DY?tag=eloabder-20&linkCode=osi&th=1&psc=1"><img src="https://m.media-amazon.com/images/I/41EFMnoVtWL._SL500_.jpg" alt="Product Image"></a><p>Listerine Cool Mint Mouthwash, Kills 99.9% of Germs That Cause Bad Breath, Plaque and Gingivitis, Antiseptic, Cool Mint Flavor, 1 L (Pack of 2)</p><p>$21.98 ($0.33 / Count)</p><a href="https://www.amazon.com/dp/B08MFWB9DY?tag=eloabder-20&linkCode=osi&th=1&psc=1">View Product</a></div><div class="product"><a href="https://www.amazon.com/dp/B0B5Y2G4HH?tag=eloabder-20&linkCode=osi&th=1&psc=1"><img src="https://m.media-amazon.com/images/I/41KhoumiQGL._SL500_.jpg" alt="Product Image"></a><p>Listerine Freshburst Antiseptic Mouthwash for Bad Breath, Kills 99% of Germs That Cause Bad Breath & Fight Plaque & Gingivitis, ADA Accepted Mouthwash, Spearmint, 1 L, Pack of 2</p><p>$13.96 ($0.21 / Fl Oz)</p><a href="https://www.amazon.com/dp/B0B5Y2G4HH?tag=eloabder-20&linkCode=osi&th=1&psc=1">View Product</a></div><div class="product"><a href="https://www.amazon.com/dp/B09HH94MYJ?tag=eloabder-20&linkCode=osi&th=1&psc=1"><img src="https://m.media-amazon.com/images/I/31TPuTUW1BL._SL500_.jpg" alt="Product Image"></a><p>Amazon Basics Antiseptic Mouthwash, Blue Mint, 1.5 Liters, 50.7 Fluid Ounces, 1-Pack (Previously Solimo)</p><p>$6.09 ($0.12 / Fl Oz)</p><a href="https://www.amazon.com/dp/B09HH94MYJ?tag=eloabder-20&linkCode=osi&th=1&psc=1">View Product</a></div>
<div class="product"><a href="https://www.amazon.com/dp/B07FLBBWJR?tag=eloabder-20&linkCode=osi&th=1&psc=1"><img src="https://m.media-amazon.com/images/I/41MVNonSzDL._SL500_.jpg" alt="Product Image"></a><p>Oral-B Glide Pro-Health Comfort Plus Dental Floss, Mint</p><p>$9.97 ($0.03 / Foot)</p><a href="https://www.amazon.com/dp/B07FLBBWJR?tag=eloabder-20&linkCode=osi&th=1&psc=1">View Product</a></div><div class="product"><a href="https://www.amazon.com/dp/B01KZOTTSO?tag=eloabder-20&linkCode=osi&th=1&psc=1"><img src="https://m.media-amazon.com/images/I/51aVEQyKhgL._SL500_.jpg" alt="Product Image"></a><p>GLIDE Oral-B Pro-Health Mint Deep Clean Floss 6 Count</p><p>$18.99 ($3.16 / Count)</p><a href="https://www.amazon.com/dp/B01KZOTTSO?tag=eloabder-20&linkCode=osi&th=1&psc=1">View Product</a></div><div class="product"><a href="https://www.amazon.com/dp/B013OKRGWW?tag=eloabder-20&linkCode=osi&th=1&psc=1"><img src="https://m.media-amazon.com/images/I/31JQij0qrGL._SL500_.jpg" alt="Product Image"></a><p>Reach 55 YD Floss | Mint Flavored | 1 Pack</p><p>$1.29 ($0.01 / Foot)</p><a href="https://www.amazon.com/dp/B013OKRGWW?tag=eloabder-20&linkCode=osi&th=1&psc=1">View Product</a></div><div class="product"><a href="https://www.amazon.com/dp/B01NBRH9TF?tag=eloabder-20&linkCode=osi&th=1&psc=1"><img src="https://m.media-amazon.com/images/I/410RzkFz3oL._SL500_.jpg" alt="Product Image"></a><p>Oral-B Glide Pro-Health Dental Floss, Deep Clean Cool Mint Flavor, 40 M, 3 Count</p><p>$9.97 ($0.03 / Foot)</p><a href="https://www.amazon.com/dp/B01NBRH9TF?tag=eloabder-20&linkCode=osi&th=1&psc=1">View Product</a></div><div class="product"><a href="https://www.amazon.com/dp/B074F5NNCP?tag=eloabder-20&linkCode=osi&th=1&psc=1"><img src="https://m.media-amazon.com/images/I/41+YagIzDwS._SL500_.jpg" alt="Product Image"></a><p>Oral-B EssentialFloss Cavity Defense Dental Floss, 50 M, 2 Pack</p><p>$4.51</p><a href="https://www.amazon.com/dp/B074F5NNCP?tag=eloabder-20&linkCode=osi&th=1&psc=1">View Product</a></div><div class="product"><a href="https://www.amazon.com/dp/B00FZNMHZS?tag=eloabder-20&linkCode=osi&th=1&psc=1"><img src="https://m.media-amazon.com/images/I/31whYdSykoL._SL500_.jpg" alt="Product Image"></a><p>Johnson & Johnson Reach Mint Waxed Dental Floss, 5 Count</p><p>$9.99 ($0.01 / Foot)</p><a href="https://www.amazon.com/dp/B00FZNMHZS?tag=eloabder-20&linkCode=osi&th=1&psc=1">View Product</a></div><div class="product"><a href="https://www.amazon.com/dp/B003K01BMI?tag=eloabder-20&linkCode=osi&th=1&psc=1"><img src="https://m.media-amazon.com/images/I/41r6iQVxOzL._SL500_.jpg" alt="Product Image"></a><p>DenTek Triple Clean Advanced Clean Floss Picks, No Break & No Shred Floss, 150 Count, (Packaging May Vary)</p><p>$3.69 ($0.02 / Count)</p><a href="https://www.amazon.com/dp/B003K01BMI?tag=eloabder-20&linkCode=osi&th=1&psc=1">View Product</a></div><div class="product"><a href="https://www.amazon.com/dp/B00UB7BO16?tag=eloabder-20&linkCode=osi&th=1&psc=1"><img src="https://m.media-amazon.com/images/I/51JexKE3EDL._SL500_.jpg" alt="Product Image"></a><p>Oral-B Glide Complete with Scope Outlast Mint Flavor Floss Picks 75 Count</p><p>$3.96 ($0.05 / Count)</p><a href="https://www.amazon.com/dp/B00UB7BO16?tag=eloabder-20&linkCode=osi&th=1&psc=1">View Product</a></div><div class="product"><a href="https://www.amazon.com/dp/B00LITWSW0?tag=eloabder-20&linkCode=osi&th=1&psc=1"><img src="https://m.media-amazon.com/images/I/51p+CagT00L._SL500_.jpg" alt="Product Image"></a><p>REACH Listerine Ultraclean Dental Floss 6-Pack, Plaque Remover, Shred Resistant, Waxed, Gentle on Gums & Teeth, Mint, PFAS-Free, Fresh Breath, Oral Care, for Adults & Kids, 180 yds</p><p>$15.26 ($0.03 / Foot)</p><a href="https://www.amazon.com/dp/B00LITWSW0?tag=eloabder-20&linkCode=osi&th=1&psc=1">View Product</a></div><div class="product"><a href="https://www.amazon.com/dp/B013EK49VI?tag=eloabder-20&linkCode=osi&th=1&psc=1"><img src="https://m.media-amazon.com/images/I/316B-6FjwaL._SL500_.jpg" alt="Product Image"></a><p>Reach 200 YD Floss | Mint Flavored | 1 Pack</p><p>$8.04 ($0.01 / Foot)</p><a href="https://www.amazon.com/dp/B013EK49VI?tag=eloabder-20&linkCode=osi&th=1&psc=1">View Product</a></div>
<div class="product"><a href="https://www.amazon.com/dp/B00AHAWWO0?tag=eloabder-20&linkCode=osi&th=1&psc=1"><img src="https://m.media-amazon.com/images/I/51oyVoVAxhL._SL500_.jpg" alt="Product Image"></a><p>Crest 3D Whitestrips, Professional Effects, Teeth Whitening Strip Kit, 44 Strips (22 Count Pack)</p><p>$29.99 ($0.68 / Count)</p><a href="https://www.amazon.com/dp/B00AHAWWO0?tag=eloabder-20&linkCode=osi&th=1&psc=1">View Product</a></div><div class="product"><a href="https://www.amazon.com/dp/B0BK2SC18T?tag=eloabder-20&linkCode=osi&th=1&psc=1"><img src="https://m.media-amazon.com/images/I/51Nxx4BICdL._SL500_.jpg" alt="Product Image"></a><p>GuruNanda Teeth Whitening Strips, 7 Day Treatments, Enamel-Safe Teeth Whitening for Sensitive Teeth, Non-Slip, Dry Strip Technology</p><p>$9.97 ($0.71 / Count)</p><a href="https://www.amazon.com/dp/B0BK2SC18T?tag=eloabder-20&linkCode=osi&th=1&psc=1">View Product</a></div><div class="product"><a href="https://www.amazon.com/dp/B077YCC84H?tag=eloabder-20&linkCode=osi&th=1&psc=1"><img src="https://m.media-amazon.com/images/I/519rYaKNSqL._SL500_.jpg" alt="Product Image"></a><p>Crest 3DWhitestrips Vivid Plus 10 Treatments + 1 Hour Express 2 Treatments Teeth Whitening Kit, 8 Levels Whiter</p><p>$29.95 ($2.50 / Count)</p><a href="https://www.amazon.com/dp/B077YCC84H?tag=eloabder-20&linkCode=osi&th=1&psc=1">View Product</a></div><div class="product"><a href="https://www.amazon.com/dp/B0BVT76MFH?tag=eloabder-20&linkCode=osi&th=1&psc=1"><img src="https://m.media-amazon.com/images/I/41-2mpIWfYL._SL500_.jpg" alt="Product Image"></a><p>Crest 3D Whitestrips Sensitive At-home Teeth Whitening Kit, 18 Treatments, Gently Removes 15 Years of Stains</p><p>$24.08 ($1.34 / Count)</p><a href="https://www.amazon.com/dp/B0BVT76MFH?tag=eloabder-20&linkCode=osi&th=1&psc=1">View Product</a></div><div class="product"><a href="https://www.amazon.com/dp/B0D2QK4SHR?tag=eloabder-20&linkCode=osi&th=1&psc=1"><img src="https://m.media-amazon.com/images/I/51vr+Qqe7wL._SL500_.jpg" alt="Product Image"></a><p>Teeth Whitening Strips, White Strips for Teeth Whitening 28 Strips(14 Treatments)</p><p>$11.98 ($0.43 / Count)</p><a href="https://www.amazon.com/dp/B0D2QK4SHR?tag=eloabder-20&linkCode=osi&th=1&psc=1">View Product</a></div><div class="product"><a href="https://www.amazon.com/dp/B093TSRPQM?tag=eloabder-20&linkCode=osi&th=1&psc=1"><img src="https://m.media-amazon.com/images/I/41kzjHJOD4L._SL500_.jpg" alt="Product Image"></a><p>Lumineux Teeth Whitening Strips 7 Treatments - Enamel Safe - Whitening Without The Sensitivity - Dentist Formulated & Certified Non-Toxic</p><p>$22.99 ($1.64 / Count)</p><a href="https://www.amazon.com/dp/B093TSRPQM?tag=eloabder-20&linkCode=osi&th=1&psc=1">View Product</a></div><div class="product"><a href="https://www.amazon.com/dp/B09M5PXJ86?tag=eloabder-20&linkCode=osi&th=1&psc=1"><img src="https://m.media-amazon.com/images/I/41uTWJZAwmL._SL500_.jpg" alt="Product Image"></a><p>Crest 3D Whitestrips, Professional Effects Plus, Teeth Whitening Strip Kit, 48 Strips (24 Count Pack)</p><p>$36.99 ($1.85 / Count)</p><a href="https://www.amazon.com/dp/B09M5PXJ86?tag=eloabder-20&linkCode=osi&th=1&psc=1">View Product</a></div><div class="product"><a href="https://www.amazon.com/dp/B01INDUUN2?tag=eloabder-20&linkCode=osi&th=1&psc=1"><img src="https://m.media-amazon.com/images/I/41S2GXBKpfL._SL500_.jpg" alt="Product Image"></a><p>Crest 3D Whitestrips, Supreme Flexfit, Teeth Whitening Strip Kit, 42 Strips (21 Count Pack)</p><p>$44.99 ($1.07 / Count)</p><a href="https://www.amazon.com/dp/B01INDUUN2?tag=eloabder-20&linkCode=osi&th=1&psc=1">View Product</a></div><div class="product"><a href="https://www.amazon.com/dp/B07QC8LFQP?tag=eloabder-20&linkCode=osi&th=1&psc=1"><img src="https://m.media-amazon.com/images/I/31v6SZNLDRL._SL500_.jpg" alt="Product Image"></a><p>Zimba Teeth Whitening Strips Vegan Whitening Strip Enamel Safe Teeth Whitening Hydrogen Peroxide Teeth Whitener for Coffee, Wine, Tobacco, and Other Stains, 28 Strips (14 Day Treatment), Mint</p><p>$19.98 ($0.71 / Count)</p><a href="https://www.amazon.com/dp/B07QC8LFQP?tag=eloabder-20&linkCode=osi&th=1&psc=1">View Product</a></div>
<div class="product"><a href="https://www.amazon.com/dp/B0D5FZGY8W?tag=eloabder-20&linkCode=osi&th=1&psc=1"><img src="https://m.media-amazon.com/images/I/51gWW6a+5uL._SL500_.jpg" alt="Product Image"></a><p>URO Vaginal Probiotics for Women pH Balance with Prebiotics & Lactobacillus Probiotic Blend - Women's Vaginal Health Supplement - Promote Healthy Vaginal Odor & Vaginal Flora, 60 Count (Pack of 1)</p><p>$28.79 ($0.48 / Count)</p><a href="https://www.amazon.com/dp/B0D5FZGY8W?tag=eloabder-20&linkCode=osi&th=1&psc=1">View Product</a></div><div class="product"><a href="https://www.amazon.com/dp/B0072K2BMG?tag=eloabder-20&linkCode=osi&th=1&psc=1"><img src="https://m.media-amazon.com/images/I/41jVFfZ76tL._SL500_.jpg" alt="Product Image"></a><p>vH essentials, Ph Balanced Daily Feminine Wash, Tea Tree Oil & Prebiotic, 6, Fl Oz, (Pack Of 1) 54306 Clear</p><p>$6.99 ($1.16 / Fl Oz)</p><a href="https://www.amazon.com/dp/B0072K2BMG?tag=eloabder-20&linkCode=osi&th=1&psc=1">View Product</a></div><div class="product"><a href="https://www.amazon.com/dp/B00J4YWSEE?tag=eloabder-20&linkCode=osi&th=1&psc=1"><img src="https://m.media-amazon.com/images/I/51Kk90SjVhL._SL500_.jpg" alt="Product Image"></a><p>Always Ultra Thin Feminine Pads For Women, Size 2 Long Super Absorbency, With Wings, Unscented, 58 Count</p><p>$10.47 ($0.18 / Count)</p><a href="https://www.amazon.com/dp/B00J4YWSEE?tag=eloabder-20&linkCode=osi&th=1&psc=1">View Product</a></div><div class="product"><a href="https://www.amazon.com/dp/B01MSZJW51?tag=eloabder-20&linkCode=osi&th=1&psc=1"><img src="https://m.media-amazon.com/images/I/51WsOmWSxGL._SL500_.jpg" alt="Product Image"></a><p>Always Infinity Feminine Pads for Women, Size 3, Extra Heavy Flow, with wings, Unscented, 28 count x 3 Packs (84 count total)</p><p>$26.91 ($0.32 / Count)</p><a href="https://www.amazon.com/dp/B01MSZJW51?tag=eloabder-20&linkCode=osi&th=1&psc=1">View Product</a></div><div class="product"><a href="https://www.amazon.com/dp/B003VD5TMM?tag=eloabder-20&linkCode=osi&th=1&psc=1"><img src="https://m.media-amazon.com/images/I/51d-OavJSLL._SL500_.jpg" alt="Product Image"></a><p>Always Thin Daily Panty Liners for Women, Light Absorbency, Unscented, 162 Count (Packaging May Vary)</p><p>$7.97 ($0.05 / Count)</p><a href="https://www.amazon.com/dp/B003VD5TMM?tag=eloabder-20&linkCode=osi&th=1&psc=1">View Product</a></div><div class="product"><a href="https://www.amazon.com/dp/B001LK6XHW?tag=eloabder-20&linkCode=osi&th=1&psc=1"><img src="https://m.media-amazon.com/images/I/51cZd9qSOML._SL500_.jpg" alt="Product Image"></a><p>Tampax Pearl Tampons Super Absorbency, With Leakguard Braid, Unscented, Unscented, 50 Count</p><p>$10.47 ($0.21 / Count)</p><a href="https://www.amazon.com/dp/B001LK6XHW?tag=eloabder-20&linkCode=osi&th=1&psc=1">View Product</a></div><div class="product"><a href="https://www.amazon.com/dp/B0071Q5PL0?tag=eloabder-20&linkCode=osi&th=1&psc=1"><img src="https://m.media-amazon.com/images/I/41YlGBaMJ1L._SL500_.jpg" alt="Product Image"></a><p>VMAGIC by Medicine Mama Organic Vulva Balm – Intimate Skin Care, Menopause Support – Relieves Feminine Dryness, Itching & Irritation – Hormone Free, Vaginal Moisturizer for Women – 2 oz</p><p>$28.97 ($14.48 / Ounce)</p><a href="https://www.amazon.com/dp/B0071Q5PL0?tag=eloabder-20&linkCode=osi&th=1&psc=1">View Product</a></div><div class="product"><a href="https://www.amazon.com/dp/B07NQ5D435?tag=eloabder-20&linkCode=osi&th=1&psc=1"><img src="https://m.media-amazon.com/images/I/51yiMPWfaCL._SL500_.jpg" alt="Product Image"></a><p>Tampax Pearl Plastic Tampons, Ultra Absorbency, 45 Count</p><p>$10.33 ($0.23 / Count)</p><a href="https://www.amazon.com/dp/B07NQ5D435?tag=eloabder-20&linkCode=osi&th=1&psc=1">View Product</a></div><div class="product"><a href="https://www.amazon.com/dp/B096VWYGGL?tag=eloabder-20&linkCode=osi&th=1&psc=1"><img src="https://m.media-amazon.com/images/I/31I-e00MfhL._SL500_.jpg" alt="Product Image"></a><p>Luvena Feminine Wipes - Soft Wet Wipes for Women - Refresh & Resist Odor - Gynecologist Tested - Travel Friendly Cleansing Cloths - Cucumber Scented (25 Count, 1 Pack)</p><p>$9.99 ($0.40 / Count)</p><a href="https://www.amazon.com/dp/B096VWYGGL?tag=eloabder-20&linkCode=osi&th=1&psc=1">View Product</a></div><div class="product"><a href="https://www.amazon.com/dp/B07P5G5KBM?tag=eloabder-20&linkCode=osi&th=1&psc=1"><img src="https://m.media-amazon.com/images/I/41w-j7-06lL._SL500_.jpg" alt="Product Image"></a><p>Summer's Eve Blissful Escape Daily Refreshing Feminine Wipes, Removes Odor, pH balanced, 32 Count</p><p>$3.78 ($0.12 / Count)</p><a href="https://www.amazon.com/dp/B07P5G5KBM?tag=eloabder-20&linkCode=osi&th=1&psc=1">View Product</a></div>
<div class="product"><a href="https://www.amazon.com/dp/B0BPBB21N3?tag=eloabder-20&linkCode=osi&th=1&psc=1"><img src="https://m.media-amazon.com/images/I/516UOTjhpTL._SL500_.jpg" alt="Product Image"></a><p>Tampax Pearl Tampons Trio Pack, with LeakGuard Braid, Regular/Super/Super Plus Absorbency, Unscented, 47 Count</p><p>$10.47 ($0.22 / Count)</p><a href="https://www.amazon.com/dp/B0BPBB21N3?tag=eloabder-20&linkCode=osi&th=1&psc=1">View Product</a></div><div class="product"><a href="https://www.amazon.com/dp/B001LK6XHC?tag=eloabder-20&linkCode=osi&th=1&psc=1"><img src="https://m.media-amazon.com/images/I/51Zlg0d65FL._SL500_.jpg" alt="Product Image"></a><p>Tampax Pearl Tampons Multipack, Light/Regular/Super Absorbency, With Leakguard Braid, Unscented, 47 Count</p><p>$10.47 ($0.22 / Count)</p><a href="https://www.amazon.com/dp/B001LK6XHC?tag=eloabder-20&linkCode=osi&th=1&psc=1">View Product</a></div><div class="product"><a href="https://www.amazon.com/dp/B083M24HGP?tag=eloabder-20&linkCode=osi&th=1&psc=1"><img src="https://m.media-amazon.com/images/I/41LYo-1WtnL._SL500_.jpg" alt="Product Image"></a><p>U by Kotex Click Compact Multipack Tampons, Regular/Super Absorbency, Unscented, 45 Count</p><p>$9.97 ($0.22 / Count)</p><a href="https://www.amazon.com/dp/B083M24HGP?tag=eloabder-20&linkCode=osi&th=1&psc=1">View Product</a></div><div class="product"><a href="https://www.amazon.com/dp/B0BP9CJHB6?tag=eloabder-20&linkCode=osi&th=1&psc=1"><img src="https://m.media-amazon.com/images/I/51CNDeFETBL._SL500_.jpg" alt="Product Image"></a><p>L. Organic Cotton Tampons Multipack - Regular + Super 42 Count x 2 Packs (84 Count Total) (Packaging May Vary)</p><p>$22.94 ($0.27 / Count)</p><a href="https://www.amazon.com/dp/B0BP9CJHB6?tag=eloabder-20&linkCode=osi&th=1&psc=1">View Product</a></div><div class="product"><a href="https://www.amazon.com/dp/B0B33HDMQ3?tag=eloabder-20&linkCode=osi&th=1&psc=1"><img src="https://m.media-amazon.com/images/I/418INeDksLL._SL500_.jpg" alt="Product Image"></a><p>Tampax Radiant Tampons Multipack, Regular/Super Absorbency, with Leakguard Braid, Unscented, 28 Count x 3 Packs (84 Count Total)</p><p>$22.24 ($0.26 / Count)</p><a href="https://www.amazon.com/dp/B0B33HDMQ3?tag=eloabder-20&linkCode=osi&th=1&psc=1">View Product</a></div><div class="product"><a href="https://www.amazon.com/dp/B077NHF4FS?tag=eloabder-20&linkCode=osi&th=1&psc=1"><img src="https://m.media-amazon.com/images/I/51oCPmCaG2L._SL500_.jpg" alt="Product Image"></a><p>Tampax Radiant Tampons Multipack, Regular/Super/Super Plus Absorbency, With Leakguard Braid, Unscented, 28 Count X 4 Packs (112 Count Total)</p><p>$31.88 ($0.28 / Count)</p><a href="https://www.amazon.com/dp/B077NHF4FS?tag=eloabder-20&linkCode=osi&th=1&psc=1">View Product</a></div><div class="product"><a href="https://www.amazon.com/dp/B001LK6XHW?tag=eloabder-20&linkCode=osi&th=1&psc=1"><img src="https://m.media-amazon.com/images/I/51cZd9qSOML._SL500_.jpg" alt="Product Image"></a><p>Tampax Pearl Tampons Super Absorbency, With Leakguard Braid, Unscented, Unscented, 50 Count</p><p>$10.47 ($0.21 / Count)</p><a href="https://www.amazon.com/dp/B001LK6XHW?tag=eloabder-20&linkCode=osi&th=1&psc=1">View Product</a></div><div class="product"><a href="https://www.amazon.com/dp/B08L4NV4XN?tag=eloabder-20&linkCode=osi&th=1&psc=1"><img src="https://m.media-amazon.com/images/I/41UIKEC0dUL._SL500_.jpg" alt="Product Image"></a><p>Playtex Sport Tampons, Regular Absorbency, Fragrance-Free - 48ct (Packaging May Vary)</p><p>$9.97 ($0.21 / Count)</p><a href="https://www.amazon.com/dp/B08L4NV4XN?tag=eloabder-20&linkCode=osi&th=1&psc=1">View Product</a></div>
<div class="product"><a href="https://www.amazon.com/dp/B01IZ5FDNA?tag=eloabder-20&linkCode=osi&th=1&psc=1"><img src="https://m.media-amazon.com/images/I/51EuvaPNa7L._SL500_.jpg" alt="Product Image"></a><p>Always Ultra Thin Feminine Pads with Wings for Women, Super Absorbency, Unscented, Size 2, 126 Count</p><p>$19.42 ($0.15 / Count)</p><a href="https://www.amazon.com/dp/B01IZ5FDNA?tag=eloabder-20&linkCode=osi&th=1&psc=1">View Product</a></div><div class="product"><a href="https://www.amazon.com/dp/B071VBZLPX?tag=eloabder-20&linkCode=osi&th=1&psc=1"><img src="https://m.media-amazon.com/images/I/41ToTzFFC3L._SL500_.jpg" alt="Product Image"></a><p>Rael Pads For Women, Organic Cotton Cover Pads - Regular Absorbency, Unscented, Ultra Thin Pads with Wings for Women (Regular, 56 Total)</p><p>$21.99 ($0.39 / Count)</p><a href="https://www.amazon.com/dp/B071VBZLPX?tag=eloabder-20&linkCode=osi&th=1&psc=1">View Product</a></div><div class="product"><a href="https://www.amazon.com/dp/B01M1BLRC1?tag=eloabder-20&linkCode=osi&th=1&psc=1"><img src="https://m.media-amazon.com/images/I/51-XQGHg6iL._SL500_.jpg" alt="Product Image"></a><p>Always Maxi Overnight Pads with Wings, Size 5, Extra Heavy Overnight, Unscented, 36 Count</p><p>$10.47 ($0.29 / Count)</p><a href="https://www.amazon.com/dp/B01M1BLRC1?tag=eloabder-20&linkCode=osi&th=1&psc=1">View Product</a></div><div class="product"><a href="https://www.amazon.com/dp/B00J7L59K4?tag=eloabder-20&linkCode=osi&th=1&psc=1"><img src="https://m.media-amazon.com/images/I/51RFrS-bZYL._SL500_.jpg" alt="Product Image"></a><p>Always Infinity Feminine Pads for Women, Size 2 Regular, with wings, unscented, 46ct</p><p>$11.47 ($0.25 / Count)</p><a href="https://www.amazon.com/dp/B00J7L59K4?tag=eloabder-20&linkCode=osi&th=1&psc=1">View Product</a></div><div class="product"><a href="https://www.amazon.com/dp/B0BLGS1PPD?tag=eloabder-20&linkCode=osi&th=1&psc=1"><img src="https://m.media-amazon.com/images/I/41OrVZiAEbL._SL500_.jpg" alt="Product Image"></a><p>U by Kotex Balance Ultra Thin Pads with Wings, Heavy Absorbency, 46 Count (Packaging May Vary)</p><p>$9.97 ($0.22 / Count)</p><a href="https://www.amazon.com/dp/B0BLGS1PPD?tag=eloabder-20&linkCode=osi&th=1&psc=1">View Product</a></div><div class="product"><a href="https://www.amazon.com/dp/B01MSZJW51?tag=eloabder-20&linkCode=osi&th=1&psc=1"><img src="https://m.media-amazon.com/images/I/51WsOmWSxGL._SL500_.jpg" alt="Product Image"></a><p>Always Infinity Feminine Pads for Women, Size 3, Extra Heavy Flow, with wings, Unscented, 28 count x 3 Packs (84 count total)</p><p>$26.91 ($0.32 / Count)</p><a href="https://www.amazon.com/dp/B01MSZJW51?tag=eloabder-20&linkCode=osi&th=1&psc=1">View Product</a></div><div class="product"><a href="https://www.amazon.com/dp/B06XRW75WZ?tag=eloabder-20&linkCode=osi&th=1&psc=1"><img src="https://m.media-amazon.com/images/I/51vVAtqZB8L._SL500_.jpg" alt="Product Image"></a><p>Always Ultra Thin Feminine Pads for Women, Size 5, Extra Heavy, Overnight Absorbency with Wings, 46 Count x 2 Packs (92 Count Total)</p><p>$20.94 ($0.23 / Count)</p><a href="https://www.amazon.com/dp/B06XRW75WZ?tag=eloabder-20&linkCode=osi&th=1&psc=1">View Product</a></div><div class="product"><a href="https://www.amazon.com/dp/B0BSR94ZQ5?tag=eloabder-20&linkCode=osi&th=1&psc=1"><img src="https://m.media-amazon.com/images/I/51qrXgAEO+L._SL500_.jpg" alt="Product Image"></a><p>Always Radiant Teen Feminine Pads with FlexFoam, Size 1, Regular, with Wings, Unscented, 42 CT</p><p>$11.47 ($0.27 / Count)</p><a href="https://www.amazon.com/dp/B0BSR94ZQ5?tag=eloabder-20&linkCode=osi&th=1&psc=1">View Product</a></div>
<div class="product"><a href="https://www.amazon.com/dp/B08246VY1T?tag=eloabder-20&linkCode=osi&th=1&psc=1"><img src="https://m.media-amazon.com/images/I/41dopXKKhCL._SL500_.jpg" alt="Product Image"></a><p>SHORDY Reusable Menstrual Cup (Small & Large) Set of 2 with Box, 100% Soft Silicone, Copa Menstruelle, Period Cup, Heavy & Light Flow, Feminine Hygiene, Tampons, Pads & Disc Alternative for Women</p><p>$12.97</p><a href="https://www.amazon.com/dp/B08246VY1T?tag=eloabder-20&linkCode=osi&th=1&psc=1">View Product</a></div><div class="product"><a href="https://www.amazon.com/dp/B086JBZW48?tag=eloabder-20&linkCode=osi&th=1&psc=1"><img src="https://m.media-amazon.com/images/I/419mX5-k8XL._SL500_.jpg" alt="Product Image"></a><p>EcoBlossom Reusable Menstrual Cup Set - The Most Reliable Medical Grade Silicone Period Cups - Comfortably use for 12 Hours (Small & Large)</p><p>$14.99 ($7.50 / Count)</p><a href="https://www.amazon.com/dp/B086JBZW48?tag=eloabder-20&linkCode=osi&th=1&psc=1">View Product</a></div><div class="product"><a href="https://www.amazon.com/dp/B000X29GY6?tag=eloabder-20&linkCode=osi&th=1&psc=1"><img src="https://m.media-amazon.com/images/I/31-khSMUfFL._SL500_.jpg" alt="Product Image"></a><p>Softdisc Menstrual Discs | Disposable Period Discs | Tampon, Pad, and Cup Alternative | Capacity of 3 Super Tampons | HSA or FSA Eligible | 14 Count</p><p>$14.99 ($1.07 / Count)</p><a href="https://www.amazon.com/dp/B000X29GY6?tag=eloabder-20&linkCode=osi&th=1&psc=1">View Product</a></div><div class="product"><a href="https://www.amazon.com/dp/B0CY2QM3Q3?tag=eloabder-20&linkCode=osi&th=1&psc=1"><img src="https://m.media-amazon.com/images/I/41GsZ8ifixL._SL500_.jpg" alt="Product Image"></a><p>Reusable Menstrual Cup with Sterilizing Cup | Tampon, Pad, and Disc Alternative</p><p>$9.99</p><a href="https://www.amazon.com/dp/B0CY2QM3Q3?tag=eloabder-20&linkCode=osi&th=1&psc=1">View Product</a></div><div class="product"><a href="https://www.amazon.com/dp/B019632Z0E?tag=eloabder-20&linkCode=osi&th=1&psc=1"><img src="https://m.media-amazon.com/images/I/41q2-srqXeL._SL500_.jpg" alt="Product Image"></a><p>Pixie Menstrual Cup - No Metals or Toxins - 100% Medical-Grade Silicone - Ranked 1 for The Most Soft Reusable Period Cup - Wear 12 Hours - Tampon Alternative - Buy One We Give One (Small)</p><p>$19.95 ($19.95 / Count)</p><a href="https://www.amazon.com/dp/B019632Z0E?tag=eloabder-20&linkCode=osi&th=1&psc=1">View Product</a></div><div class="product"><a href="https://www.amazon.com/dp/B00PBJFA3M?tag=eloabder-20&linkCode=osi&th=1&psc=1"><img src="https://m.media-amazon.com/images/I/419ZiBlxCoL._SL500_.jpg" alt="Product Image"></a><p>Dutchess Menstrual Cup - Reusable, Soft, Medical-Grade Silicone Period Cups - Easy to Clean Tampon and Pad Alternative, Pink & Purple, Small, Pack of 2</p><p>$11.99 ($6.00 / Count)</p><a href="https://www.amazon.com/dp/B00PBJFA3M?tag=eloabder-20&linkCode=osi&th=1&psc=1">View Product</a></div><div class="product"><a href="https://www.amazon.com/dp/B07KGZ9NMV?tag=eloabder-20&linkCode=osi&th=1&psc=1"><img src="https://m.media-amazon.com/images/I/315AakWBfEL._SL500_.jpg" alt="Product Image"></a><p>DIVA Cup - Medical Grade Silicone Cup for Period Care - Reusable Menstrual Cup - Up to 12 Hours of Continuous Wear - Model 0 (For Slim Vaginal Canals & First-Time Users)</p><p>$34.99</p><a href="https://www.amazon.com/dp/B07KGZ9NMV?tag=eloabder-20&linkCode=osi&th=1&psc=1">View Product</a></div><div class="product"><a href="https://www.amazon.com/dp/B07ML547TW?tag=eloabder-20&linkCode=osi&th=1&psc=1"><img src="https://m.media-amazon.com/images/I/51v14asRLmL._SL500_.jpg" alt="Product Image"></a><p>Pixie Menstrual Cup Kit - No Metals or Toxins - 100% Medical-Grade Silicone - Best Period Cup Starter Kit - Proven to Be What You Need to Become A Successful Cup User - Tampon Alternative</p><p>$39.95</p><a href="https://www.amazon.com/dp/B07ML547TW?tag=eloabder-20&linkCode=osi&th=1&psc=1">View Product</a></div>
<div class="product"><a href="https://www.amazon.com/dp/B003VD5TMM?tag=eloabder-20&linkCode=osi&th=1&psc=1"><img src="https://m.media-amazon.com/images/I/51d-OavJSLL._SL500_.jpg" alt="Product Image"></a><p>Always Thin Daily Panty Liners for Women, Light Absorbency, Unscented, 162 Count (Packaging May Vary)</p><p>$7.97 ($0.05 / Count)</p><a href="https://www.amazon.com/dp/B003VD5TMM?tag=eloabder-20&linkCode=osi&th=1&psc=1">View Product</a></div><div class="product"><a href="https://www.amazon.com/dp/B01ARVVTYW?tag=eloabder-20&linkCode=osi&th=1&psc=1"><img src="https://m.media-amazon.com/images/I/41x8sgpA-CL._SL500_.jpg" alt="Product Image"></a><p>Carefree Panty Liners for Women, Regular, Wrapped, Unscented, 54ct | Pantiliners, Carefree Liners, Daily Liners for Women, Light Periods and Leaks, 8-Hour Odor Control | 54ct (Packaging May Vary)</p><p>$3.35 ($0.06 / Count)</p><a href="https://www.amazon.com/dp/B01ARVVTYW?tag=eloabder-20&linkCode=osi&th=1&psc=1">View Product</a></div><div class="product"><a href="https://www.amazon.com/dp/B00NJNJ6O6?tag=eloabder-20&linkCode=osi&th=1&psc=1"><img src="https://m.media-amazon.com/images/I/41J8A9AcBLL._SL500_.jpg" alt="Product Image"></a><p>Carefree Panty Liners for Women, Regular, Unwrapped, Unscented, 120ct | Pantiliners, Carefree Liners, Daily Liners for Women, Light Periods and Leaks, 8-Hour Odor Control | 120ct (Packaging May Vary)</p><p>$6.14 ($0.05 / Count)</p><a href="https://www.amazon.com/dp/B00NJNJ6O6?tag=eloabder-20&linkCode=osi&th=1&psc=1">View Product</a></div><div class="product"><a href="https://www.amazon.com/dp/B008HQ8M6I?tag=eloabder-20&linkCode=osi&th=1&psc=1"><img src="https://m.media-amazon.com/images/I/51HCRcpyknL._SL500_.jpg" alt="Product Image"></a><p>Always Anti-Bunch Xtra Protection Daily Liners Long Unscented, Anti Bunch Helps You Feel Comfortable, 108 Count (Packaging May Vary)</p><p>$7.97 ($0.07 / Count)</p><a href="https://www.amazon.com/dp/B008HQ8M6I?tag=eloabder-20&linkCode=osi&th=1&psc=1">View Product</a></div><div class="product"><a href="https://www.amazon.com/dp/B012P5FW8C?tag=eloabder-20&linkCode=osi&th=1&psc=1"><img src="https://m.media-amazon.com/images/I/512HZAOgUAL._SL500_.jpg" alt="Product Image"></a><p>Always Radiant Daily Feminine Panty Liners For Women, Regular Absorbency, Unscented, 96 Count(Pack of 1)</p><p>$7.97 ($0.08 / Count)</p><a href="https://www.amazon.com/dp/B012P5FW8C?tag=eloabder-20&linkCode=osi&th=1&psc=1">View Product</a></div><div class="product"><a href="https://www.amazon.com/dp/B09B7L2BLJ?tag=eloabder-20&linkCode=osi&th=1&psc=1"><img src="https://m.media-amazon.com/images/I/41bYzfjWpDL._SL500_.jpg" alt="Product Image"></a><p>Amazon Basics Daily Pantiliner, Regular Length, Unscented, 50 Count, 1 Pack (Previously Solimo)</p><p>$2.91 ($0.06 / Count)</p><a href="https://www.amazon.com/dp/B09B7L2BLJ?tag=eloabder-20&linkCode=osi&th=1&psc=1">View Product</a></div><div class="product"><a href="https://www.amazon.com/dp/B07258JQ9M?tag=eloabder-20&linkCode=osi&th=1&psc=1"><img src="https://m.media-amazon.com/images/I/41NqCq9cgQL._SL500_.jpg" alt="Product Image"></a><p>Rael Panty Liners for Women, Organic Cotton Cover - Regular Pantiliners, Light Absorbency, Unscented, Chlorine Free (Regular, 44 Count)</p><p>$8.99 ($0.20 / Count)</p><a href="https://www.amazon.com/dp/B07258JQ9M?tag=eloabder-20&linkCode=osi&th=1&psc=1">View Product</a></div><div class="product"><a href="https://www.amazon.com/dp/B07C99C39S?tag=eloabder-20&linkCode=osi&th=1&psc=1"><img src="https://m.media-amazon.com/images/I/41lpBT8CpyL._SL500_.jpg" alt="Product Image"></a><p>U by Kotex Clean & Secure Panty Liners, Light Absorbency, Long Length, 126 Count (Packaging May Vary)</p><p>$6.45 ($0.05 / Count)</p><a href="https://www.amazon.com/dp/B07C99C39S?tag=eloabder-20&linkCode=osi&th=1&psc=1">View Product</a></div><div class="product"><a href="https://www.amazon.com/dp/B01N15BQDY?tag=eloabder-20&linkCode=osi&th=1&psc=1"><img src="https://m.media-amazon.com/images/I/51nwSuaX6QL._SL500_.jpg" alt="Product Image"></a><p>Always Anti-Bunch Xtra Protection, Panty Liners for Women, Extra Long Length, Unscented, 92 Count (Pack of 4) (368 Count) (Packaging May Vary)</p><p>$31.96 ($0.09 / Count)</p><a href="https://www.amazon.com/dp/B01N15BQDY?tag=eloabder-20&linkCode=osi&th=1&psc=1">View Product</a></div><div class="product"><a href="https://www.amazon.com/dp/B0BZX683ZT?tag=eloabder-20&linkCode=osi&th=1&psc=1"><img src="https://m.media-amazon.com/images/I/41+oTyplgjL._SL500_.jpg" alt="Product Image"></a><p>L. Pure Cotton Topsheet Panty Liners for Women, Regular Absorbency, Panty Liners Unscented, Chlorine Free, 100 Count x 2 Packs (200 Count Total)</p><p>$17.98 ($0.09 / Count)</p><a href="https://www.amazon.com/dp/B0BZX683ZT?tag=eloabder-20&linkCode=osi&th=1&psc=1">View Product</a></div>
<div class="product"><a href="https://www.amazon.com/dp/B0765Z528G?tag=eloabder-20&linkCode=osi&th=1&psc=1"><img src="https://m.media-amazon.com/images/I/41Ii3EfQQoL._SL500_.jpg" alt="Product Image"></a><p>Summer's Eve Sheer Floral Daily Refreshing Feminine Wipes, Removes Odor, pH balanced, 32 Count, 4 Pack</p><p>$15.16 ($0.12 / Count)</p><a href="https://www.amazon.com/dp/B0765Z528G?tag=eloabder-20&linkCode=osi&th=1&psc=1">View Product</a></div><div class="product"><a href="https://www.amazon.com/dp/B0CQRXF7RT?tag=eloabder-20&linkCode=osi&th=1&psc=1"><img src="https://m.media-amazon.com/images/I/51kC66EkGxL._SL500_.jpg" alt="Product Image"></a><p>Summer's Eve Blissful Escape Daily Refreshing Feminine Wipes, Removes Odor, pH Balanced, 12 Count, 1 Pack</p><p>$1.99 ($0.17 / Count)</p><a href="https://www.amazon.com/dp/B0CQRXF7RT?tag=eloabder-20&linkCode=osi&th=1&psc=1">View Product</a></div><div class="product"><a href="https://www.amazon.com/dp/B08S4L177D?tag=eloabder-20&linkCode=osi&th=1&psc=1"><img src="https://m.media-amazon.com/images/I/31aAMYTKfsL._SL500_.jpg" alt="Product Image"></a><p>Amazon Basics Feminine Hygiene Wipes, Alcohol Free, pH Balanced, Gynecologist Tested, Fresh Scent, 168 Count (4 Packs of 42)</p><p>$12.47 ($0.07 / Count)</p><a href="https://www.amazon.com/dp/B08S4L177D?tag=eloabder-20&linkCode=osi&th=1&psc=1">View Product</a></div><div class="product"><a href="https://www.amazon.com/dp/B078JG7HWT?tag=eloabder-20&linkCode=osi&th=1&psc=1"><img src="https://m.media-amazon.com/images/I/31xeOLgbUdL._SL500_.jpg" alt="Product Image"></a><p>The Honey Pot Company - Feminine Wipes - Daily PH Balancing, Fragrance & Sulfate Free Wipes for Intimate Parts, Body, or Face - Feminine Products - Sensitive 30 ct.</p><p>$9.99 ($0.33 / Count)</p><a href="https://www.amazon.com/dp/B078JG7HWT?tag=eloabder-20&linkCode=osi&th=1&psc=1">View Product</a></div><div class="product"><a href="https://www.amazon.com/dp/B0CLWTMBBC?tag=eloabder-20&linkCode=osi&th=1&psc=1"><img src="https://m.media-amazon.com/images/I/41zMMgl81hL._SL500_.jpg" alt="Product Image"></a><p>Summer's Eve, Ultimate Odor Control, Daily Feminine Wipes with Boric Acid, Removes Odor, On-the-go Body Wipes with pH Balance, 12 ct</p><p>$2.48 ($0.21 / Count)</p><a href="https://www.amazon.com/dp/B0CLWTMBBC?tag=eloabder-20&linkCode=osi&th=1&psc=1">View Product</a></div><div class="product"><a href="https://www.amazon.com/dp/B0D1KXV9ZS?tag=eloabder-20&linkCode=osi&th=1&psc=1"><img src="https://m.media-amazon.com/images/I/311Liu9BWoL._SL500_.jpg" alt="Product Image"></a><p>Vagisil pH Balance Daily Freshening Wipes for Feminine Hygiene in Resealable Pouch, Gynecologist Tested & Hypoallergenic, 20 Wipes (Pack of 1)</p><p>$2.97 ($0.15 / Count)</p><a href="https://www.amazon.com/dp/B0D1KXV9ZS?tag=eloabder-20&linkCode=osi&th=1&psc=1">View Product</a></div><div class="product"><a href="https://www.amazon.com/dp/B001MIZ694?tag=eloabder-20&linkCode=osi&th=1&psc=1"><img src="https://m.media-amazon.com/images/I/41bhj0jHYEL._SL500_.jpg" alt="Product Image"></a><p>Vagisil Wipes, Anti-Itch Medicated Feminine Vaginal Wipes, Maximum Strength, Instant Relief, 20 Wipes (Pack of 3)</p><p>$18.21 ($0.30 / Count)</p><a href="https://www.amazon.com/dp/B001MIZ694?tag=eloabder-20&linkCode=osi&th=1&psc=1">View Product</a></div><div class="product"><a href="https://www.amazon.com/dp/B01FV02YZ2?tag=eloabder-20&linkCode=osi&th=1&psc=1"><img src="https://m.media-amazon.com/images/I/41mq0T4rupL._SL500_.jpg" alt="Product Image"></a><p>Always Feminine Wipes, Fresh & Clean, Soft Pack, 32 Count</p><p>$6.49 ($0.20 / Count)</p><a href="https://www.amazon.com/dp/B01FV02YZ2?tag=eloabder-20&linkCode=osi&th=1&psc=1">View Product</a></div><div class="product"><a href="https://www.amazon.com/dp/B0CSG7FJ87?tag=eloabder-20&linkCode=osi&th=1&psc=1"><img src="https://m.media-amazon.com/images/I/41Ioi8R2VHL._SL500_.jpg" alt="Product Image"></a><p>vH essentials Feminine Cleansing Wipes - pH Balanced, Prebiotics, Tea Tree & Aloe, Soothing Witch Hazel, Odor-Blocking Formula, Vaginal and Perianal Care, Paraben, Alcohol, and Fragrance-Free</p><p>$4.99</p><a href="https://www.amazon.com/dp/B0CSG7FJ87?tag=eloabder-20&linkCode=osi&th=1&psc=1">View Product</a></div><div class="product"><a href="https://www.amazon.com/dp/B078RYNNPS?tag=eloabder-20&linkCode=osi&th=1&psc=1"><img src="https://m.media-amazon.com/images/I/41ffrk1LoDL._SL500_.jpg" alt="Product Image"></a><p>Rael Feminine Wipes, Flushable Wipes pH Balanced - Travel Size, All Skin Types, Paraben Free, Daily Use (10 Count, Pack of 3)</p><p>$9.99 ($0.33 / Count)</p><a href="https://www.amazon.com/dp/B078RYNNPS?tag=eloabder-20&linkCode=osi&th=1&psc=1">View Product</a></div>
<div class="product"><a href="https://www.amazon.com/dp/B0735Q681B?tag=eloabder-20&linkCode=osi&th=1&psc=1"><img src="https://m.media-amazon.com/images/I/41GSnrtq3-L._SL500_.jpg" alt="Product Image"></a><p>SKYN Elite – 36 Count – Ultra-Thin, Lubricated Latex-Free Condoms</p><p>$16.97 ($0.47 / Count)</p><a href="https://www.amazon.com/dp/B0735Q681B?tag=eloabder-20&linkCode=osi&th=1&psc=1">View Product</a></div><div class="product"><a href="https://www.amazon.com/dp/B0073RKL2U?tag=eloabder-20&linkCode=osi&th=1&psc=1"><img src="https://m.media-amazon.com/images/I/51sxGCFULDL._SL500_.jpg" alt="Product Image"></a><p>TROJAN Pleasure Pack Assorted Condoms, Lubricated Condoms Value Pack, 36 Count</p><p>$15.99 ($0.44 / Count)</p><a href="https://www.amazon.com/dp/B0073RKL2U?tag=eloabder-20&linkCode=osi&th=1&psc=1">View Product</a></div><div class="product"><a href="https://www.amazon.com/dp/B0946VTR1Y?tag=eloabder-20&linkCode=osi&th=1&psc=1"><img src="https://m.media-amazon.com/images/I/41VsQAsg3DL._SL500_.jpg" alt="Product Image"></a><p>TROJAN BareSkin Raw Thin Condoms, Lubricated Condoms For Men, America’s Number One Condom Brand, 24 Count Pack</p><p>$17.42 ($0.73 / Count)</p><a href="https://www.amazon.com/dp/B0946VTR1Y?tag=eloabder-20&linkCode=osi&th=1&psc=1">View Product</a></div><div class="product"><a href="https://www.amazon.com/dp/B0083HLPLA?tag=eloabder-20&linkCode=osi&th=1&psc=1"><img src="https://m.media-amazon.com/images/I/51EQMHCwVYL._SL500_.jpg" alt="Product Image"></a><p>TROJAN Magnum Lubricated Large Condoms, Comfortable and Smooth Lubricated Condoms for Men, America’s Number One Condom, 36 Count Pack</p><p>$14.99 ($0.42 / Count)</p><a href="https://www.amazon.com/dp/B0083HLPLA?tag=eloabder-20&linkCode=osi&th=1&psc=1">View Product</a></div><div class="product"><a href="https://www.amazon.com/dp/B09TQ6P9YT?tag=eloabder-20&linkCode=osi&th=1&psc=1"><img src="https://m.media-amazon.com/images/I/41IB12G0cSL._SL500_.jpg" alt="Product Image"></a><p>SKYN Selection Non-Latex Condoms - Contains SKYN Elite, Original, Excitation, Extra Lube, Condoms, 36 Count</p><p>$15.99 ($0.44 / Count)</p><a href="https://www.amazon.com/dp/B09TQ6P9YT?tag=eloabder-20&linkCode=osi&th=1&psc=1">View Product</a></div><div class="product"><a href="https://www.amazon.com/dp/B0073RAL3O?tag=eloabder-20&linkCode=osi&th=1&psc=1"><img src="https://m.media-amazon.com/images/I/51rs86y3KtL._SL500_.jpg" alt="Product Image"></a><p>Trojan Ultra Ribbed Condoms For Ultra Stimulation, 36 Count, 1 Pack</p><p>$15.47 ($0.43 / Count)</p><a href="https://www.amazon.com/dp/B0073RAL3O?tag=eloabder-20&linkCode=osi&th=1&psc=1">View Product</a></div><div class="product"><a href="https://www.amazon.com/dp/B004WDRCTI?tag=eloabder-20&linkCode=osi&th=1&psc=1"><img src="https://m.media-amazon.com/images/I/51arxJlXsUL._SL500_.jpg" alt="Product Image"></a><p>TROJAN EXTENDED PLEASURE Climax Control Extended Pleasure Condoms, 12 Count</p><p>$7.98 ($0.66 / Count)</p><a href="https://www.amazon.com/dp/B004WDRCTI?tag=eloabder-20&linkCode=osi&th=1&psc=1">View Product</a></div><div class="product"><a href="https://www.amazon.com/dp/B01LNH759W?tag=eloabder-20&linkCode=osi&th=1&psc=1"><img src="https://m.media-amazon.com/images/I/41shT4F1IyL._SL500_.jpg" alt="Product Image"></a><p>TROJAN Magnum BareSkin Premium Large Condoms, Comfortable and Smooth Lubricated Condoms for Men, America’s Number One Condom, 24 Count Value Pack</p><p>$15.97 ($0.67 / Count)</p><a href="https://www.amazon.com/dp/B01LNH759W?tag=eloabder-20&linkCode=osi&th=1&psc=1">View Product</a></div>
<div class="product"><a href="https://www.amazon.com/dp/B07DGQ4QR3?tag=eloabder-20&linkCode=osi&th=1&psc=1"><img src="https://m.media-amazon.com/images/I/31dMlCPtnXL._SL500_.jpg" alt="Product Image"></a><p>Lube Life Water-Based Personal Lubricant, Lube for Men, Women and Couples, Non-Staining, 12 Fl Oz</p><p>$14.99 ($1.25 / Fl Oz)</p><a href="https://www.amazon.com/dp/B07DGQ4QR3?tag=eloabder-20&linkCode=osi&th=1&psc=1">View Product</a></div><div class="product"><a href="https://www.amazon.com/dp/B00ZCMD9K4?tag=eloabder-20&linkCode=osi&th=1&psc=1"><img src="https://m.media-amazon.com/images/I/41aRh58PGEL._SL500_.jpg" alt="Product Image"></a><p>K-Y Jelly Water Based Lube For Sex, Anal Lube, Non-Greasy Water Based Personal Lubricant, pH Friendly Sex Lube Can Be Used With Sex Toys For Women & Male Sex Toys, Condom Friendly Personal Lube, 4 OZ</p><p>$5.44 ($1.36 / Ounce)</p><a href="https://www.amazon.com/dp/B00ZCMD9K4?tag=eloabder-20&linkCode=osi&th=1&psc=1">View Product</a></div><div class="product"><a href="https://www.amazon.com/dp/B07M6RRWPD?tag=eloabder-20&linkCode=osi&th=1&psc=1"><img src="https://m.media-amazon.com/images/I/31WENjG9dSL._SL500_.jpg" alt="Product Image"></a><p>Lube Life Water-Based Strawberry Flavored Lubricant, Personal Lube for Men, Women and Couples, Made Without Added Sugar, 8 Fl Oz</p><p>$9.99 ($1.25 / Fl Oz)</p><a href="https://www.amazon.com/dp/B07M6RRWPD?tag=eloabder-20&linkCode=osi&th=1&psc=1">View Product</a></div><div class="product"><a href="https://www.amazon.com/dp/B00008NFL0?tag=eloabder-20&linkCode=osi&th=1&psc=1"><img src="https://m.media-amazon.com/images/I/41ZksVV7iHL._SL500_.jpg" alt="Product Image"></a><p>Astroglide Water Based Lube (4oz), Ultra Gentle Gel Personal Lubricant for Vaginal and Anal Sex, Stays Put with No Drip, Sex Lube, Long-Lasting for Men, Women and Couples, Safe for Toys</p><p>$3.98 ($1.00 / Ounce)</p><a href="https://www.amazon.com/dp/B00008NFL0?tag=eloabder-20&linkCode=osi&th=1&psc=1">View Product</a></div><div class="product"><a href="https://www.amazon.com/dp/B08CSHT2LR?tag=eloabder-20&linkCode=osi&th=1&psc=1"><img src="https://m.media-amazon.com/images/I/31aZ-ryC2lL._SL500_.jpg" alt="Product Image"></a><p>XESSO Water-Based Creamy Lube, Unscented 8.3 Fl Oz, Thick White Gel-Like Slippery Glide, Hypoallergenic for Women, Men & Couples. Made in US & Discreet Package. Package May Vary</p><p>$14.99 ($1.81 / Fl Oz)</p><a href="https://www.amazon.com/dp/B08CSHT2LR?tag=eloabder-20&linkCode=osi&th=1&psc=1">View Product</a></div><div class="product"><a href="https://www.amazon.com/dp/B000ZPN1TC?tag=eloabder-20&linkCode=osi&th=1&psc=1"><img src="https://m.media-amazon.com/images/I/41vi+SxqxdL._SL500_.jpg" alt="Product Image"></a><p>Astroglide Water Based Lube (2.5oz), Liquid Personal Lubricant for Long-Lasting Pleasure for Men, Women and Couples, Safe for Toys, Travel-Friendly Size</p><p>$4.98 ($1.99 / Fl Oz)</p><a href="https://www.amazon.com/dp/B000ZPN1TC?tag=eloabder-20&linkCode=osi&th=1&psc=1">View Product</a></div><div class="product"><a href="https://www.amazon.com/dp/B0CBK39KQ8?tag=eloabder-20&linkCode=osi&th=1&psc=1"><img src="https://m.media-amazon.com/images/I/31l3j0B+eiL._SL500_.jpg" alt="Product Image"></a><p>Secret Lover Water-Based Personal Lubricant, Silky Smooth Long-Lasting Lube for Women, Men, and Couples, Natural Ingredients Non-Staining, 8 Fl Oz</p><p>$8.99 ($1.12 / Fl Oz)</p><a href="https://www.amazon.com/dp/B0CBK39KQ8?tag=eloabder-20&linkCode=osi&th=1&psc=1">View Product</a></div><div class="product"><a href="https://www.amazon.com/dp/B00R3UKTP6?tag=eloabder-20&linkCode=osi&th=1&psc=1"><img src="https://m.media-amazon.com/images/I/41gyRA6cIYL._SL500_.jpg" alt="Product Image"></a><p>TROJAN Lubricants Water Based H2O Closer Personal Lubricant, 5.5 oz.</p><p>$9.98 ($1.81 / Fl Oz)</p><a href="https://www.amazon.com/dp/B00R3UKTP6?tag=eloabder-20&linkCode=osi&th=1&psc=1">View Product</a></div><div class="product"><a href="https://www.amazon.com/dp/B00HX50VPE?tag=eloabder-20&linkCode=osi&th=1&psc=1"><img src="https://m.media-amazon.com/images/I/51IAo0cbW3L._SL500_.jpg" alt="Product Image"></a><p>Trojan Arouses & Releases Personal Lubricant, 3 oz.</p><p>$14.97 ($4.99 / Fl Oz)</p><a href="https://www.amazon.com/dp/B00HX50VPE?tag=eloabder-20&linkCode=osi&th=1&psc=1">View Product</a></div><div class="product"><a href="https://www.amazon.com/dp/B017YWRVT4?tag=eloabder-20&linkCode=osi&th=1&psc=1"><img src="https://m.media-amazon.com/images/I/51DDCLX1fKL._SL500_.jpg" alt="Product Image"></a><p>K-Y Yours + Mine Couples Personal Lube, Two Personal Lubricants, Water Based Lube for Women & Glycerin-Based Lube for Men, 2 x 1.5 FL OZ</p><p>$12.87 ($4.29 / Fl Oz)</p><a href="https://www.amazon.com/dp/B017YWRVT4?tag=eloabder-20&linkCode=osi&th=1&psc=1">View Product</a></div>
<div class="product"><a href="https://www.amazon.com/dp/B07BGLT25K?tag=eloabder-20&linkCode=osi&th=1&psc=1"><img src="https://m.media-amazon.com/images/I/51E4cTD1y1L._SL500_.jpg" alt="Product Image"></a><p>Scott ComfortPlus Toilet Paper, 12 Double Rolls, 231 Sheets per Roll, Septic-Safe, 1-Ply Toilet Tissue</p><p>$5.99 ($0.22 / 100 Sheets)</p><a href="https://www.amazon.com/dp/B07BGLT25K?tag=eloabder-20&linkCode=osi&th=1&psc=1">View Product</a></div><div class="product"><a href="https://www.amazon.com/dp/B0CDZJ9JJC?tag=eloabder-20&linkCode=osi&th=1&psc=1"><img src="https://m.media-amazon.com/images/I/51eaQ4M7l3L._SL500_.jpg" alt="Product Image"></a><p>Charmin Ultra Soft Toilet Paper 6 Mega Rolls = 24 Regular Rolls</p><p>$7.97 ($0.59 / 100 Sheets)</p><a href="https://www.amazon.com/dp/B0CDZJ9JJC?tag=eloabder-20&linkCode=osi&th=1&psc=1">View Product</a></div><div class="product"><a href="https://www.amazon.com/dp/B07MHJFRBJ?tag=eloabder-20&linkCode=osi&th=1&psc=1"><img src="https://m.media-amazon.com/images/I/51T27UOdRmL._SL500_.jpg" alt="Product Image"></a><p>Bounty Quick Size Paper Towels, White, 8 Family Rolls = 20 Regular Rolls</p><p>$24.42 ($2.61 / 100 Sheets)</p><a href="https://www.amazon.com/dp/B07MHJFRBJ?tag=eloabder-20&linkCode=osi&th=1&psc=1">View Product</a></div><div class="product"><a href="https://www.amazon.com/dp/B09NW92T8Q?tag=eloabder-20&linkCode=osi&th=1&psc=1"><img src="https://m.media-amazon.com/images/I/5125ACWy+CL._SL500_.jpg" alt="Product Image"></a><p>Sparkle Pick-A-Size Paper Towels, 6 Double Rolls = 12 Regular Rolls, Everyday Value Paper Towel With Full And Half Sheets</p><p>$7.28 ($1.10 / 100 Sheets)</p><a href="https://www.amazon.com/dp/B09NW92T8Q?tag=eloabder-20&linkCode=osi&th=1&psc=1">View Product</a></div><div class="product"><a href="https://www.amazon.com/dp/B002UXRXEG?tag=eloabder-20&linkCode=osi&th=1&psc=1"><img src="https://m.media-amazon.com/images/I/41ZWP7quIVL._SL500_.jpg" alt="Product Image"></a><p>Duracell Coppertop AA Batteries with Power Boost Ingredients, 20 Count Pack Double A Battery with Long-lasting Power, Alkaline AA Battery for Household and Office Devices</p><p>$17.29 ($0.86 / Count)</p><a href="https://www.amazon.com/dp/B002UXRXEG?tag=eloabder-20&linkCode=osi&th=1&psc=1">View Product</a></div><div class="product"><a href="https://www.amazon.com/dp/B0CKK43XXS?tag=eloabder-20&linkCode=osi&th=1&psc=1"><img src="https://m.media-amazon.com/images/I/51H5mXFgbsL._SL500_.jpg" alt="Product Image"></a><p>Scott Paper Towels, Choose-A-Sheet, 6 Double Rolls = 12 Regular Rolls (100 Sheets Per Roll)</p><p>$6.84 ($1.14 / 100 Sheets)</p><a href="https://www.amazon.com/dp/B0CKK43XXS?tag=eloabder-20&linkCode=osi&th=1&psc=1">View Product</a></div>
<div class="product"><a href="https://www.amazon.com/dp/B07JGBW826?tag=eloabder-20&linkCode=osi&th=1&psc=1"><img src="https://m.media-amazon.com/images/I/41nq5khANlL._SL500_.jpg" alt="Product Image"></a><p>Amazon Basics Adult Multivitamin for Men & Women, 300 Gummies with Vitamins A, C, D, E, B-6 and B-12, 150 Count (Pack of 2) (150 Day Supply) (Previously Solimo)</p><p>$14.30 ($0.05 / Count)</p><a href="https://www.amazon.com/dp/B07JGBW826?tag=eloabder-20&linkCode=osi&th=1&psc=1">View Product</a></div><div class="product"><a href="https://www.amazon.com/dp/B00DS5BGDY?tag=eloabder-20&linkCode=osi&th=1&psc=1"><img src="https://m.media-amazon.com/images/I/41zXI0XuNYL._SL500_.jpg" alt="Product Image"></a><p>Nature Made Vitamin B12 1000 mcg, Dietary Supplement for Energy Metabolism Support, 150 Softgels, 150 Day Supply</p><p>$9.98 ($0.07 / Count)</p><a href="https://www.amazon.com/dp/B00DS5BGDY?tag=eloabder-20&linkCode=osi&th=1&psc=1">View Product</a></div><div class="product"><a href="https://www.amazon.com/dp/B007L0DPE0?tag=eloabder-20&linkCode=osi&th=1&psc=1"><img src="https://m.media-amazon.com/images/I/41u67LVdJFL._SL500_.jpg" alt="Product Image"></a><p>Vitafusion Womens Multivitamin Gummies, Berry Flavored Daily Vitamins for Women With Vitamins A, C, D, E, B-6 and B-12, America’s Number 1 Gummy Vitamin Brand, 75 Days Supply, 150 Count</p><p>$10.98 ($0.07 / Count)</p><a href="https://www.amazon.com/dp/B007L0DPE0?tag=eloabder-20&linkCode=osi&th=1&psc=1">View Product</a></div><div class="product"><a href="https://www.amazon.com/dp/B09KCCVL9V?tag=eloabder-20&linkCode=osi&th=1&psc=1"><img src="https://m.media-amazon.com/images/I/419o0W0LJgL._SL500_.jpg" alt="Product Image"></a><p>Centrum Silver Women's Multivitamin for Women 50 Plus, Multivitamin/Multimineral Supplement with Vitamin D3, B Vitamins, Non-GMO Ingredients, Supports Memory and Cognition in Older Adults - 200 Ct</p><p>$15.99 ($0.08 / Count)</p><a href="https://www.amazon.com/dp/B09KCCVL9V?tag=eloabder-20&linkCode=osi&th=1&psc=1">View Product</a></div><div class="product"><a href="https://www.amazon.com/dp/B002QO00YO?tag=eloabder-20&linkCode=osi&th=1&psc=1"><img src="https://m.media-amazon.com/images/I/41SQ-7dbsHL._SL500_.jpg" alt="Product Image"></a><p>Nature Made Vitamin D3 2000 IU (50 mcg), Dietary Supplement for Bone, Teeth, Muscle and Immune Health Support, 90 Softgels, 90 Day Supply</p><p>$6.28 ($0.07 / Count)</p><a href="https://www.amazon.com/dp/B002QO00YO?tag=eloabder-20&linkCode=osi&th=1&psc=1">View Product</a></div><div class="product"><a href="https://www.amazon.com/dp/B0000DJASY?tag=eloabder-20&linkCode=osi&th=1&psc=1"><img src="https://m.media-amazon.com/images/I/41PwuIsYASL._SL500_.jpg" alt="Product Image"></a><p>Nature Made Extra Strength Vitamin C 1000 mg, Dietary Supplement for Immune Support, 100 Tablets, 100 Day Supply</p><p>$9.50 ($0.10 / Count)</p><a href="https://www.amazon.com/dp/B0000DJASY?tag=eloabder-20&linkCode=osi&th=1&psc=1">View Product</a></div><div class="product"><a href="https://www.amazon.com/dp/B00YMSLT88?tag=eloabder-20&linkCode=osi&th=1&psc=1"><img src="https://m.media-amazon.com/images/I/41S95x-3xaL._SL500_.jpg" alt="Product Image"></a><p>Nature Made Multivitamin Tablets with Iron, Multivitamin for Women and Men for Daily Nutritional Support, 130 Tablets, 130 Day Supply</p><p>$11.99 ($0.09 / Count)</p><a href="https://www.amazon.com/dp/B00YMSLT88?tag=eloabder-20&linkCode=osi&th=1&psc=1">View Product</a></div><div class="product"><a href="https://www.amazon.com/dp/B0072F8D7S?tag=eloabder-20&linkCode=osi&th=1&psc=1"><img src="https://m.media-amazon.com/images/I/41j4CBYG0SL._SL500_.jpg" alt="Product Image"></a><p>Nature's Bounty Advanced Hair, Skin & Nails, Argan-Infused Vitamin Supplement with Biotin and Hyaluronic Acid, 150 Rapid Release Softgels</p><p>$10.99 ($0.07 / Count)</p><a href="https://www.amazon.com/dp/B0072F8D7S?tag=eloabder-20&linkCode=osi&th=1&psc=1">View Product</a></div><div class="product"><a href="https://www.amazon.com/dp/B07H8LBDTG?tag=eloabder-20&linkCode=osi&th=1&psc=1"><img src="https://m.media-amazon.com/images/I/41oIEGJy42L._SL500_.jpg" alt="Product Image"></a><p>OLLY Women's Multivitamin Gummy, Vitamins A, D, C, E, Biotin, Folic Acid, Adult Chewable Vitamin, Berry Flavor, 65 Day Supply - 130 Count (Packaging May Vary)</p><p>$16.98 ($0.13 / Count)</p><a href="https://www.amazon.com/dp/B07H8LBDTG?tag=eloabder-20&linkCode=osi&th=1&psc=1">View Product</a></div><div class="product"><a href="https://www.amazon.com/dp/B0014D2GEK?tag=eloabder-20&linkCode=osi&th=1&psc=1"><img src="https://m.media-amazon.com/images/I/41Al6x+mTKL._SL500_.jpg" alt="Product Image"></a><p>Nature's Bounty Super B Complex with Vitamin C & Folic Acid, Immune & Energy Support, 150 tablets</p><p>$12.73 ($0.08 / Count)</p><a href="https://www.amazon.com/dp/B0014D2GEK?tag=eloabder-20&linkCode=osi&th=1&psc=1">View Product</a></div>
<div class="product"><a href="https://www.amazon.com/dp/B0BG94RWYN?tag=eloabder-20&linkCode=osi&th=1&psc=1"><img src="https://m.media-amazon.com/images/I/41k1yrK-eGL._SL500_.jpg" alt="Product Image"></a><p>Sea Moss 3000mg Black Seed Oil 2000mg Ashwagandha 1000mg Turmeric 1000mg Bladderwrack 1000mg Burdock 1000mg & Vitamin C & D3 with Elderberry Manuka Dandelion Yellow Dock Iodine Chlorophyll ACV</p><p>$23.96 ($0.40 / Count)</p><a href="https://www.amazon.com/dp/B0BG94RWYN?tag=eloabder-20&linkCode=osi&th=1&psc=1">View Product</a></div><div class="product"><a href="https://www.amazon.com/dp/B01DBTFO98?tag=eloabder-20&linkCode=osi&th=1&psc=1"><img src="https://m.media-amazon.com/images/I/51Evo4SKmEL._SL500_.jpg" alt="Product Image"></a><p>Turmeric Curcumin with Black Pepper Extract 1500mg - High Absorption Ultra Potent Turmeric Supplement with 95% Curcuminoids and BioPerine - Non GMO Turmeric Capsules for Joint Support - 90 Capsules</p><p>$18.79 ($0.21 / Count)</p><a href="https://www.amazon.com/dp/B01DBTFO98?tag=eloabder-20&linkCode=osi&th=1&psc=1">View Product</a></div><div class="product"><a href="https://www.amazon.com/dp/B0BG6TGKZS?tag=eloabder-20&linkCode=osi&th=1&psc=1"><img src="https://m.media-amazon.com/images/I/41aCogcx9OL._SL500_.jpg" alt="Product Image"></a><p>Clean Nutraceuticals Lions Mane 3000mg 20in1 Mushroom Supplement with Turkey Tail 2000mg Reishi 1000mg Cordyceps Chaga 1000mg Maitake Meshima Poria Cocos Shiitake Oyster Porcini Enoki 60 Count</p><p>$29.95 ($0.50 / Count)</p><a href="https://www.amazon.com/dp/B0BG6TGKZS?tag=eloabder-20&linkCode=osi&th=1&psc=1">View Product</a></div><div class="product"><a href="https://www.amazon.com/dp/B0CV9JW4DS?tag=eloabder-20&linkCode=osi&th=1&psc=1"><img src="https://m.media-amazon.com/images/I/51L8z3xzNsL._SL500_.jpg" alt="Product Image"></a><p>Zoyava Dynamic Vitality Bundle, Sea Moss and Shilajit Bundle, Sea Moss 7000mg, Black Seed Oil 4000mg, Ashwagandha 2000mg, Ginger & Shilajit 9000mg, Rhodiola Rosea 1000mg, Panax Ginseng (60 Count)</p><p>$25.99 ($0.43 / Count)</p><a href="https://www.amazon.com/dp/B0CV9JW4DS?tag=eloabder-20&linkCode=osi&th=1&psc=1">View Product</a></div><div class="product"><a href="https://www.amazon.com/dp/B00H5PJ0HW?tag=eloabder-20&linkCode=osi&th=1&psc=1"><img src="https://m.media-amazon.com/images/I/414mKN9ZjbL._SL500_.jpg" alt="Product Image"></a><p>Nature's Bounty Magnesium, Bone and Muscle Health, Whole Body Support, Tablets, 500 Mg, 200 Ct</p><p>$11.28 ($0.06 / Count)</p><a href="https://www.amazon.com/dp/B00H5PJ0HW?tag=eloabder-20&linkCode=osi&th=1&psc=1">View Product</a></div><div class="product"><a href="https://www.amazon.com/dp/B08YLTCDTN?tag=eloabder-20&linkCode=osi&th=1&psc=1"><img src="https://m.media-amazon.com/images/I/41aybXdjmLL._SL500_.jpg" alt="Product Image"></a><p>Nature's Bounty Zinc 50mg, Immune Support & Antioxidant Supplement, Promotes Skin Health 250 Caplets</p><p>$9.48 ($0.04 / Count)</p><a href="https://www.amazon.com/dp/B08YLTCDTN?tag=eloabder-20&linkCode=osi&th=1&psc=1">View Product</a></div><div class="product"><a href="https://www.amazon.com/dp/B0000DJAQU?tag=eloabder-20&linkCode=osi&th=1&psc=1"><img src="https://m.media-amazon.com/images/I/41c7alI7ydL._SL500_.jpg" alt="Product Image"></a><p>Nature Made Fish Oil 1200 mg Softgels, Fish Oil Supplements, Omega 3 Fish Oil for Healthy Heart Support, Omega 3 Supplement with 100 Softgels, 50 Day Supply</p><p>$12.59 ($0.13 / Count)</p><a href="https://www.amazon.com/dp/B0000DJAQU?tag=eloabder-20&linkCode=osi&th=1&psc=1">View Product</a></div><div class="product"><a href="https://www.amazon.com/dp/B07XFGCP21?tag=eloabder-20&linkCode=osi&th=1&psc=1"><img src="https://m.media-amazon.com/images/I/518FQmoWjFL._SL500_.jpg" alt="Product Image"></a><p>Turmeric Curcumin with BioPerine & Ginger 95% Curcuminoids 1950mg - Black Pepper Extract for Max Absorption, Nature's Joint Support Supplement, Herbal Turmeric Pills, Vegan Non-GMO - 240 Capsules</p><p>$26.02 ($0.11 / Count)</p><a href="https://www.amazon.com/dp/B07XFGCP21?tag=eloabder-20&linkCode=osi&th=1&psc=1">View Product</a></div><div class="product"><a href="https://www.amazon.com/dp/B00DS5BGDY?tag=eloabder-20&linkCode=osi&th=1&psc=1"><img src="https://m.media-amazon.com/images/I/41zXI0XuNYL._SL500_.jpg" alt="Product Image"></a><p>Nature Made Vitamin B12 1000 mcg, Dietary Supplement for Energy Metabolism Support, 150 Softgels, 150 Day Supply</p><p>$9.98 ($0.07 / Count)</p><a href="https://www.amazon.com/dp/B00DS5BGDY?tag=eloabder-20&linkCode=osi&th=1&psc=1">View Product</a></div><div class="product"><a href="https://www.amazon.com/dp/B0055OUOQQ?tag=eloabder-20&linkCode=osi&th=1&psc=1"><img src="https://m.media-amazon.com/images/I/41S1bhYiFiL._SL500_.jpg" alt="Product Image"></a><p>Qunol CoQ10 100mg Softgels, Ultra CoQ10 100mg, 3x Better Absorption, Antioxidant for Heart Health & Energy Production, Coenzyme Q10 Vitamins and Supplements, 4 Month Supply, 120 Count</p><p>$29.97 ($0.25 / Count)</p><a href="https://www.amazon.com/dp/B0055OUOQQ?tag=eloabder-20&linkCode=osi&th=1&psc=1">View Product</a></div>
<div class="product"><a href="https://www.amazon.com/dp/B074F2H9VT?tag=eloabder-20&linkCode=osi&th=1&psc=1"><img src="https://m.media-amazon.com/images/I/31h55XAq3BL._SL500_.jpg" alt="Product Image"></a><p>Amazon Basic Care Extra Strength Pain Relief, Acetaminophen Caplets, 500 mg, 200 Count</p><p>$4.79 ($0.02 / Count)</p><a href="https://www.amazon.com/dp/B074F2H9VT?tag=eloabder-20&linkCode=osi&th=1&psc=1">View Product</a></div><div class="product"><a href="https://www.amazon.com/dp/B0BTMWW333?tag=eloabder-20&linkCode=osi&th=1&psc=1"><img src="https://m.media-amazon.com/images/I/515qvsGXGOL._SL500_.jpg" alt="Product Image"></a><p>Absorbine Jr. PRO Maximum Strength Lidocaine Roll-On for Fast Nerve and Muscle Pain Relief</p><p>$12.97 ($5.19 / Ounce)</p><a href="https://www.amazon.com/dp/B0BTMWW333?tag=eloabder-20&linkCode=osi&th=1&psc=1">View Product</a></div><div class="product"><a href="https://www.amazon.com/dp/B01AB4U6PI?tag=eloabder-20&linkCode=osi&th=1&psc=1"><img src="https://m.media-amazon.com/images/I/41rff0KTJnL._SL500_.jpg" alt="Product Image"></a><p>Salonpas Pain Relieving Patch for Back, Neck, Shoulder, Knee Pain and Muscle Soreness - 8 Hour Pain Relief - 60 Count</p><p>$10.34 ($0.17 / Count)</p><a href="https://www.amazon.com/dp/B01AB4U6PI?tag=eloabder-20&linkCode=osi&th=1&psc=1">View Product</a></div><div class="product"><a href="https://www.amazon.com/dp/B00L45KPG4?tag=eloabder-20&linkCode=osi&th=1&psc=1"><img src="https://m.media-amazon.com/images/I/41H-+cQjC8L._SL500_.jpg" alt="Product Image"></a><p>Bayer Extra Strength 500mg Aspirin Plus Caffeine for Powerful Pain Relief, 200 Coated Caplets</p><p>$17.17 ($0.09 / Count)</p><a href="https://www.amazon.com/dp/B00L45KPG4?tag=eloabder-20&linkCode=osi&th=1&psc=1">View Product</a></div><div class="product"><a href="https://www.amazon.com/dp/B074F297T8?tag=eloabder-20&linkCode=osi&th=1&psc=1"><img src="https://m.media-amazon.com/images/I/41LYjDMDVUL._SL500_.jpg" alt="Product Image"></a><p>Amazon Basic Care Ibuprofen Tablets 200 mg, Pain Reliever/Fever Reducer, Body Aches, Headache, Arthritis Pain Relief and More, 500 Count (Pack of 1)</p><p>$9.01 ($0.02 / Count)</p><a href="https://www.amazon.com/dp/B074F297T8?tag=eloabder-20&linkCode=osi&th=1&psc=1">View Product</a></div><div class="product"><a href="https://www.amazon.com/dp/B01HI7WP0U?tag=eloabder-20&linkCode=osi&th=1&psc=1"><img src="https://m.media-amazon.com/images/I/41W2gWWMMvL._SL500_.jpg" alt="Product Image"></a><p>Tylenol Extra Strength Acetaminophen Rapid Release Gels, Pain Reliever & Fever Reducer, 100 ct</p><p>$10.60 ($0.11 / Count)</p><a href="https://www.amazon.com/dp/B01HI7WP0U?tag=eloabder-20&linkCode=osi&th=1&psc=1">View Product</a></div><div class="product"><a href="https://www.amazon.com/dp/B01LXFEY6H?tag=eloabder-20&linkCode=osi&th=1&psc=1"><img src="https://m.media-amazon.com/images/I/31hLnewBXIL._SL500_.jpg" alt="Product Image"></a><p>Biofreeze Pain Relief Gel, Arthritis Pain Reliver, Knee & Lower Back Pain Relief, Sore Muscle Relief, Neck Pain Relief, Pharmacist Recommended, FSA Eligible, 3 FL OZ Biofreeze Menthol Gel</p><p>$10.03 ($3.34 / Ounce)</p><a href="https://www.amazon.com/dp/B01LXFEY6H?tag=eloabder-20&linkCode=osi&th=1&psc=1">View Product</a></div><div class="product"><a href="https://www.amazon.com/dp/B074F2FSX4?tag=eloabder-20&linkCode=osi&th=1&psc=1"><img src="https://m.media-amazon.com/images/I/41NsmqTCfVL._SL500_.jpg" alt="Product Image"></a><p>Amazon Basic Care Naproxen Sodium Tablets 220 mg, Pain Reliever/Fever Reducer (NSAID), Muscular Aches, Backache, Headache, Toothache, Minor Arthritis Pain Relief and More, 300 Count</p><p>$14.99 ($0.05 / Count)</p><a href="https://www.amazon.com/dp/B074F2FSX4?tag=eloabder-20&linkCode=osi&th=1&psc=1">View Product</a></div><div class="product"><a href="https://www.amazon.com/dp/B0077VYSYY?tag=eloabder-20&linkCode=osi&th=1&psc=1"><img src="https://m.media-amazon.com/images/I/41SHrlfMFdL._SL500_.jpg" alt="Product Image"></a><p>Tylenol 8 Hour Arthritis Pain Tablets with Acetaminophen for Joint Pain, 100 ct</p><p>$9.99 ($0.10 / Count)</p><a href="https://www.amazon.com/dp/B0077VYSYY?tag=eloabder-20&linkCode=osi&th=1&psc=1">View Product</a></div>
<div class="product"><a href="https://www.amazon.com/dp/B07KRMQ8W6?tag=eloabder-20&linkCode=osi&th=1&psc=1"><img src="https://m.media-amazon.com/images/I/31-2HjYAfiL._SL500_.jpg" alt="Product Image"></a><p>Bactine MAX First Aid Spray - Pain Relief Cleansing Spray with 4% Lidocaine - Numbing Lidocaine Spray Kills 99.9% of Germs - Pain + Itch Relief for Minor Cuts & Scrapes, Burns & Bug Bites - 5oz</p><p>$5.30 ($1.06 / Fl Oz)</p><a href="https://www.amazon.com/dp/B07KRMQ8W6?tag=eloabder-20&linkCode=osi&th=1&psc=1">View Product</a></div><div class="product"><a href="https://www.amazon.com/dp/B01N6T0XHP?tag=eloabder-20&linkCode=osi&th=1&psc=1"><img src="https://m.media-amazon.com/images/I/31VmxqprYDL._SL500_.jpg" alt="Product Image"></a><p>Curad Assorted Bandages Variety Pack 300 Pieces, Including Antibacterial, Heavy Duty, Fabric, and Waterproof Bandages</p><p>$11.99 ($0.04 / Count)</p><a href="https://www.amazon.com/dp/B01N6T0XHP?tag=eloabder-20&linkCode=osi&th=1&psc=1">View Product</a></div><div class="product"><a href="https://www.amazon.com/dp/B000069EYA?tag=eloabder-20&linkCode=osi&th=1&psc=1"><img src="https://m.media-amazon.com/images/I/51aUpEuI0cL._SL500_.jpg" alt="Product Image"></a><p>First Aid Only 299 Piece All-Purpose First Aid Emergency Kit (FAO-442)</p><p>$20.58</p><a href="https://www.amazon.com/dp/B000069EYA?tag=eloabder-20&linkCode=osi&th=1&psc=1">View Product</a></div><div class="product"><a href="https://www.amazon.com/dp/B076FS9RYL?tag=eloabder-20&linkCode=osi&th=1&psc=1"><img src="https://m.media-amazon.com/images/I/51A3wOry1oL._SL500_.jpg" alt="Product Image"></a><p>General Medi 160 Piece First Aid Kit Bag Refill Kit - Includes Eyewash, Instant Cold Pack, Bandages,Emergency Blanket, Moleskin Pad, Gauze - Extra Replacement Medical Supplies for First Aid</p><p>$19.95</p><a href="https://www.amazon.com/dp/B076FS9RYL?tag=eloabder-20&linkCode=osi&th=1&psc=1">View Product</a></div><div class="product"><a href="https://www.amazon.com/dp/B0CMSVYQW5?tag=eloabder-20&linkCode=osi&th=1&psc=1"><img src="https://m.media-amazon.com/images/I/51R6OcPKsiL._SL500_.jpg" alt="Product Image"></a><p>AZEN 25 Pack Gauze Rolls Bandages, 3 in x 4.1 Yards, Premium Medical Supplies & First Aid Supplies, Bandage Wrap Vet Wrap, Mummy Wraps</p><p>$6.99 ($0.28 / Count)</p><a href="https://www.amazon.com/dp/B0CMSVYQW5?tag=eloabder-20&linkCode=osi&th=1&psc=1">View Product</a></div><div class="product"><a href="https://www.amazon.com/dp/B01LX9UR77?tag=eloabder-20&linkCode=osi&th=1&psc=1"><img src="https://m.media-amazon.com/images/I/51A7ljiKvAL._SL500_.jpg" alt="Product Image"></a><p>Ever Ready First Aid Self Adherent Cohesive Bandages 3" x 5 Yards - 6 Count, Rainbow Colors</p><p>$9.95 ($1.66 / Count)</p><a href="https://www.amazon.com/dp/B01LX9UR77?tag=eloabder-20&linkCode=osi&th=1&psc=1">View Product</a></div><div class="product"><a href="https://www.amazon.com/dp/B0084GX1JO?tag=eloabder-20&linkCode=osi&th=1&psc=1"><img src="https://m.media-amazon.com/images/I/31BzSButj2S._SL500_.jpg" alt="Product Image"></a><p>First Aid Only FAE-7011 SmartCompliance Refill Burn Cream Packets, 10 Count</p><p>$3.99 ($0.40 / Count)</p><a href="https://www.amazon.com/dp/B0084GX1JO?tag=eloabder-20&linkCode=osi&th=1&psc=1">View Product</a></div><div class="product"><a href="https://www.amazon.com/dp/B010VE7BS8?tag=eloabder-20&linkCode=osi&th=1&psc=1"><img src="https://m.media-amazon.com/images/I/41qfuMfsQoL._SL500_.jpg" alt="Product Image"></a><p>Band-Aid Brand Cushion Care Non-Stick Gauze Pads, Individually-Wrapped, Medium, 3 in x 3 in, 10 ct</p><p>$1.75 ($0.18 / Count)</p><a href="https://www.amazon.com/dp/B010VE7BS8?tag=eloabder-20&linkCode=osi&th=1&psc=1">View Product</a></div><div class="product"><a href="https://www.amazon.com/dp/B093JSJ2ZF?tag=eloabder-20&linkCode=osi&th=1&psc=1"><img src="https://m.media-amazon.com/images/I/51zutl8x7pS._SL500_.jpg" alt="Product Image"></a><p>Ever Ready First Aid Disposable Cold Compress Therapy Instant Ice Pack for Injuries 4.5" x 7" - 6 Pack</p><p>$8.95 ($1.49 / Count)</p><a href="https://www.amazon.com/dp/B093JSJ2ZF?tag=eloabder-20&linkCode=osi&th=1&psc=1">View Product</a></div>
<div class="product"><a href="https://www.amazon.com/dp/B000QXH4PK?tag=eloabder-20&linkCode=osi&th=1&psc=1"><img src="https://m.media-amazon.com/images/I/41SXL+-YzcL._SL500_.jpg" alt="Product Image"></a><p>Listerine Cool Mint Pocketpaks Breath Strips Kills Bad Breath Germs, 24-Strip Pack, 3 Pack</p><p>$5.72 ($0.08 / Count)</p><a href="https://www.amazon.com/dp/B000QXH4PK?tag=eloabder-20&linkCode=osi&th=1&psc=1">View Product</a></div><div class="product"><a href="https://www.amazon.com/dp/B00CC6XSRC?tag=eloabder-20&linkCode=osi&th=1&psc=1"><img src="https://m.media-amazon.com/images/I/41OKKVbMN-L._SL500_.jpg" alt="Product Image"></a><p>Colgate Extra Clean Toothbrush, Medium Bulk Toothbrush Pack, Adult Medium Bristle Toothbrushes with Ergonomic Handle and Circular Cleaning Bristles, Helps Remove Surface Stains, 6 Pack</p><p>$4.96 ($0.83 / Count)</p><a href="https://www.amazon.com/dp/B00CC6XSRC?tag=eloabder-20&linkCode=osi&th=1&psc=1">View Product</a></div><div class="product"><a href="https://www.amazon.com/dp/B0D1KXV9ZS?tag=eloabder-20&linkCode=osi&th=1&psc=1"><img src="https://m.media-amazon.com/images/I/311Liu9BWoL._SL500_.jpg" alt="Product Image"></a><p>Vagisil pH Balance Daily Freshening Wipes for Feminine Hygiene in Resealable Pouch, Gynecologist Tested & Hypoallergenic, 20 Wipes (Pack of 1)</p><p>$2.97 ($0.15 / Count)</p><a href="https://www.amazon.com/dp/B0D1KXV9ZS?tag=eloabder-20&linkCode=osi&th=1&psc=1">View Product</a></div><div class="product"><a href="https://www.amazon.com/dp/B00GS6ORQI?tag=eloabder-20&linkCode=osi&th=1&psc=1"><img src="https://m.media-amazon.com/images/I/418glF-R7rL._SL500_.jpg" alt="Product Image"></a><p>Vagisil Feminine Wash for Intimate Area Hygiene, Odor Block, Gynecologist Tested, Hypoallergenic, 12 oz, (Pack of 1)</p><p>$5.67 ($0.47 / Fl Oz)</p><a href="https://www.amazon.com/dp/B00GS6ORQI?tag=eloabder-20&linkCode=osi&th=1&psc=1">View Product</a></div>
<div class="product"><a href="https://www.amazon.com/dp/B09F8FZ18G?tag=eloabder-20&linkCode=osi&th=1&psc=1"><img src="https://m.media-amazon.com/images/I/51WkgqQXqCL._SL500_.jpg" alt="Product Image"></a><p>Crest 3D White Advanced Luminous Mint Teeth Whitening Toothpaste, 3.7 oz Pack of 4 - Helps Remove Surface Stains, Whitens Teeth, Strengthens Tooth Enamel, Protects Against Cavities</p><p>$14.99 ($1.01 / Ounce)</p><a href="https://www.amazon.com/dp/B09F8FZ18G?tag=eloabder-20&linkCode=osi&th=1&psc=1">View Product</a></div><div class="product"><a href="https://www.amazon.com/dp/B005PLQIQ4?tag=eloabder-20&linkCode=osi&th=1&psc=1"><img src="https://m.media-amazon.com/images/I/51DOyE1fx2L._SL500_.jpg" alt="Product Image"></a><p>Crest + Scope Complete Whitening Toothpaste - Pack of 3, 5.4 Oz Tubes - Anticavity Fluoride Toothpaste - Fresh Breath, Kills Germs - Tartar Protection, Enamel Protection - Minty Fresh Flavor</p><p>$9.00 ($0.56 / Ounce)</p><a href="https://www.amazon.com/dp/B005PLQIQ4?tag=eloabder-20&linkCode=osi&th=1&psc=1">View Product</a></div><div class="product"><a href="https://www.amazon.com/dp/B01BNHREXE?tag=eloabder-20&linkCode=osi&th=1&psc=1"><img src="https://m.media-amazon.com/images/I/41J8piWJzLL._SL500_.jpg" alt="Product Image"></a><p>Colgate Baking Soda & Peroxide Toothpaste - Whitens Teeth, Fights Cavities & Removes Stains, Brisk Mint, 6 Ounce (Pack of 2)</p><p>$3.78 ($0.32 / Ounce)</p><a href="https://www.amazon.com/dp/B01BNHREXE?tag=eloabder-20&linkCode=osi&th=1&psc=1">View Product</a></div><div class="product"><a href="https://www.amazon.com/dp/B0BLX8VSCH?tag=eloabder-20&linkCode=osi&th=1&psc=1"><img src="https://m.media-amazon.com/images/I/61dvpbGDJjL._SL500_.jpg" alt="Product Image"></a><p>Colgate Max Fresh Whitening Toothpaste with Mini Strips, Clean Mint Toothpaste for Bad Breath, Helps Fight Cavities, Whitens Teeth, and Freshens Breath, 6.3 Ounce (Pack of 4)</p><p>$10.65 ($0.42 / Ounce)</p><a href="https://www.amazon.com/dp/B0BLX8VSCH?tag=eloabder-20&linkCode=osi&th=1&psc=1">View Product</a></div><div class="product"><a href="https://www.amazon.com/dp/B082F1QH7S?tag=eloabder-20&linkCode=osi&th=1&psc=1"><img src="https://m.media-amazon.com/images/I/41QujaAN0gL._SL500_.jpg" alt="Product Image"></a><p>Colgate Optic White Advanced Hydrogen Peroxide Toothpaste, Teeth Whitening Toothpaste Pack, Enamel-Safe Formula, Helps Remove Tea, Coffee, and Wine Stains, Sparkling White, 3 Pack, 3.2 oz</p><p>$12.96 ($1.35 / Ounce)</p><a href="https://www.amazon.com/dp/B082F1QH7S?tag=eloabder-20&linkCode=osi&th=1&psc=1">View Product</a></div><div class="product"><a href="https://www.amazon.com/dp/B0BLJ68F9R?tag=eloabder-20&linkCode=osi&th=1&psc=1"><img src="https://m.media-amazon.com/images/I/51ccJX66fBL._SL500_.jpg" alt="Product Image"></a><p>Crest Pro-Health Clean Mint Toothpaste (4.3oz) Triple Pack</p><p>$8.97 ($0.70 / Ounce)</p><a href="https://www.amazon.com/dp/B0BLJ68F9R?tag=eloabder-20&linkCode=osi&th=1&psc=1">View Product</a></div><div class="product"><a href="https://www.amazon.com/dp/B08S8QNW2K?tag=eloabder-20&linkCode=osi&th=1&psc=1"><img src="https://m.media-amazon.com/images/I/51uFURqklfL._SL500_.jpg" alt="Product Image"></a><p>Crest Complete Active Fresh + Whitening Toothpaste, 5.5oz (Pack of 4)</p><p>$10.99 ($0.50 / Ounce)</p><a href="https://www.amazon.com/dp/B08S8QNW2K?tag=eloabder-20&linkCode=osi&th=1&psc=1">View Product</a></div><div class="product"><a href="https://www.amazon.com/dp/B0BTTCFLZ8?tag=eloabder-20&linkCode=osi&th=1&psc=1"><img src="https://m.media-amazon.com/images/I/51NJ5NPUFaL._SL500_.jpg" alt="Product Image"></a><p>Sensodyne Pronamel Gentle Teeth Whitening Enamel Toothpaste for Sensitive Teeth, to Reharden and Strengthen Enamel, Amazon Exclusive, Fresh Mint - 4 Ounces (Pack of 3)</p><p>$17.47 ($1.46 / Ounce)</p><a href="https://www.amazon.com/dp/B0BTTCFLZ8?tag=eloabder-20&linkCode=osi&th=1&psc=1">View Product</a></div><div class="product"><a href="https://www.amazon.com/dp/B0BLWLL3FV?tag=eloabder-20&linkCode=osi&th=1&psc=1"><img src="https://m.media-amazon.com/images/I/51jArmJ-0-L._SL500_.jpg" alt="Product Image"></a><p>Colgate Total Whitening Toothpaste with Fluoride, 10 Benefits Including Sensitivity Relief and Stain Removal, Mint, 5.1 ounces (4 Pack)</p><p>$15.84 ($0.78 / Ounce)</p><a href="https://www.amazon.com/dp/B0BLWLL3FV?tag=eloabder-20&linkCode=osi&th=1&psc=1">View Product</a></div>
<div class="product"><a href="https://www.amazon.com/dp/B00CC6XSRC?tag=eloabder-20&linkCode=osi&th=1&psc=1"><img src="https://m.media-amazon.com/images/I/41OKKVbMN-L._SL500_.jpg" alt="Product Image"></a><p>Colgate Extra Clean Toothbrush, Medium Bulk Toothbrush Pack, Adult Medium Bristle Toothbrushes with Ergonomic Handle and Circular Cleaning Bristles, Helps Remove Surface Stains, 6 Pack</p><p>$4.96 ($0.83 / Count)</p><a href="https://www.amazon.com/dp/B00CC6XSRC?tag=eloabder-20&linkCode=osi&th=1&psc=1">View Product</a></div><div class="product"><a href="https://www.amazon.com/dp/B06XK2M3H3?tag=eloabder-20&linkCode=osi&th=1&psc=1"><img src="https://m.media-amazon.com/images/I/41tntn0c7BL._SL500_.jpg" alt="Product Image"></a><p>Oral-B Vivid Dual Action Whitening Toothbrushes, Soft, 4 Count (Packaging and Product Color May Vary)</p><p>$7.99 ($2.00 / Count)</p><a href="https://www.amazon.com/dp/B06XK2M3H3?tag=eloabder-20&linkCode=osi&th=1&psc=1">View Product</a></div><div class="product"><a href="https://www.amazon.com/dp/B01KZ6V00W?tag=eloabder-20&linkCode=osi&th=1&psc=1"><img src="https://m.media-amazon.com/images/I/51+dIaobkXL._SL500_.jpg" alt="Product Image"></a><p>Oral-B CrossAction All in One Soft Toothbrushes, Deep Plaque Removal, Rounded Bristles Gentle on Teeth, Tongue and Cheek Cleaner, Gum Stimulators, 6 Count</p><p>$17.99 ($3.00 / Count)</p><a href="https://www.amazon.com/dp/B01KZ6V00W?tag=eloabder-20&linkCode=osi&th=1&psc=1">View Product</a></div><div class="product"><a href="https://www.amazon.com/dp/B08QWYMMYL?tag=eloabder-20&linkCode=osi&th=1&psc=1"><img src="https://m.media-amazon.com/images/I/41WAFKNB0iL._SL500_.jpg" alt="Product Image"></a><p>Amazon Basics Clean Plus Toothbrushes, Soft, Full, 10 Count, Assorted Colors (Previously Solimo)</p><p>$5.28 ($0.53 / Count)</p><a href="https://www.amazon.com/dp/B08QWYMMYL?tag=eloabder-20&linkCode=osi&th=1&psc=1">View Product</a></div><div class="product"><a href="https://www.amazon.com/dp/B08JQCZ71B?tag=eloabder-20&linkCode=osi&th=1&psc=1"><img src="https://m.media-amazon.com/images/I/41Zvcj-EvDL._SL500_.jpg" alt="Product Image"></a><p>Reach Essentials Toothbrush with Toothbrush Caps, Multi-Zoned Angled Soft Bristles, Contoured Handle, Tongue Scraper, 6 Count</p><p>$3.98 ($0.66 / Count)</p><a href="https://www.amazon.com/dp/B08JQCZ71B?tag=eloabder-20&linkCode=osi&th=1&psc=1">View Product</a></div><div class="product"><a href="https://www.amazon.com/dp/B09HSS29YD?tag=eloabder-20&linkCode=osi&th=1&psc=1"><img src="https://m.media-amazon.com/images/I/41nh2h+aUpL._SL500_.jpg" alt="Product Image"></a><p>Reach Essentials Toothbrush with Toothbrush Covers, Multi-Angled Medium Bristles, Contoured Handle, Tongue Scraper, 6 Count</p><p>$2.84 ($0.47 / Count)</p><a href="https://www.amazon.com/dp/B09HSS29YD?tag=eloabder-20&linkCode=osi&th=1&psc=1">View Product</a></div><div class="product"><a href="https://www.amazon.com/dp/B073HC7WHW?tag=eloabder-20&linkCode=osi&th=1&psc=1"><img src="https://m.media-amazon.com/images/I/417TOxynbBL._SL500_.jpg" alt="Product Image"></a><p>Oral B Cavity Defense 123 Black Toothbrush � Medium (Pack of 4)</p><p>$5.69 ($1.42 / Count)</p><a href="https://www.amazon.com/dp/B073HC7WHW?tag=eloabder-20&linkCode=osi&th=1&psc=1">View Product</a></div><div class="product"><a href="https://www.amazon.com/dp/B07S9GV83R?tag=eloabder-20&linkCode=osi&th=1&psc=1"><img src="https://m.media-amazon.com/images/I/41ziiRLsaEL._SL500_.jpg" alt="Product Image"></a><p>Colgate 360 Optic White Advanced Whitening Toothbrush, Adult Medium Toothbrush with Whitening Cups, Helps Whiten Teeth and Removes Odor Causing Bacteria, 2 Pack</p><p>$7.96 ($3.98 / Count)</p><a href="https://www.amazon.com/dp/B07S9GV83R?tag=eloabder-20&linkCode=osi&th=1&psc=1">View Product</a></div>
<div class="product"><a href="https://www.amazon.com/dp/B00IRKRK9O?tag=eloabder-20&linkCode=osi&th=1&psc=1"><img src="https://m.media-amazon.com/images/I/51oNh1DLVjL._SL500_.jpg" alt="Product Image"></a><p>TheraBreath Fresh Breath Mouthwash, Icy Mint Flavor, Alcohol-Free, 16 Fl Oz (Pack of 2)</p><p>$15.34 ($0.48 / Fl Oz)</p><a href="https://www.amazon.com/dp/B00IRKRK9O?tag=eloabder-20&linkCode=osi&th=1&psc=1">View Product</a></div><div class="product"><a href="https://www.amazon.com/dp/B0B5Y7KCS8?tag=eloabder-20&linkCode=osi&th=1&psc=1"><img src="https://m.media-amazon.com/images/I/51Dmtgp-2ZL._SL500_.jpg" alt="Product Image"></a><p>Listerine Total Care Anticavity Fluoride Mouthwash, Kills 99.9% of Germs That Cause Bad Breath and Prevents Cavities, Fresh Mint Flavor, 1L (Pack of 2)</p><p>$15.96 ($0.24 / Fl Oz)</p><a href="https://www.amazon.com/dp/B0B5Y7KCS8?tag=eloabder-20&linkCode=osi&th=1&psc=1">View Product</a></div><div class="product"><a href="https://www.amazon.com/dp/B0758F8KDC?tag=eloabder-20&linkCode=osi&th=1&psc=1"><img src="https://m.media-amazon.com/images/I/51JvxvVlcIL._SL500_.jpg" alt="Product Image"></a><p>TheraBreath Healthy Gums Mouthwash Clean Mint, Antigingivitis, Dentist Formulated, 16 Fl Oz (2-Pack)</p><p>$17.64 ($0.55 / Fl Oz)</p><a href="https://www.amazon.com/dp/B0758F8KDC?tag=eloabder-20&linkCode=osi&th=1&psc=1">View Product</a></div><div class="product"><a href="https://www.amazon.com/dp/B003CP12O8?tag=eloabder-20&linkCode=osi&th=1&psc=1"><img src="https://m.media-amazon.com/images/I/41q24Q+sXGL._SL500_.jpg" alt="Product Image"></a><p>Crest Pro Health Multi-Protection Mouthwash with CPC (Cetylpyridinium Chloride), Clean Mint, 1L (33.8 fl oz)</p><p>$4.97 ($0.05 / Fl Oz)</p><a href="https://www.amazon.com/dp/B003CP12O8?tag=eloabder-20&linkCode=osi&th=1&psc=1">View Product</a></div><div class="product"><a href="https://www.amazon.com/dp/B0126XBQK6?tag=eloabder-20&linkCode=osi&th=1&psc=1"><img src="https://m.media-amazon.com/images/I/41nVZBcG4uL._SL500_.jpg" alt="Product Image"></a><p>Crest Pro-Health Advanced Mouthwash, Alcohol Free, Extra Whitening, Energizing Mint Flavor, 946 mL (32 fl oz)</p><p>$7.32 ($0.23 / Fl Oz)</p><a href="https://www.amazon.com/dp/B0126XBQK6?tag=eloabder-20&linkCode=osi&th=1&psc=1">View Product</a></div><div class="product"><a href="https://www.amazon.com/dp/B0C881GLNM?tag=eloabder-20&linkCode=osi&th=1&psc=1"><img src="https://m.media-amazon.com/images/I/51C2ohy2RWL._SL500_.jpg" alt="Product Image"></a><p>Crest Pro-Health Advanced Mouthwash, Alcohol Free, Multi-Protection, Fresh Mint, 1 L (33.8 fl oz), Pack of 2</p><p>$10.97 ($0.16 / Fl Oz)</p><a href="https://www.amazon.com/dp/B0C881GLNM?tag=eloabder-20&linkCode=osi&th=1&psc=1">View Product</a></div><div class="product"><a href="https://www.amazon.com/dp/B001ET76AI?tag=eloabder-20&linkCode=osi&th=1&psc=1"><img src="https://m.media-amazon.com/images/I/516FU3AGpJL._SL500_.jpg" alt="Product Image"></a><p>TheraBreath Fresh Breath Mouthwash, Mild Mint Flavor, Alcohol-Free, 16 Fl Oz (2-Pack)</p><p>$15.34 ($0.48 / Fl Oz)</p><a href="https://www.amazon.com/dp/B001ET76AI?tag=eloabder-20&linkCode=osi&th=1&psc=1">View Product</a></div><div class="product"><a href="https://www.amazon.com/dp/B08MFWB9DY?tag=eloabder-20&linkCode=osi&th=1&psc=1"><img src="https://m.media-amazon.com/images/I/41EFMnoVtWL._SL500_.jpg" alt="Product Image"></a><p>Listerine Cool Mint Mouthwash, Kills 99.9% of Germs That Cause Bad Breath, Plaque and Gingivitis, Antiseptic, Cool Mint Flavor, 1 L (Pack of 2)</p><p>$21.98 ($0.33 / Count)</p><a href="https://www.amazon.com/dp/B08MFWB9DY?tag=eloabder-20&linkCode=osi&th=1&psc=1">View Product</a></div><div class="product"><a href="https://www.amazon.com/dp/B0B5Y2G4HH?tag=eloabder-20&linkCode=osi&th=1&psc=1"><img src="https://m.media-amazon.com/images/I/41KhoumiQGL._SL500_.jpg" alt="Product Image"></a><p>Listerine Freshburst Antiseptic Mouthwash for Bad Breath, Kills 99% of Germs That Cause Bad Breath & Fight Plaque & Gingivitis, ADA Accepted Mouthwash, Spearmint, 1 L, Pack of 2</p><p>$13.96 ($0.21 / Fl Oz)</p><a href="https://www.amazon.com/dp/B0B5Y2G4HH?tag=eloabder-20&linkCode=osi&th=1&psc=1">View Product</a></div><div class="product"><a href="https://www.amazon.com/dp/B09HH94MYJ?tag=eloabder-20&linkCode=osi&th=1&psc=1"><img src="https://m.media-amazon.com/images/I/31TPuTUW1BL._SL500_.jpg" alt="Product Image"></a><p>Amazon Basics Antiseptic Mouthwash, Blue Mint, 1.5 Liters, 50.7 Fluid Ounces, 1-Pack (Previously Solimo)</p><p>$6.09 ($0.12 / Fl Oz)</p><a href="https://www.amazon.com/dp/B09HH94MYJ?tag=eloabder-20&linkCode=osi&th=1&psc=1">View Product</a></div>
<div class="product"><a href="https://www.amazon.com/dp/B0D63QCRGL?tag=eloabder-20&linkCode=osi&th=1&psc=1"><img src="https://m.media-amazon.com/images/I/410JEyjFwLL._SL500_.jpg" alt="Product Image"></a><p>Edge Shaving Gel for Men, 9.5oz, 2 Pack Mens Shave Gel with Aloe, Mens Shaving Cream, Sensitive Skin Shave Gel - Moisturizes, Protects, and Soothes</p><p>$10.49 ($0.55 / Fl Oz)</p><a href="https://www.amazon.com/dp/B0D63QCRGL?tag=eloabder-20&linkCode=osi&th=1&psc=1">View Product</a></div><div class="product"><a href="https://www.amazon.com/dp/B00O4QAF9C?tag=eloabder-20&linkCode=osi&th=1&psc=1"><img src="https://m.media-amazon.com/images/I/41RVD6l-hrL._SL500_.jpg" alt="Product Image"></a><p>NIVEA MEN Sensitive Shave Gel with Vitamin E, Soothing Chamomile and Witch Hazel Extracts, 3 Pack of 7 Oz Cans</p><p>$12.29 ($0.59 / Ounce)</p><a href="https://www.amazon.com/dp/B00O4QAF9C?tag=eloabder-20&linkCode=osi&th=1&psc=1">View Product</a></div><div class="product"><a href="https://www.amazon.com/dp/B001KYQF3Q?tag=eloabder-20&linkCode=osi&th=1&psc=1"><img src="https://m.media-amazon.com/images/I/316d0GbBLOL._SL500_.jpg" alt="Product Image"></a><p>eos Shea Better Shaving Cream- Pomegranate Raspberry, Women's Shave Cream, Skin Care, Doubles as an In-Shower Lotion, 24-Hour Hydration, 7 fl oz</p><p>$5.99 ($0.86 / Fl Oz)</p><a href="https://www.amazon.com/dp/B001KYQF3Q?tag=eloabder-20&linkCode=osi&th=1&psc=1">View Product</a></div><div class="product"><a href="https://www.amazon.com/dp/B001E5E9RA?tag=eloabder-20&linkCode=osi&th=1&psc=1"><img src="https://m.media-amazon.com/images/I/512q9x5lQIL._SL500_.jpg" alt="Product Image"></a><p>Gillette Foamy Regular Shaving Cream, Pack of 12, 11 oz each</p><p>$29.64 ($0.22 / Fl Oz)</p><a href="https://www.amazon.com/dp/B001E5E9RA?tag=eloabder-20&linkCode=osi&th=1&psc=1">View Product</a></div><div class="product"><a href="https://www.amazon.com/dp/B08YFKJ8YW?tag=eloabder-20&linkCode=osi&th=1&psc=1"><img src="https://m.media-amazon.com/images/I/41-q6KVJiXL._SL500_.jpg" alt="Product Image"></a><p>eos Shea Better Shaving Cream for Women Variety Pack - Pomegranate Raspberry + Pink Citrus, Shave Cream, Skin Care and Lotion with Shea Butter and Aloe, 24 Hour Hydration, 7 Fl Oz, Pack of 2</p><p>$9.39 ($0.67 / Fl Oz)</p><a href="https://www.amazon.com/dp/B08YFKJ8YW?tag=eloabder-20&linkCode=osi&th=1&psc=1">View Product</a></div><div class="product"><a href="https://www.amazon.com/dp/B01NA0UN40?tag=eloabder-20&linkCode=osi&th=1&psc=1"><img src="https://m.media-amazon.com/images/I/31VUzrty0JL._SL500_.jpg" alt="Product Image"></a><p>Cremo Barber Grade Sandalwood Shave Cream, Astonishingly Superior Ultra-Slick Shaving Cream for Men, Fights Nicks, Cuts and Razor Burn, 6 Fl Oz (Packaging May Vary)</p><p>$8.49 ($1.42 / Fl Oz)</p><a href="https://www.amazon.com/dp/B01NA0UN40?tag=eloabder-20&linkCode=osi&th=1&psc=1">View Product</a></div><div class="product"><a href="https://www.amazon.com/dp/B0828J17PM?tag=eloabder-20&linkCode=osi&th=1&psc=1"><img src="https://m.media-amazon.com/images/I/51g36q13CbL._SL500_.jpg" alt="Product Image"></a><p>Skintimate Skin Therapy Dry Skin Shave Gel for Women, 3 Pack | Skintimate Shaving Cream for Women, Womens Shaving Cream, Shaving Foam, Womens Shave Gel, Pack of 3, 7oz each</p><p>$9.71 ($0.46 / Ounce)</p><a href="https://www.amazon.com/dp/B0828J17PM?tag=eloabder-20&linkCode=osi&th=1&psc=1">View Product</a></div><div class="product"><a href="https://www.amazon.com/dp/B001E5E9RK?tag=eloabder-20&linkCode=osi&th=1&psc=1"><img src="https://m.media-amazon.com/images/I/515y2aCFbpL._SL500_.jpg" alt="Product Image"></a><p>Gillette Foamy Shaving Cream, Sensitive Skin, 11 Ounce (Pack of 12)</p><p>$29.28 ($0.24 / Ounce)</p><a href="https://www.amazon.com/dp/B001E5E9RK?tag=eloabder-20&linkCode=osi&th=1&psc=1">View Product</a></div>
<div class="product"><a href="https://www.amazon.com/dp/B07CZCQ481?tag=eloabder-20&linkCode=osi&th=1&psc=1"><img src="https://m.media-amazon.com/images/I/51fV12qs95L._SL500_.jpg" alt="Product Image"></a><p>Amazon Basics 5-Blade MotionSphere Razor for Men with Dual Lubrication and Precision Trimmer, Handle & 16 Cartridges, Cartridges fit, Razor Handles only, 17 Piece Set, Black</p><p>$23.37 ($1.46 / Count)</p><a href="https://www.amazon.com/dp/B07CZCQ481?tag=eloabder-20&linkCode=osi&th=1&psc=1">View Product</a></div><div class="product"><a href="https://www.amazon.com/dp/B0039LMTAQ?tag=eloabder-20&linkCode=osi&th=1&psc=1"><img src="https://m.media-amazon.com/images/I/41Rs01cZosL._SL500_.jpg" alt="Product Image"></a><p>Gillette Venus Sensitive Women's Disposable Razors - Single Package of 3 Razors</p><p>$6.94</p><a href="https://www.amazon.com/dp/B0039LMTAQ?tag=eloabder-20&linkCode=osi&th=1&psc=1">View Product</a></div><div class="product"><a href="https://www.amazon.com/dp/B0001LQGPG?tag=eloabder-20&linkCode=osi&th=1&psc=1"><img src="https://m.media-amazon.com/images/I/51V5N3IVEwL._SL500_.jpg" alt="Product Image"></a><p>Gillette Sensor3 Sensitive Men's Disposable Razor, 4 Razors</p><p>$6.97 ($1.74 / Count)</p><a href="https://www.amazon.com/dp/B0001LQGPG?tag=eloabder-20&linkCode=osi&th=1&psc=1">View Product</a></div><div class="product"><a href="https://www.amazon.com/dp/B07CYN88NJ?tag=eloabder-20&linkCode=osi&th=1&psc=1"><img src="https://m.media-amazon.com/images/I/41w0Vc7n8wL._SL500_.jpg" alt="Product Image"></a><p>Amazon Basics 5-Blade Razor for Women, Handle, 12 Cartridges & Shower Hanger (Cartridges fit Amazon Basics Razor Handles only) 14 Piece Set, Blue</p><p>$20.38 ($1.70 / Count)</p><a href="https://www.amazon.com/dp/B07CYN88NJ?tag=eloabder-20&linkCode=osi&th=1&psc=1">View Product</a></div><div class="product"><a href="https://www.amazon.com/dp/B0787K2Y6P?tag=eloabder-20&linkCode=osi&th=1&psc=1"><img src="https://m.media-amazon.com/images/I/51c40TfsOZL._SL500_.jpg" alt="Product Image"></a><p>BIC Silky Touch Women's Disposable Razors, With 2 Blades, Pretty Pastel Razor Handles, 40 Count Value Pack of Shaving Razors</p><p>$10.68 ($0.27 / Count)</p><a href="https://www.amazon.com/dp/B0787K2Y6P?tag=eloabder-20&linkCode=osi&th=1&psc=1">View Product</a></div><div class="product"><a href="https://www.amazon.com/dp/B07C3CRB4S?tag=eloabder-20&linkCode=osi&th=1&psc=1"><img src="https://m.media-amazon.com/images/I/51wKCMCg-BL._SL500_.jpg" alt="Product Image"></a><p>Gillette Sensor2 Plus Disposable Razor (52 Pack)</p><p>$42.97 ($0.83 / Count)</p><a href="https://www.amazon.com/dp/B07C3CRB4S?tag=eloabder-20&linkCode=osi&th=1&psc=1">View Product</a></div><div class="product"><a href="https://www.amazon.com/dp/B002L5WFT6?tag=eloabder-20&linkCode=osi&th=1&psc=1"><img src="https://m.media-amazon.com/images/I/41O0ja9JVYL._SL500_.jpg" alt="Product Image"></a><p>BIC Soleil Smooth Scented Women’s Disposable Razor, 3 Blades with a Moisture Strip For a Silky Shave, Assorted, 4 Piece Razor Set</p><p>$5.17 ($1.29 / Count)</p><a href="https://www.amazon.com/dp/B002L5WFT6?tag=eloabder-20&linkCode=osi&th=1&psc=1">View Product</a></div><div class="product"><a href="https://www.amazon.com/dp/B0BHL7D2WT?tag=eloabder-20&linkCode=osi&th=1&psc=1"><img src="https://m.media-amazon.com/images/I/51txBsOvmxL._SL500_.jpg" alt="Product Image"></a><p>Gillette Sensor3 Sensitive Men's Disposable Razor, 12 Razors</p><p>$14.97 ($1.25 / Count)</p><a href="https://www.amazon.com/dp/B0BHL7D2WT?tag=eloabder-20&linkCode=osi&th=1&psc=1">View Product</a></div><div class="product"><a href="https://www.amazon.com/dp/B083LDTH1C?tag=eloabder-20&linkCode=osi&th=1&psc=1"><img src="https://m.media-amazon.com/images/I/41T2z9f6YcL._SL500_.jpg" alt="Product Image"></a><p>Freshscent (144 Pack) Individually Wrapped Twin Blade Razors with Clear Safety Cap, Disposable, Bulk Packed, Sold by the Case, unisex</p><p>$27.95 ($0.19 / Count)</p><a href="https://www.amazon.com/dp/B083LDTH1C?tag=eloabder-20&linkCode=osi&th=1&psc=1">View Product</a></div>
<div class="product"><a href="https://www.amazon.com/dp/B00TPRG5D0?tag=eloabder-20&linkCode=osi&th=1&psc=1"><img src="https://m.media-amazon.com/images/I/61Ezqbe7QUL._SL500_.jpg" alt="Product Image"></a><p>Degree Men Original Antiperspirant Deodorant Cool Rush Twin Pack 48-Hour Sweat & Odor Protection Antiperspirant For Men 2.7 oz</p><p>$6.27 ($1.16 / Ounce)</p><a href="https://www.amazon.com/dp/B00TPRG5D0?tag=eloabder-20&linkCode=osi&th=1&psc=1">View Product</a></div><div class="product"><a href="https://www.amazon.com/dp/B01HTJTMF8?tag=eloabder-20&linkCode=osi&th=1&psc=1"><img src="https://m.media-amazon.com/images/I/61k+x5yZyML._SL500_.jpg" alt="Product Image"></a><p>Dove Men + Care Antiperspirant Deodorant, 72hr Sweat & Odor Protection, Vitamin E, Triple Moisturizer, 4 Pack</p><p>$18.48 ($1.71 / Ounce)</p><a href="https://www.amazon.com/dp/B01HTJTMF8?tag=eloabder-20&linkCode=osi&th=1&psc=1">View Product</a></div><div class="product"><a href="https://www.amazon.com/dp/B072J2ZBPY?tag=eloabder-20&linkCode=osi&th=1&psc=1"><img src="https://m.media-amazon.com/images/I/41Th2KQyzlL._SL500_.jpg" alt="Product Image"></a><p>Degree Men UltraClear Antiperspirant Deodorant Black + White 72-Hour Sweat & Odor Protection Antiperspirant For Men With MotionSense Technology 2.7 Ounce (Pack of 4)</p><p>$18.78 ($1.74 / Ounce)</p><a href="https://www.amazon.com/dp/B072J2ZBPY?tag=eloabder-20&linkCode=osi&th=1&psc=1">View Product</a></div><div class="product"><a href="https://www.amazon.com/dp/B08NYHVJ5N?tag=eloabder-20&linkCode=osi&th=1&psc=1"><img src="https://m.media-amazon.com/images/I/51s98nEidOL._SL500_.jpg" alt="Product Image"></a><p>Old Spice Aluminum Free Deodorant for Men, High Endurance Sport Scent, 24/7 Odor Protection, 3 oz (Pack Of 3)</p><p>$14.88 ($3.72 / Count)</p><a href="https://www.amazon.com/dp/B08NYHVJ5N?tag=eloabder-20&linkCode=osi&th=1&psc=1">View Product</a></div><div class="product"><a href="https://www.amazon.com/dp/B0080PEM3S?tag=eloabder-20&linkCode=osi&th=1&psc=1"><img src="https://m.media-amazon.com/images/I/61a+r3V48HL._SL500_.jpg" alt="Product Image"></a><p>Degree Advanced Protection Antiperspirant Deodorant White Flowers & Lychee for 72-Hour Sweat & Odor Control for Women, with Body Heat Activated Technology, 2.6 oz</p><p>$4.99 ($1.92 / Ounce)</p><a href="https://www.amazon.com/dp/B0080PEM3S?tag=eloabder-20&linkCode=osi&th=1&psc=1">View Product</a></div><div class="product"><a href="https://www.amazon.com/dp/B002VUAM46?tag=eloabder-20&linkCode=osi&th=1&psc=1"><img src="https://m.media-amazon.com/images/I/51+tUdTWg0L._SL500_.jpg" alt="Product Image"></a><p>Degree Men Antiperspirant Deodorant Adventure Freshness and Odor Protection Deodorant for Men 2.7 Oz, (Pack of 4) Woodsy, Stick</p><p>$11.98 ($1.11 / Ounce)</p><a href="https://www.amazon.com/dp/B002VUAM46?tag=eloabder-20&linkCode=osi&th=1&psc=1">View Product</a></div><div class="product"><a href="https://www.amazon.com/dp/B01HTJTPZA?tag=eloabder-20&linkCode=osi&th=1&psc=1"><img src="https://m.media-amazon.com/images/I/618IrjjMkUL._SL500_.jpg" alt="Product Image"></a><p>Dove Advanced Care Antiperspirant Deodorant Stick Cool Essentials 4 ct for helping your skin barrier repair after shaving 72 hour odor control and sweat protection with Pro Ceramide Technology 2.6 oz</p><p>$16.98 ($1.63 / Ounce)</p><a href="https://www.amazon.com/dp/B01HTJTPZA?tag=eloabder-20&linkCode=osi&th=1&psc=1">View Product</a></div><div class="product"><a href="https://www.amazon.com/dp/B0093WBGOA?tag=eloabder-20&linkCode=osi&th=1&psc=1"><img src="https://m.media-amazon.com/images/I/311iiyC2ZUL._SL500_.jpg" alt="Product Image"></a><p>Secret Invisible Solid Antiperspirant and Deodorant for Women, pH Balanced, Powder Fresh Scent, 2.6 oz</p><p>$3.97 ($1.53 / Ounce)</p><a href="https://www.amazon.com/dp/B0093WBGOA?tag=eloabder-20&linkCode=osi&th=1&psc=1">View Product</a></div><div class="product"><a href="https://www.amazon.com/dp/B0BMJL589N?tag=eloabder-20&linkCode=osi&th=1&psc=1"><img src="https://m.media-amazon.com/images/I/41d3WOeZRPL._SL500_.jpg" alt="Product Image"></a><p>Dove Antiperspirant Spray, International Version, 150 ml (Pack of 10) - Mixed within available scents, no more than 2 products of the same scent</p><p>$38.95 ($0.77 / Fl Oz)</p><a href="https://www.amazon.com/dp/B0BMJL589N?tag=eloabder-20&linkCode=osi&th=1&psc=1">View Product</a></div><div class="product"><a href="https://www.amazon.com/dp/B0B5B53NR7?tag=eloabder-20&linkCode=osi&th=1&psc=1"><img src="https://m.media-amazon.com/images/I/516jSkX0GDL._SL500_.jpg" alt="Product Image"></a><p>Gillette Antiperspirant and Deodorant for Men, 72-Hour Sweat Protection, Clear Gel, Cool Wave Scent, 3.8 oz (Pack of 4)</p><p>$23.60 ($1.55 / Ounce)</p><a href="https://www.amazon.com/dp/B0B5B53NR7?tag=eloabder-20&linkCode=osi&th=1&psc=1">View Product</a></div>
<div class="product"><a href="https://www.amazon.com/dp/B0BV4SCSBH?tag=eloabder-20&linkCode=osi&th=1&psc=1"><img src="https://m.media-amazon.com/images/I/61TxQVLN5DL._SL500_.jpg" alt="Product Image"></a><p>Dove Body Wash Deep Moisture 4 Count For Dry Skin Moisturizing Skin Cleanser with 24hr Renewing MicroMoisture Nourishes The Driest Skin 20 oz</p><p>$19.70 ($0.25 / Fl Oz)</p><a href="https://www.amazon.com/dp/B0BV4SCSBH?tag=eloabder-20&linkCode=osi&th=1&psc=1">View Product</a></div><div class="product"><a href="https://www.amazon.com/dp/B0CK51LYDN?tag=eloabder-20&linkCode=osi&th=1&psc=1"><img src="https://m.media-amazon.com/images/I/51oaEavRWNL._SL500_.jpg" alt="Product Image"></a><p>Dr Teal's Body Wash with Pure Epsom Salt, Glow & Radiance with Vitamin C & Citrus Essential Oils, 24oz (Pack of 2) (Packaging May Vary)</p><p>$11.98 ($0.25 / Fl Oz)</p><a href="https://www.amazon.com/dp/B0CK51LYDN?tag=eloabder-20&linkCode=osi&th=1&psc=1">View Product</a></div><div class="product"><a href="https://www.amazon.com/dp/B092RFRY9D?tag=eloabder-20&linkCode=osi&th=1&psc=1"><img src="https://m.media-amazon.com/images/I/41-JuTph2CS._SL500_.jpg" alt="Product Image"></a><p>NIVEA White Peach and Jasmine Body Wash with Nourishing Serum, Pack of 3, 20 Fl Oz</p><p>$12.87 ($0.21 / Fl Oz)</p><a href="https://www.amazon.com/dp/B092RFRY9D?tag=eloabder-20&linkCode=osi&th=1&psc=1">View Product</a></div><div class="product"><a href="https://www.amazon.com/dp/B0BT1WL6KY?tag=eloabder-20&linkCode=osi&th=1&psc=1"><img src="https://m.media-amazon.com/images/I/21jeYtt0GbL._SL500_.jpg" alt="Product Image"></a><p>Method Body Wash, Simply Nourish, Paraben and Phthalate Free, Biodegradable Formula, 28 oz (Pack of 1)</p><p>$11.48 ($0.41 / Fl Oz)</p><a href="https://www.amazon.com/dp/B0BT1WL6KY?tag=eloabder-20&linkCode=osi&th=1&psc=1">View Product</a></div><div class="product"><a href="https://www.amazon.com/dp/B0BT1WN3ZD?tag=eloabder-20&linkCode=osi&th=1&psc=1"><img src="https://m.media-amazon.com/images/I/21GMn0pFzCL._SL500_.jpg" alt="Product Image"></a><p>Method Body Wash, Sea + Surf, Paraben and Phthalate Free, Biodegradable Formula, 28 oz, (Pack of 1)</p><p>$11.48 ($0.41 / Fl Oz)</p><a href="https://www.amazon.com/dp/B0BT1WN3ZD?tag=eloabder-20&linkCode=osi&th=1&psc=1">View Product</a></div><div class="product"><a href="https://www.amazon.com/dp/B09M7SPFSJ?tag=eloabder-20&linkCode=osi&th=1&psc=1"><img src="https://m.media-amazon.com/images/I/31bOOl+IL6L._SL500_.jpg" alt="Product Image"></a><p>Ivory Mild & Gentle Body Wash, Original Scent, 35oz</p><p>$5.97 ($0.17 / Ounce)</p><a href="https://www.amazon.com/dp/B09M7SPFSJ?tag=eloabder-20&linkCode=osi&th=1&psc=1">View Product</a></div><div class="product"><a href="https://www.amazon.com/dp/B082QBPDJC?tag=eloabder-20&linkCode=osi&th=1&psc=1"><img src="https://m.media-amazon.com/images/I/31tC4JDwHQL._SL500_.jpg" alt="Product Image"></a><p>NIVEA Coconut and Almond Milk Body Wash with Nourishing Serum, 20 Fl Oz Bottle</p><p>$5.29 ($0.26 / Fl Oz)</p><a href="https://www.amazon.com/dp/B082QBPDJC?tag=eloabder-20&linkCode=osi&th=1&psc=1">View Product</a></div><div class="product"><a href="https://www.amazon.com/dp/B01MT3PG83?tag=eloabder-20&linkCode=osi&th=1&psc=1"><img src="https://m.media-amazon.com/images/I/31VWOYP5KsL._SL500_.jpg" alt="Product Image"></a><p>Aveeno Daily Moisturizing Body Wash, Body Wash for Dry Skin with Soothing Oat, Creamy Shower Cleanser, Gentle, Soap-Free and Dye-Free, Lightly Scented Body Wash, 33 FL OZ</p><p>$13.48 ($0.41 / Fl Oz)</p><a href="https://www.amazon.com/dp/B01MT3PG83?tag=eloabder-20&linkCode=osi&th=1&psc=1">View Product</a></div><div class="product"><a href="https://www.amazon.com/dp/B0BNQWFWLF?tag=eloabder-20&linkCode=osi&th=1&psc=1"><img src="https://m.media-amazon.com/images/I/41trFLlJ04L._SL500_.jpg" alt="Product Image"></a><p>Neutrogena Rainbath Body Wash, Refreshing, Moisturizing Daily Body Cleanser and Shaving Gel with Clean Rinsing Lather, Original Scent, 32 fl. Oz</p><p>$15.98 ($0.50 / Fl Oz)</p><a href="https://www.amazon.com/dp/B0BNQWFWLF?tag=eloabder-20&linkCode=osi&th=1&psc=1">View Product</a></div><div class="product"><a href="https://www.amazon.com/dp/B0BVBYDTZ6?tag=eloabder-20&linkCode=osi&th=1&psc=1"><img src="https://m.media-amazon.com/images/I/61UbJzK8yIL._SL500_.jpg" alt="Product Image"></a><p>Dove Body Wash with Pump Refreshing Cucumber and Green Tea 3 Count Refreshes Skin Cleanser That Effectively Washes Away Bacteria While Nourishing Your Skin 30.6 oz</p><p>$29.91 ($0.33 / Fl Oz)</p><a href="https://www.amazon.com/dp/B0BVBYDTZ6?tag=eloabder-20&linkCode=osi&th=1&psc=1">View Product</a></div>
<div class="product"><a href="https://www.amazon.com/dp/B00AINMFAC?tag=eloabder-20&linkCode=osi&th=1&psc=1"><img src="https://m.media-amazon.com/images/I/41D7x04cFtL._SL500_.jpg" alt="Product Image"></a><p>Nizoral Anti-Dandruff Shampoo with 1% Ketoconazole, Fresh Scent, 7 Fl Oz</p><p>$15.88 ($2.27 / Fl Oz)</p><a href="https://www.amazon.com/dp/B00AINMFAC?tag=eloabder-20&linkCode=osi&th=1&psc=1">View Product</a></div><div class="product"><a href="https://www.amazon.com/dp/B00ADRH2OM?tag=eloabder-20&linkCode=osi&th=1&psc=1"><img src="https://m.media-amazon.com/images/I/413WPcPNDbL._SL500_.jpg" alt="Product Image"></a><p>OGX Thick & Full + Biotin & Collagen Volumizing Shampoo, Nutrient-Infused Hair Shampoo with Vitamin B7 Biotin Gives Hair Volume & Body for 72+ Hours, Sulfate-Free Surfactants, 13 fl. oz</p><p>$6.97 ($0.54 / Fl Oz)</p><a href="https://www.amazon.com/dp/B00ADRH2OM?tag=eloabder-20&linkCode=osi&th=1&psc=1">View Product</a></div><div class="product"><a href="https://www.amazon.com/dp/B008J2GP9G?tag=eloabder-20&linkCode=osi&th=1&psc=1"><img src="https://m.media-amazon.com/images/I/31BkIKu3HgL._SL500_.jpg" alt="Product Image"></a><p>OGX Renewing Argan Oil of Morocco Shampoo - Strengthens and Repairs Dry, Damaged Hair - Paraben-Free, Sulfate-Free - 25.4 fl. oz</p><p>$11.99 ($0.47 / Fl Oz)</p><a href="https://www.amazon.com/dp/B008J2GP9G?tag=eloabder-20&linkCode=osi&th=1&psc=1">View Product</a></div><div class="product"><a href="https://www.amazon.com/dp/B082YG62JM?tag=eloabder-20&linkCode=osi&th=1&psc=1"><img src="https://m.media-amazon.com/images/I/31c5qlF0nYL._SL500_.jpg" alt="Product Image"></a><p>Acure Shampoo 100% Vegan, Ultra Hydrating Moisture & Omega Fatty Acids, , Yellow Argan Oil & Pumpkin, 8 Fl Oz</p><p>$9.99 ($1.25 / Fl Oz)</p><a href="https://www.amazon.com/dp/B082YG62JM?tag=eloabder-20&linkCode=osi&th=1&psc=1">View Product</a></div><div class="product"><a href="https://www.amazon.com/dp/B008OL3WZC?tag=eloabder-20&linkCode=osi&th=1&psc=1"><img src="https://m.media-amazon.com/images/I/31ePAzWLH8L._SL500_.jpg" alt="Product Image"></a><p>Avalon Organics Scalp Treatment Tea Tree Shampoo, Encourages Scalp Well-Being and Leaves Hair Soft, 32 Fluid Ounces</p><p>$17.69 ($0.55 / Fl Oz)</p><a href="https://www.amazon.com/dp/B008OL3WZC?tag=eloabder-20&linkCode=osi&th=1&psc=1">View Product</a></div><div class="product"><a href="https://www.amazon.com/dp/B0006FMK98?tag=eloabder-20&linkCode=osi&th=1&psc=1"><img src="https://m.media-amazon.com/images/I/31y1U0kzgQL._SL500_.jpg" alt="Product Image"></a><p>Vanicream Shampoo – pH Balanced Mild Formula Effective For All Hair Types and Sensitive Scalps - Free of Fragrance, Lanolin, and Parabens – 12 Fl Oz</p><p>$12.93 ($1.08 / Ounce)</p><a href="https://www.amazon.com/dp/B0006FMK98?tag=eloabder-20&linkCode=osi&th=1&psc=1">View Product</a></div><div class="product"><a href="https://www.amazon.com/dp/B00OO0J9UY?tag=eloabder-20&linkCode=osi&th=1&psc=1"><img src="https://m.media-amazon.com/images/I/6111IvzP9vL._SL500_.jpg" alt="Product Image"></a><p>SheaMoisture Intensive Hydration Shampoo for Dry, Damaged Hair Manuka Honey and Mafura Oil Sulfate-Free 13 oz</p><p>$10.61 ($0.82 / Fl Oz)</p><a href="https://www.amazon.com/dp/B00OO0J9UY?tag=eloabder-20&linkCode=osi&th=1&psc=1">View Product</a></div><div class="product"><a href="https://www.amazon.com/dp/B004LT9EDU?tag=eloabder-20&linkCode=osi&th=1&psc=1"><img src="https://m.media-amazon.com/images/I/311kQY8LxlL._SL500_.jpg" alt="Product Image"></a><p>Vanicream Shampoo For Sensitive Skin 12 OZ (Pack of 3)</p><p>$30.37 ($0.84 / Fl Oz)</p><a href="https://www.amazon.com/dp/B004LT9EDU?tag=eloabder-20&linkCode=osi&th=1&psc=1">View Product</a></div>
<div class="product"><a href="https://www.amazon.com/dp/B00ADR6M2U?tag=eloabder-20&linkCode=osi&th=1&psc=1"><img src="https://m.media-amazon.com/images/I/41m-SPUM-nL._SL500_.jpg" alt="Product Image"></a><p>OGX Thick & Full + Biotin & Collagen Volumizing Conditioner, Nutrient-Infused Conditioner with Vitamin B7 Biotin Gives Hair Volume & Body for 72+ Hours, Sulfate-Free Surfactants, 13 fl. Oz</p><p>$6.97 ($0.54 / Fl Oz)</p><a href="https://www.amazon.com/dp/B00ADR6M2U?tag=eloabder-20&linkCode=osi&th=1&psc=1">View Product</a></div><div class="product"><a href="https://www.amazon.com/dp/B000VEJVCI?tag=eloabder-20&linkCode=osi&th=1&psc=1"><img src="https://m.media-amazon.com/images/I/21qrX8H4+-L._SL500_.jpg" alt="Product Image"></a><p>Paul Mitchell The Conditioner Original Leave-In, Balances Moisture, For All Hair Types, 16.9 fl. oz.</p><p>$21.00 ($1.24 / Fl Oz)</p><a href="https://www.amazon.com/dp/B000VEJVCI?tag=eloabder-20&linkCode=osi&th=1&psc=1">View Product</a></div><div class="product"><a href="https://www.amazon.com/dp/B0128QFSPK?tag=eloabder-20&linkCode=osi&th=1&psc=1"><img src="https://m.media-amazon.com/images/I/31lrVfnasLL._SL500_.jpg" alt="Product Image"></a><p>OGX Quenching + Coconut Curls Curl-Defining Conditioner, Nourishing Curly Hair Conditioner with Coconut /Citrus Oil & Honey, Paraben-Free with Sulfate-Free Surfactants, 13oz</p><p>$6.97 ($0.54 / Fl Oz)</p><a href="https://www.amazon.com/dp/B0128QFSPK?tag=eloabder-20&linkCode=osi&th=1&psc=1">View Product</a></div><div class="product"><a href="https://www.amazon.com/dp/B00OVQO66S?tag=eloabder-20&linkCode=osi&th=1&psc=1"><img src="https://m.media-amazon.com/images/I/61S7x6GUaFL._SL500_.jpg" alt="Product Image"></a><p>SheaMoisture Conditioner Intensive Hydration for Dry, Damaged Hair Manuka Honey and Mafura Oil to Nourish and Soften Hair 13 oz</p><p>$10.97 ($0.84 / Fl Oz)</p><a href="https://www.amazon.com/dp/B00OVQO66S?tag=eloabder-20&linkCode=osi&th=1&psc=1">View Product</a></div><div class="product"><a href="https://www.amazon.com/dp/B0048F38DY?tag=eloabder-20&linkCode=osi&th=1&psc=1"><img src="https://m.media-amazon.com/images/I/41GrHa75nWL._SL500_.jpg" alt="Product Image"></a><p>OGX Renewing + Argan Oil of Morocco Conditioner, Repair Conditioner & Argan Oil Helps Strengthen & Repair Dry, Damaged Hair, Paraben-Free, Sulfate-Free Surfactants, 13 fl. oz</p><p>$6.97 ($0.54 / Fl Oz)</p><a href="https://www.amazon.com/dp/B0048F38DY?tag=eloabder-20&linkCode=osi&th=1&psc=1">View Product</a></div><div class="product"><a href="https://www.amazon.com/dp/B000TG850M?tag=eloabder-20&linkCode=osi&th=1&psc=1"><img src="https://m.media-amazon.com/images/I/31TYCRS9xuL._SL500_.jpg" alt="Product Image"></a><p>OGX Nourishing + Coconut Milk Conditioner, Hydrating & Restoring Conditioner Moisturizes for Soft Hair After the First Use, Parabens-Free, Sulfate-Free Surfactants, 13 fl. Oz</p><p>$6.97 ($0.54 / Fl Oz)</p><a href="https://www.amazon.com/dp/B000TG850M?tag=eloabder-20&linkCode=osi&th=1&psc=1">View Product</a></div><div class="product"><a href="https://www.amazon.com/dp/B004KATJVC?tag=eloabder-20&linkCode=osi&th=1&psc=1"><img src="https://m.media-amazon.com/images/I/41UlYEg4A8L._SL500_.jpg" alt="Product Image"></a><p>Ever Straightening + Brazilian Keratin Therapy Hair-Smoothing Conditioner with Coconut Oil, Cocoa Butter & Avocado Oil, Paraben-Free, Sulfate-Free Surfactants</p><p>$10.28 ($0.79 / Fl Oz)</p><a href="https://www.amazon.com/dp/B004KATJVC?tag=eloabder-20&linkCode=osi&th=1&psc=1">View Product</a></div><div class="product"><a href="https://www.amazon.com/dp/B00V6GPXZO?tag=eloabder-20&linkCode=osi&th=1&psc=1"><img src="https://m.media-amazon.com/images/I/41PW2fckFML._SL500_.jpg" alt="Product Image"></a><p>SheaMoisture Conditioner 100% Pure Jamaican Black Castor Oil to Intensely Smooth and Nourish Hair with Shea Butter, Peppermint and Apple Cider Vinegar 13 oz</p><p>$10.97 ($0.84 / Fl Oz)</p><a href="https://www.amazon.com/dp/B00V6GPXZO?tag=eloabder-20&linkCode=osi&th=1&psc=1">View Product</a></div>
<div class="product"><a href="https://www.amazon.com/dp/B08T7DSZYD?tag=eloabder-20&linkCode=osi&th=1&psc=1"><img src="https://m.media-amazon.com/images/I/41WwUSxcyGL._SL500_.jpg" alt="Product Image"></a><p>e.l.f. SKIN Hydrated Ever After Skincare Mini Kit, Cleanser, Makeup Remover, Moisturiser & Eye Cream For Hydrating Skin, Airplane-Friendly Sizes</p><p>$19.95</p><a href="https://www.amazon.com/dp/B08T7DSZYD?tag=eloabder-20&linkCode=osi&th=1&psc=1">View Product</a></div><div class="product"><a href="https://www.amazon.com/dp/B09NXS395V?tag=eloabder-20&linkCode=osi&th=1&psc=1"><img src="https://m.media-amazon.com/images/I/41ZHn0qwWwL._SL500_.jpg" alt="Product Image"></a><p>NAZANO Under Eye Patches - 60 Pcs - 24K Gold Eye Mask- Puffy Eyes & Dark Circles Treatments,Reduce Under Eye Bags and Smooth Wrinkles,Eye Skin Care Pads With Collagen,Hyaluronic Acid & Castor Oil</p><p>$6.98 ($0.23 / Count)</p><a href="https://www.amazon.com/dp/B09NXS395V?tag=eloabder-20&linkCode=osi&th=1&psc=1">View Product</a></div><div class="product"><a href="https://www.amazon.com/dp/B00PBX3L7K?tag=eloabder-20&linkCode=osi&th=1&psc=1"><img src="https://m.media-amazon.com/images/I/31OiAm-FA8L._SL500_.jpg" alt="Product Image"></a><p>COSRX Snail Mucin 96% Power Repairing Essence 3.38 fl.oz 100ml, Hydrating Serum for Face with Snail Secretion Filtrate for Dull Skin & Fine Lines, Korean Skincare</p><p>$14.99 ($4.43 / Fl Oz)</p><a href="https://www.amazon.com/dp/B00PBX3L7K?tag=eloabder-20&linkCode=osi&th=1&psc=1">View Product</a></div><div class="product"><a href="https://www.amazon.com/dp/B002LC9OES?tag=eloabder-20&linkCode=osi&th=1&psc=1"><img src="https://m.media-amazon.com/images/I/31WdAeiccEL._SL500_.jpg" alt="Product Image"></a><p>Mario Badescu Facial Spray with Aloe, Herbs and Rose Water for All Skin Types, Face Mist that Hydrates, Rejuvenates & Clarifies, 4 FL OZ</p><p>$8.00 ($2.00 / Fl Oz)</p><a href="https://www.amazon.com/dp/B002LC9OES?tag=eloabder-20&linkCode=osi&th=1&psc=1">View Product</a></div><div class="product"><a href="https://www.amazon.com/dp/B014PGEEO2?tag=eloabder-20&linkCode=osi&th=1&psc=1"><img src="https://m.media-amazon.com/images/I/51v+djIfQGL._SL500_.jpg" alt="Product Image"></a><p>Tree of Life Facial Skin Care Set, Brightening, Firming, Hydrating, Dry Face, Dermatologist Tested - Trio Power Kit, Vitamin C, Retinol and Hyaluronic Acid, 3 count of 1 Fl Oz</p><p>$29.99 ($10.00 / Fl Oz)</p><a href="https://www.amazon.com/dp/B014PGEEO2?tag=eloabder-20&linkCode=osi&th=1&psc=1">View Product</a></div><div class="product"><a href="https://www.amazon.com/dp/B0BSZ23FTF?tag=eloabder-20&linkCode=osi&th=1&psc=1"><img src="https://m.media-amazon.com/images/I/31GRN7P2p8L._SL500_.jpg" alt="Product Image"></a><p>Bubble Skincare Slam Dunk Face Moisturizer - Hydrating Face Cream for Dry Skin Made with Vitamin E + Aloe Vera Juice for a Glowing Complexion - Skin Care with Blue Light Protection (50ml)</p><p>$14.98 ($8.81 / Ounce)</p><a href="https://www.amazon.com/dp/B0BSZ23FTF?tag=eloabder-20&linkCode=osi&th=1&psc=1">View Product</a></div><div class="product"><a href="https://www.amazon.com/dp/B0BSYJYQY2?tag=eloabder-20&linkCode=osi&th=1&psc=1"><img src="https://m.media-amazon.com/images/I/31aQkQwjJYL._SL500_.jpg" alt="Product Image"></a><p>Bubble Skincare Level Up Balancing Face Moisturizer - Hydrating Gel Moisturizer Formulated with Zinc PCA + Niacinamide for Improved Texture & Radiance - Skin Care for Oily or Combination Skin (50ml)</p><p>$14.98 ($8.86 / Fl Oz)</p><a href="https://www.amazon.com/dp/B0BSYJYQY2?tag=eloabder-20&linkCode=osi&th=1&psc=1">View Product</a></div><div class="product"><a href="https://www.amazon.com/dp/B0BS8Y2FLK?tag=eloabder-20&linkCode=osi&th=1&psc=1"><img src="https://m.media-amazon.com/images/I/41CX-bGjaRL._SL500_.jpg" alt="Product Image"></a><p>PEAUAMIE Under Eye Patches (30 Pairs) Gold Eye Mask and Hyaluronic Acid Eye Patches for puffy eyes,Rose Eye Masks for Dark Circles and Puffiness under eye skin care Smooth Wrinkles products</p><p>$9.99 ($0.33 / Count)</p><a href="https://www.amazon.com/dp/B0BS8Y2FLK?tag=eloabder-20&linkCode=osi&th=1&psc=1">View Product</a></div>
<div class="product"><a href="https://www.amazon.com/dp/B01N9SPQHQ?tag=eloabder-20&linkCode=osi&th=1&psc=1"><img src="https://m.media-amazon.com/images/I/41NHgWAaYAL._SL500_.jpg" alt="Product Image"></a><p>La Roche-Posay Toleriane Double Repair Face Moisturizer, Daily Moisturizer Face Cream with Ceramide and Niacinamide for All Skin Types, Oil Free, Fragrance Free</p><p>$23.99 ($7.10 / Fl Oz)</p><a href="https://www.amazon.com/dp/B01N9SPQHQ?tag=eloabder-20&linkCode=osi&th=1&psc=1">View Product</a></div><div class="product"><a href="https://www.amazon.com/dp/B00TTD9BRC?tag=eloabder-20&linkCode=osi&th=1&psc=1"><img src="https://m.media-amazon.com/images/I/41Kc6H7fboL._SL500_.jpg" alt="Product Image"></a><p>CeraVe Moisturizing Cream | Body and Face Moisturizer for Dry Skin | Body Cream with Hyaluronic Acid and Ceramides | Daily Moisturizer | Oil-Free | Fragrance Free | Non-Comedogenic | 19 Ounce</p><p>$17.78 ($0.94 / Ounce)</p><a href="https://www.amazon.com/dp/B00TTD9BRC?tag=eloabder-20&linkCode=osi&th=1&psc=1">View Product</a></div><div class="product"><a href="https://www.amazon.com/dp/B07RK4HST7?tag=eloabder-20&linkCode=osi&th=1&psc=1"><img src="https://m.media-amazon.com/images/I/412DGoW35mL._SL500_.jpg" alt="Product Image"></a><p>CeraVe Daily Moisturizing Lotion for Dry Skin | Body Lotion & Face Moisturizer with Hyaluronic Acid and Ceramides | Daily Moisturizer | Fragrance Free | Oil-Free | 19 Ounce</p><p>$18.50 ($0.97 / Fl Oz)</p><a href="https://www.amazon.com/dp/B07RK4HST7?tag=eloabder-20&linkCode=osi&th=1&psc=1">View Product</a></div><div class="product"><a href="https://www.amazon.com/dp/B08127SC4G?tag=eloabder-20&linkCode=osi&th=1&psc=1"><img src="https://m.media-amazon.com/images/I/31lAajvgToL._SL500_.jpg" alt="Product Image"></a><p>e.l.f. SKIN Holy Hydration! Face Cream, Moisturizer For Nourishing & Plumping Skin, Infused With Hyaluronic Acid, Vegan & Cruelty-Free, 1.8 Oz</p><p>$13.00 ($7.39 / Ounce)</p><a href="https://www.amazon.com/dp/B08127SC4G?tag=eloabder-20&linkCode=osi&th=1&psc=1">View Product</a></div><div class="product"><a href="https://www.amazon.com/dp/B01LEJ5MSK?tag=eloabder-20&linkCode=osi&th=1&psc=1"><img src="https://m.media-amazon.com/images/I/418xEMrk6LL._SL500_.jpg" alt="Product Image"></a><p>COSRX Snail Mucin 92% Repair Cream, Daily Face Gel Moisturizer for Dry Skin, Acne-prone, Sensitive Skin, Not Tested on Animals, No Parabens, Korean Skincare (3.52 Fl Oz (Pack of 1))</p><p>$15.50 ($4.40 / Fl Oz)</p><a href="https://www.amazon.com/dp/B01LEJ5MSK?tag=eloabder-20&linkCode=osi&th=1&psc=1">View Product</a></div><div class="product"><a href="https://www.amazon.com/dp/B000YJ2SLG?tag=eloabder-20&linkCode=osi&th=1&psc=1"><img src="https://m.media-amazon.com/images/I/31J9bWXnQ+L._SL500_.jpg" alt="Product Image"></a><p>CeraVe Daily Moisturizing Lotion for Dry Skin | Body Lotion & Face Moisturizer with Hyaluronic Acid and Ceramides | Daily Moisturizer | Fragrance Free | Oil-Free | 12 Ounce</p><p>$13.68 ($1.14 / Fl Oz)</p><a href="https://www.amazon.com/dp/B000YJ2SLG?tag=eloabder-20&linkCode=osi&th=1&psc=1">View Product</a></div><div class="product"><a href="https://www.amazon.com/dp/B003QXZWYW?tag=eloabder-20&linkCode=osi&th=1&psc=1"><img src="https://m.media-amazon.com/images/I/41zdDGRaw0L._SL500_.jpg" alt="Product Image"></a><p>La Roche-Posay Lipikar AP+ Triple Repair Moisturizing Cream | Face & Body Lotion For Dry Skin | Shea Butter & Niacinamide Moisturizer | Gentle Face & Body Cream For Dry, Rough & Sensitive Skin</p><p>$19.99 ($1.48 / Fl Oz)</p><a href="https://www.amazon.com/dp/B003QXZWYW?tag=eloabder-20&linkCode=osi&th=1&psc=1">View Product</a></div><div class="product"><a href="https://www.amazon.com/dp/B01D1DQSIA?tag=eloabder-20&linkCode=osi&th=1&psc=1"><img src="https://m.media-amazon.com/images/I/21x7SimOZ2L._SL500_.jpg" alt="Product Image"></a><p>e.l.f. SKIN Daily Hydration Moisturizer, Ultra-Hydrating Formula, Infused with Aloe, Jojoba Oil & Shea Butter, Vegan & Cruelty-Free, 2.53 Fl Oz</p><p>$8.00 ($3.16 / Fl Oz)</p><a href="https://www.amazon.com/dp/B01D1DQSIA?tag=eloabder-20&linkCode=osi&th=1&psc=1">View Product</a></div><div class="product"><a href="https://www.amazon.com/dp/B00365DABC?tag=eloabder-20&linkCode=osi&th=1&psc=1"><img src="https://m.media-amazon.com/images/I/41rqUy3OtML._SL500_.jpg" alt="Product Image"></a><p>CeraVe PM Facial Moisturizing Lotion | Night Cream with Hyaluronic Acid and Niacinamide | Ultra-Lightweight, Oil-Free Moisturizer for Face | 3 Ounce</p><p>$14.49 ($4.83 / Ounce)</p><a href="https://www.amazon.com/dp/B00365DABC?tag=eloabder-20&linkCode=osi&th=1&psc=1">View Product</a></div>
<div class="product"><a href="https://www.amazon.com/dp/B01N7T7JKJ?tag=eloabder-20&linkCode=osi&th=1&psc=1"><img src="https://m.media-amazon.com/images/I/31VXK3y1KYL._SL500_.jpg" alt="Product Image"></a><p>La Roche-Posay Toleriane Hydrating Gentle Face Cleanser, Daily Facial Cleanser with Niacinamide and Ceramides for Sensitive Skin, Moisturizing Face Wash for Normal to Dry Skin, Fragrance Free</p><p>$17.99 ($1.33 / Fl Oz)</p><a href="https://www.amazon.com/dp/B01N7T7JKJ?tag=eloabder-20&linkCode=osi&th=1&psc=1">View Product</a></div><div class="product"><a href="https://www.amazon.com/dp/B01N34XW93?tag=eloabder-20&linkCode=osi&th=1&psc=1"><img src="https://m.media-amazon.com/images/I/31OMOTCxlmL._SL500_.jpg" alt="Product Image"></a><p>La Roche-Posay Toleriane Purifying Foaming Facial Cleanser, Oil Free Face Wash for Oily Skin and for Sensitive Skin with Niacinamide, Pore Cleanser Won’t Dry Out Skin, Unscented</p><p>$17.99 ($1.33 / Fl Oz)</p><a href="https://www.amazon.com/dp/B01N34XW93?tag=eloabder-20&linkCode=osi&th=1&psc=1">View Product</a></div><div class="product"><a href="https://www.amazon.com/dp/B01MSSDEPK?tag=eloabder-20&linkCode=osi&th=1&psc=1"><img src="https://m.media-amazon.com/images/I/41YuSwjJUIL._SL500_.jpg" alt="Product Image"></a><p>CeraVe Hydrating Facial Cleanser | Moisturizing Face Wash For Dry Skin | Hyaluronic Acid + Ceramides + Glycerin | Hydrating Cleanser For Normal To Dry Skin | National Eczema Assosiation Certified</p><p>$15.48 ($0.97 / Fl Oz)</p><a href="https://www.amazon.com/dp/B01MSSDEPK?tag=eloabder-20&linkCode=osi&th=1&psc=1">View Product</a></div><div class="product"><a href="https://www.amazon.com/dp/B01N1LL62W?tag=eloabder-20&linkCode=osi&th=1&psc=1"><img src="https://m.media-amazon.com/images/I/41kwN8dWWzL._SL500_.jpg" alt="Product Image"></a><p>CeraVe Foaming Facial Cleanser | Daily Face Wash for Oily Skin with Hyaluronic Acid, Ceramides, and Niacinamide| Fragrance Free | 16 Fluid Ounce</p><p>$15.48 ($0.97 / Fl Oz)</p><a href="https://www.amazon.com/dp/B01N1LL62W?tag=eloabder-20&linkCode=osi&th=1&psc=1">View Product</a></div><div class="product"><a href="https://www.amazon.com/dp/B09Y4HHY1P?tag=eloabder-20&linkCode=osi&th=1&psc=1"><img src="https://m.media-amazon.com/images/I/41Crw80Q3yL._SL500_.jpg" alt="Product Image"></a><p>Cetaphil Face Wash, Daily Facial Cleanser for Sensitive, Combination to Oily Skin, NEW 16 oz, Fragrance Free, Gentle Foaming, Soap Free, Hypoallergenic (Packaging May Vary)</p><p>$11.97 ($0.75 / Fl Oz)</p><a href="https://www.amazon.com/dp/B09Y4HHY1P?tag=eloabder-20&linkCode=osi&th=1&psc=1">View Product</a></div><div class="product"><a href="https://www.amazon.com/dp/B00U1YCRD8?tag=eloabder-20&linkCode=osi&th=1&psc=1"><img src="https://m.media-amazon.com/images/I/31LVb8KvKwL._SL500_.jpg" alt="Product Image"></a><p>CeraVe SA Cleanser | Salicylic Acid Cleanser with Hyaluronic Acid, Niacinamide & Ceramides| BHA Exfoliant for Face | Fragrance Free Non-Comedogenic | 8 Ounce</p><p>$12.37 ($1.55 / Ounce)</p><a href="https://www.amazon.com/dp/B00U1YCRD8?tag=eloabder-20&linkCode=osi&th=1&psc=1">View Product</a></div><div class="product"><a href="https://www.amazon.com/dp/B00FJ2LU2Q?tag=eloabder-20&linkCode=osi&th=1&psc=1"><img src="https://m.media-amazon.com/images/I/31AdfiXRmDL._SL500_.jpg" alt="Product Image"></a><p>The Face Shop Rice Water Bright Foaming Facial Cleanser with Ceramide, Gentle Face Wash for Hydrating & Moisturizing, Vegan Face Cleanser, Makeup Remover, Korean Skin Care for All Skin Types, 150ml</p><p>$12.00 ($2.37 / Fl Oz)</p><a href="https://www.amazon.com/dp/B00FJ2LU2Q?tag=eloabder-20&linkCode=osi&th=1&psc=1">View Product</a></div><div class="product"><a href="https://www.amazon.com/dp/B085S7NDYK?tag=eloabder-20&linkCode=osi&th=1&psc=1"><img src="https://m.media-amazon.com/images/I/317Bdmsqp2L._SL500_.jpg" alt="Product Image"></a><p>Neutrogena Ultra Gentle Foaming Facial Cleanser, Hydrating Face Wash for Sensitive Skin, Gently Cleanses Face Without Over Drying, Oil-Free, Soap-Free, 5.8 fl. oz</p><p>$6.79 ($1.17 / Fl Oz)</p><a href="https://www.amazon.com/dp/B085S7NDYK?tag=eloabder-20&linkCode=osi&th=1&psc=1">View Product</a></div><div class="product"><a href="https://www.amazon.com/dp/B0719GRD5R?tag=eloabder-20&linkCode=osi&th=1&psc=1"><img src="https://m.media-amazon.com/images/I/41YE7bBHNCL._SL500_.jpg" alt="Product Image"></a><p>Clean & Clear Deep Action Exfoliating Cleanser with Pro-Vitamin B5, Gentle Exfoliating Daily Face Scrub Cleans Deep Down to the Pore for Soft, Smooth, Hydrated Skin, Oil Free Face Wash, 7 FL OZ</p><p>$5.32 ($0.76 / Fl Oz)</p><a href="https://www.amazon.com/dp/B0719GRD5R?tag=eloabder-20&linkCode=osi&th=1&psc=1">View Product</a></div><div class="product"><a href="https://www.amazon.com/dp/B000052ZB5?tag=eloabder-20&linkCode=osi&th=1&psc=1"><img src="https://m.media-amazon.com/images/I/31ItNDNYdIL._SL500_.jpg" alt="Product Image"></a><p>Neutrogena Deep Clean Daily Facial Cream Cleanser with Beta Hydroxy Acid to Remove Dirt, Oil & Makeup, Alcohol-Free, Oil-Free & Non-Comedogenic, 7 fl. oz</p><p>$6.49 ($0.87 / Fl Oz)</p><a href="https://www.amazon.com/dp/B000052ZB5?tag=eloabder-20&linkCode=osi&th=1&psc=1">View Product</a></div>
<div class="product"><a href="https://www.amazon.com/dp/B01MQXX9US?tag=eloabder-20&linkCode=osi&th=1&psc=1"><img src="https://m.media-amazon.com/images/I/41Zi7BP15NL._SL500_.jpg" alt="Product Image"></a><p>Banana Boat Sport Ultra SPF 50 Sunscreen Spray Twin Pack | Banana Boat Sunscreen Spray SPF 50, Spray On Sunscreen, Water Resistant Sunscreen, Oxybenzone Free Sunscreen Pack, 6oz each</p><p>$13.97 ($1.16 / Ounce)</p><a href="https://www.amazon.com/dp/B01MQXX9US?tag=eloabder-20&linkCode=osi&th=1&psc=1">View Product</a></div><div class="product"><a href="https://www.amazon.com/dp/B005IHT94S?tag=eloabder-20&linkCode=osi&th=1&psc=1"><img src="https://m.media-amazon.com/images/I/31YAXVCRMAL._SL500_.jpg" alt="Product Image"></a><p>Neutrogena Ultra Sheer Dry-Touch Water Resistant and Non-Greasy Sunscreen Lotion with Broad Spectrum SPF 70, 3 Fl Oz (Pack of 1)</p><p>$9.58 ($3.19 / Fl Oz)</p><a href="https://www.amazon.com/dp/B005IHT94S?tag=eloabder-20&linkCode=osi&th=1&psc=1">View Product</a></div><div class="product"><a href="https://www.amazon.com/dp/B076GZX3KL?tag=eloabder-20&linkCode=osi&th=1&psc=1"><img src="https://m.media-amazon.com/images/I/41BQoEZMuTL._SL500_.jpg" alt="Product Image"></a><p>Neutrogena Sunscreen Spray, Ultra Sheer ® Body Mist, Broad Spectrum SPF 70, Non-Greasy Water Resistant Body Sunscreen Mist, Non-Comedogenic, 5 oz (Pack of 3)</p><p>$23.50 ($1.57 / Ounce)</p><a href="https://www.amazon.com/dp/B076GZX3KL?tag=eloabder-20&linkCode=osi&th=1&psc=1">View Product</a></div><div class="product"><a href="https://www.amazon.com/dp/B002MSN3QQ?tag=eloabder-20&linkCode=osi&th=1&psc=1"><img src="https://m.media-amazon.com/images/I/3100avaA74L._SL500_.jpg" alt="Product Image"></a><p>EltaMD UV Clear Face Sunscreen, Oil Free Sunscreen with Zinc Oxide, Dermatologist Recommended Sunscreen, 1.7 oz Pump</p><p>$43.00 ($25.29 / Ounce)</p><a href="https://www.amazon.com/dp/B002MSN3QQ?tag=eloabder-20&linkCode=osi&th=1&psc=1">View Product</a></div><div class="product"><a href="https://www.amazon.com/dp/B078BC1NJ6?tag=eloabder-20&linkCode=osi&th=1&psc=1"><img src="https://m.media-amazon.com/images/I/51V4LMN2zEL._SL500_.jpg" alt="Product Image"></a><p>Coppertone Sport Sunscreen Spray SPF 50, Water Resistant Spray Sunscreen, Broad Spectrum SPF 50 Sunscreen, Bulk Sunscreen Pack, 5.5 Oz Bottle, Pack of 3</p><p>$20.63 ($1.25 / Ounce)</p><a href="https://www.amazon.com/dp/B078BC1NJ6?tag=eloabder-20&linkCode=osi&th=1&psc=1">View Product</a></div><div class="product"><a href="https://www.amazon.com/dp/B004D2DR0Q?tag=eloabder-20&linkCode=osi&th=1&psc=1"><img src="https://m.media-amazon.com/images/I/41QwzCWNnFL._SL500_.jpg" alt="Product Image"></a><p>Neutrogena Ultra Sheer Dry-Touch Water Resistant and Non-Greasy Sunscreen Lotion with Broad Spectrum SPF 45, TSA-Compliant travel Size, 3 Fl Oz, Pack of 2, 6 Fl Oz</p><p>$13.99 ($2.33 / Fl Oz)</p><a href="https://www.amazon.com/dp/B004D2DR0Q?tag=eloabder-20&linkCode=osi&th=1&psc=1">View Product</a></div><div class="product"><a href="https://www.amazon.com/dp/B074WBHHYY?tag=eloabder-20&linkCode=osi&th=1&psc=1"><img src="https://m.media-amazon.com/images/I/41uIcq6eNrL._SL500_.jpg" alt="Product Image"></a><p>Coppertone Sport Sunscreen Spray SPF 50, Water Resistant Spray Sunscreen, Broad Spectrum SPF 50 Sunscreen, Bulk Sunscreen Pack, 5.5 Oz Bottle, Pack of 2</p><p>$14.49 ($1.32 / Ounce)</p><a href="https://www.amazon.com/dp/B074WBHHYY?tag=eloabder-20&linkCode=osi&th=1&psc=1">View Product</a></div><div class="product"><a href="https://www.amazon.com/dp/B00AEN4QZ8?tag=eloabder-20&linkCode=osi&th=1&psc=1"><img src="https://m.media-amazon.com/images/I/31QMrCJPoeL._SL500_.jpg" alt="Product Image"></a><p>Neutrogena Beach Defense Water-Resistant Face & Body SPF 70 Sunscreen Lotion with Broad Spectrum UVA/UVB Protection, Oil-Free Fast-Absorbing Sunscreen Lotion, Oxybenzone-Free, 6.7 oz</p><p>$9.09 ($1.36 / Fl Oz)</p><a href="https://www.amazon.com/dp/B00AEN4QZ8?tag=eloabder-20&linkCode=osi&th=1&psc=1">View Product</a></div>
<div class="product"><a href="https://www.amazon.com/dp/B087781VTJ?tag=eloabder-20&linkCode=osi&th=1&psc=1"><img src="https://m.media-amazon.com/images/I/31OkRWcr12L._SL500_.jpg" alt="Product Image"></a><p>PURELL Advanced Hand Sanitizer Refreshing Gel, Clean Scent, 1 Liter Pump Bottle (Pack of 1) - 9632-04-CMR</p><p>$11.39 ($0.34 / Fl Oz)</p><a href="https://www.amazon.com/dp/B087781VTJ?tag=eloabder-20&linkCode=osi&th=1&psc=1">View Product</a></div><div class="product"><a href="https://www.amazon.com/dp/B00U2KYUAY?tag=eloabder-20&linkCode=osi&th=1&psc=1"><img src="https://m.media-amazon.com/images/I/516ldzLw1iL._SL500_.jpg" alt="Product Image"></a><p>PURELL Advanced Hand Sanitizer Soothing Gel, Fresh Scent, 8 fl oz Pump Bottle (Pack of 4), 9674-06-ECDECO</p><p>$19.99 ($0.62 / Fl Oz)</p><a href="https://www.amazon.com/dp/B00U2KYUAY?tag=eloabder-20&linkCode=osi&th=1&psc=1">View Product</a></div><div class="product"><a href="https://www.amazon.com/dp/B08XZS6BGG?tag=eloabder-20&linkCode=osi&th=1&psc=1"><img src="https://m.media-amazon.com/images/I/51XpsRtfkiL._SL500_.jpg" alt="Product Image"></a><p>PURELL Advanced Hand Sanitizer Naturals with Plant Based Alcohol, Citrus Scent, 8 fl oz Pump Bottle (Pack of 4), 9626-06-ECDECO</p><p>$17.99 ($0.56 / Fl Oz)</p><a href="https://www.amazon.com/dp/B08XZS6BGG?tag=eloabder-20&linkCode=osi&th=1&psc=1">View Product</a></div><div class="product"><a href="https://www.amazon.com/dp/B0889WWM49?tag=eloabder-20&linkCode=osi&th=1&psc=1"><img src="https://m.media-amazon.com/images/I/51KTBSE1ZwL._SL500_.jpg" alt="Product Image"></a><p>Germ-X Original Hand Sanitizer, Moisturizing Gel with Vitamin E, Instant and No Rinse Formula, Back to School Supplies College, 8 Fl Oz Pump Bottle (Pack of 12)</p><p>$23.64 ($0.25 / Fl Oz)</p><a href="https://www.amazon.com/dp/B0889WWM49?tag=eloabder-20&linkCode=osi&th=1&psc=1">View Product</a></div><div class="product"><a href="https://www.amazon.com/dp/B08R15JGNX?tag=eloabder-20&linkCode=osi&th=1&psc=1"><img src="https://m.media-amazon.com/images/I/41YXo-hwuXL._SL500_.jpg" alt="Product Image"></a><p>Amazon Basic Care - Aloe Vera Hand Sanitizer 62%, 12 fl oz (Pack of 6)</p><p>$18.52 ($0.26 / Fl Oz)</p><a href="https://www.amazon.com/dp/B08R15JGNX?tag=eloabder-20&linkCode=osi&th=1&psc=1">View Product</a></div><div class="product"><a href="https://www.amazon.com/dp/B00U2KYU7C?tag=eloabder-20&linkCode=osi&th=1&psc=1"><img src="https://m.media-amazon.com/images/I/518M+1fmEFL._SL500_.jpg" alt="Product Image"></a><p>Purell Advanced Hand Sanitizer Refreshing Gel Design Series, Clean Scent, 8 Fl Oz Pump Bottle (Pack of 4), 9652-06-ECDECO</p><p>$14.99 ($0.47 / Fl Oz)</p><a href="https://www.amazon.com/dp/B00U2KYU7C?tag=eloabder-20&linkCode=osi&th=1&psc=1">View Product</a></div><div class="product"><a href="https://www.amazon.com/dp/B08R13J8F2?tag=eloabder-20&linkCode=osi&th=1&psc=1"><img src="https://m.media-amazon.com/images/I/4168vx76bOL._SL500_.jpg" alt="Product Image"></a><p>Amazon Basic Care - Original Hand Sanitizer 62%, 34 fl oz (Pack of 4)</p><p>$17.64 ($0.13 / Fl Oz)</p><a href="https://www.amazon.com/dp/B08R13J8F2?tag=eloabder-20&linkCode=osi&th=1&psc=1">View Product</a></div>
<div class="product"><a href="https://www.amazon.com/dp/B00A8S6HM4?tag=eloabder-20&linkCode=osi&th=1&psc=1"><img src="https://m.media-amazon.com/images/I/31tIssP5CQL._SL500_.jpg" alt="Product Image"></a><p>Gold Bond Healing Hand Cream, 3 oz., With Aloe, Moisture That Lasts Through Handwashing</p><p>$3.97 ($1.32 / Ounce)</p><a href="https://www.amazon.com/dp/B00A8S6HM4?tag=eloabder-20&linkCode=osi&th=1&psc=1">View Product</a></div><div class="product"><a href="https://www.amazon.com/dp/B01N7TYBKS?tag=eloabder-20&linkCode=osi&th=1&psc=1"><img src="https://m.media-amazon.com/images/I/31PicytUhxL._SL500_.jpg" alt="Product Image"></a><p>MRS. MEYER'S CLEAN DAY Hand Lotion for Dry Hands, Non-Greasy Moisturizer Made with Essential Oils, Lavender, 12 oz</p><p>$12.58 ($1.05 / Fl Oz)</p><a href="https://www.amazon.com/dp/B01N7TYBKS?tag=eloabder-20&linkCode=osi&th=1&psc=1">View Product</a></div><div class="product"><a href="https://www.amazon.com/dp/B006UEOQ5K?tag=eloabder-20&linkCode=osi&th=1&psc=1"><img src="https://m.media-amazon.com/images/I/316StCvRHcL._SL500_.jpg" alt="Product Image"></a><p>L’Occitane Shea Butter Hand Cream 5.1 Oz: Nourishes Very Dry Hands, Protects Skin, With 20% Organic Shea Butter, Vegan, 1 Sold Every 3 Seconds*</p><p>$27.00</p><a href="https://www.amazon.com/dp/B006UEOQ5K?tag=eloabder-20&linkCode=osi&th=1&psc=1">View Product</a></div><div class="product"><a href="https://www.amazon.com/dp/B0BYQ34X6C?tag=eloabder-20&linkCode=osi&th=1&psc=1"><img src="https://m.media-amazon.com/images/I/61e61W8P89L._SL500_.jpg" alt="Product Image"></a><p>Vaseline Hand Sanitizer Lotion 2-in-1 Hydrating Skin Care 3 Ct Moisturizes and Eliminates Bacteria with Vitamin E 8 oz</p><p>$20.97 ($0.87 / Fl Oz)</p><a href="https://www.amazon.com/dp/B0BYQ34X6C?tag=eloabder-20&linkCode=osi&th=1&psc=1">View Product</a></div><div class="product"><a href="https://www.amazon.com/dp/B008B9L6WS?tag=eloabder-20&linkCode=osi&th=1&psc=1"><img src="https://m.media-amazon.com/images/I/412c6L64VAL._SL500_.jpg" alt="Product Image"></a><p>Gold Bond Healing Hydrating Lotion, 20 oz., With Aloe, Moisturizes, Immediate 24-Hour Hydration</p><p>$10.82 ($0.54 / Ounce)</p><a href="https://www.amazon.com/dp/B008B9L6WS?tag=eloabder-20&linkCode=osi&th=1&psc=1">View Product</a></div><div class="product"><a href="https://www.amazon.com/dp/B0034F9K36?tag=eloabder-20&linkCode=osi&th=1&psc=1"><img src="https://m.media-amazon.com/images/I/319i3EFVPvL._SL500_.jpg" alt="Product Image"></a><p>Jergens Ultra Healing Dry Skin Moisturizer, Body and Hand Lotion for Dry Skin, for Quick Absorption into Extra Dry Skin, with HYDRALUCENCE blend, Vitamins C, E, and B5, 32 Ounce</p><p>$8.17 ($0.26 / Fl Oz)</p><a href="https://www.amazon.com/dp/B0034F9K36?tag=eloabder-20&linkCode=osi&th=1&psc=1">View Product</a></div><div class="product"><a href="https://www.amazon.com/dp/B07QBN245V?tag=eloabder-20&linkCode=osi&th=1&psc=1"><img src="https://m.media-amazon.com/images/I/31N7vGLuV0L._SL500_.jpg" alt="Product Image"></a><p>Jergens Lavender Body Butter Body and Hand Lotion, Moisturizer for Women, 7 Fl Oz (Pack of 1), with Essential Oils for Indulgent Moisturization White</p><p>$7.97 ($1.14 / Fl Oz)</p><a href="https://www.amazon.com/dp/B07QBN245V?tag=eloabder-20&linkCode=osi&th=1&psc=1">View Product</a></div><div class="product"><a href="https://www.amazon.com/dp/B003JT8PKQ?tag=eloabder-20&linkCode=osi&th=1&psc=1"><img src="https://m.media-amazon.com/images/I/31TFisQDpKL._SL500_.jpg" alt="Product Image"></a><p>Lubriderm Daily Moisture Lotion + Pro-Ceramide with Shea Butter and Glycerin Helps Moisturize Dry Skin, Hydrating Face, Hand and Body Lotion, Lightly Scented, Non-Greasy, 24 FL OZ</p><p>$10.12 ($0.42 / Fl Oz)</p><a href="https://www.amazon.com/dp/B003JT8PKQ?tag=eloabder-20&linkCode=osi&th=1&psc=1">View Product</a></div><div class="product"><a href="https://www.amazon.com/dp/B00L7S3FCY?tag=eloabder-20&linkCode=osi&th=1&psc=1"><img src="https://m.media-amazon.com/images/I/511CeUwfwcL._SL500_.jpg" alt="Product Image"></a><p>Everyone Nourishing Hand and Body Lotion, 32 Ounce (Pack of 2), Coconut and Lemon, Plant-Based Lotion with Pure Essential Oils, Coconut Oil, Aloe Vera and Vitamin E</p><p>$25.48 ($0.40 / Fl Oz)</p><a href="https://www.amazon.com/dp/B00L7S3FCY?tag=eloabder-20&linkCode=osi&th=1&psc=1">View Product</a></div><div class="product"><a href="https://www.amazon.com/dp/B00008J2XQ?tag=eloabder-20&linkCode=osi&th=1&psc=1"><img src="https://m.media-amazon.com/images/I/419MsgGjzvL._SL500_.jpg" alt="Product Image"></a><p>Aveeno Skin Relief Intense Moisture Hand Cream with Soothing Prebiotic Oat for Dry Skin, Sensitive Skin Cream Softens & Smooths Hands & Lasts Through Hand Washing, Fragrance-Free, 3.5 oz</p><p>$8.79 ($2.51 / Fl Oz)</p><a href="https://www.amazon.com/dp/B00008J2XQ?tag=eloabder-20&linkCode=osi&th=1&psc=1">View Product</a></div>
<div class="product"><a href="https://www.amazon.com/dp/B000F4SNNW?tag=eloabder-20&linkCode=osi&th=1&psc=1"><img src="https://m.media-amazon.com/images/I/41K2xJPBiDL._SL500_.jpg" alt="Product Image"></a><p>Dynarex BZK Antiseptic Towelettes, Moist Sanitizing Towelettes Designed to Help Clean Minor Wounds, 5" x 7", Disposable & Individually Wrapped, 1 Box of 100</p><p>$7.18 ($0.07 / Count)</p><a href="https://www.amazon.com/dp/B000F4SNNW?tag=eloabder-20&linkCode=osi&th=1&psc=1">View Product</a></div><div class="product"><a href="https://www.amazon.com/dp/B00CXK2SCI?tag=eloabder-20&linkCode=osi&th=1&psc=1"><img src="https://m.media-amazon.com/images/I/41SEC4SVtdL._SL500_.jpg" alt="Product Image"></a><p>Medique Medi-First Antiseptic Wipes, Benzalkonium Chloride Cleansing Towelettes, 20 Pack - 21471</p><p>$5.20</p><a href="https://www.amazon.com/dp/B00CXK2SCI?tag=eloabder-20&linkCode=osi&th=1&psc=1">View Product</a></div><div class="product"><a href="https://www.amazon.com/dp/B0057Z24WK?tag=eloabder-20&linkCode=osi&th=1&psc=1"><img src="https://m.media-amazon.com/images/I/41Np605ZC3L._SL500_.jpg" alt="Product Image"></a><p>BZK Antiseptic Towelettes, 100 Count (Pack of 1)</p><p>$7.97 ($0.08 / Count)</p><a href="https://www.amazon.com/dp/B0057Z24WK?tag=eloabder-20&linkCode=osi&th=1&psc=1">View Product</a></div><div class="product"><a href="https://www.amazon.com/dp/B08R69B87P?tag=eloabder-20&linkCode=osi&th=1&psc=1"><img src="https://m.media-amazon.com/images/I/5114blis0XL._SL500_.jpg" alt="Product Image"></a><p>Nurture XL Antibacterial Body & Hand Wipes | Alcohol-Free Antiseptic Wet Sanitizer Towelettes for Germ Removal, Disinfecting Skin, Sanitizing Hands |Cleaning Cloths | Adults & Baby | Thick & Strong</p><p>$29.95 ($0.12 / Count)</p><a href="https://www.amazon.com/dp/B08R69B87P?tag=eloabder-20&linkCode=osi&th=1&psc=1">View Product</a></div><div class="product"><a href="https://www.amazon.com/dp/B0BQWYRXPT?tag=eloabder-20&linkCode=osi&th=1&psc=1"><img src="https://m.media-amazon.com/images/I/411xH4LwE1L._SL500_.jpg" alt="Product Image"></a><p>Dermoplast Wound Wipes Medicated First Aid Cloths, Analgesic & Antiseptic Wipes for Treating Minor Cuts, Scrapes and Burns on The Go, Sting Free Formula, 10 Individual Cloths (Packaging May Vary)</p><p>$12.19 ($1.22 / Count)</p><a href="https://www.amazon.com/dp/B0BQWYRXPT?tag=eloabder-20&linkCode=osi&th=1&psc=1">View Product</a></div><div class="product"><a href="https://www.amazon.com/dp/B07K335Y78?tag=eloabder-20&linkCode=osi&th=1&psc=1"><img src="https://m.media-amazon.com/images/I/31qFUEO9IjL._SL500_.jpg" alt="Product Image"></a><p>McKesson Obstetrical Antiseptic Towelettes Wipes, Sterile, Individual Packet, Clean Scent, 100 Count, 1 Pack</p><p>$7.20 ($0.07 / Count)</p><a href="https://www.amazon.com/dp/B07K335Y78?tag=eloabder-20&linkCode=osi&th=1&psc=1">View Product</a></div><div class="product"><a href="https://www.amazon.com/dp/B07WZQ6K5D?tag=eloabder-20&linkCode=osi&th=1&psc=1"><img src="https://m.media-amazon.com/images/I/31GuJZ7KbVL._SL500_.jpg" alt="Product Image"></a><p>McKesson Benzalkonium Chloride Towelettes, Antiseptic Cleansing, Individual Packet, 100 Count, 10 Packs, 1000 Total</p><p>$32.98 ($0.03 / Count)</p><a href="https://www.amazon.com/dp/B07WZQ6K5D?tag=eloabder-20&linkCode=osi&th=1&psc=1">View Product</a></div><div class="product"><a href="https://www.amazon.com/dp/B07F2MQ9NJ?tag=eloabder-20&linkCode=osi&th=1&psc=1"><img src="https://m.media-amazon.com/images/I/413FY4axq7L._SL500_.jpg" alt="Product Image"></a><p>MED PRIDE Alcohol Prep Pads| Medical-Grade, Sterile, Individually-Wrapped, Isopropyl Cotton Swabs| Disposable, Medium Square Size, 2ply, Latex Free & Antiseptic (200 Count (Pack of 1))</p><p>$4.97 ($0.02 / Count)</p><a href="https://www.amazon.com/dp/B07F2MQ9NJ?tag=eloabder-20&linkCode=osi&th=1&psc=1">View Product</a></div>
<div class="product"><a href="https://www.amazon.com/dp/B01N6T0XHP?tag=eloabder-20&linkCode=osi&th=1&psc=1"><img src="https://m.media-amazon.com/images/I/31VmxqprYDL._SL500_.jpg" alt="Product Image"></a><p>Curad Assorted Bandages Variety Pack 300 Pieces, Including Antibacterial, Heavy Duty, Fabric, and Waterproof Bandages</p><p>$11.99 ($0.04 / Count)</p><a href="https://www.amazon.com/dp/B01N6T0XHP?tag=eloabder-20&linkCode=osi&th=1&psc=1">View Product</a></div><div class="product"><a href="https://www.amazon.com/dp/B0014CV2IW?tag=eloabder-20&linkCode=osi&th=1&psc=1"><img src="https://m.media-amazon.com/images/I/51S29u1cbdL._SL500_.jpg" alt="Product Image"></a><p>Band-Aid Brand Tru-Stay Sheer Strips Adhesive Bandages for First Aid and Wound Care, Assorted Sizes, 80 ct</p><p>$3.77</p><a href="https://www.amazon.com/dp/B0014CV2IW?tag=eloabder-20&linkCode=osi&th=1&psc=1">View Product</a></div><div class="product"><a href="https://www.amazon.com/dp/B09X94F9ZS?tag=eloabder-20&linkCode=osi&th=1&psc=1"><img src="https://m.media-amazon.com/images/I/51aD3Ywcy7L._SL500_.jpg" alt="Product Image"></a><p>Self Adhesive Bandage Wrap, 2 inches x 5 Yards, 6 Pack, Self Adhering Bandage Wrap, Self Adherent Cohesive Wrap Bandages for Sports, Bandage Wrap for Sports, First Aid Tape</p><p>$6.39 ($1.06 / Count)</p><a href="https://www.amazon.com/dp/B09X94F9ZS?tag=eloabder-20&linkCode=osi&th=1&psc=1">View Product</a></div><div class="product"><a href="https://www.amazon.com/dp/B00570JWGQ?tag=eloabder-20&linkCode=osi&th=1&psc=1"><img src="https://m.media-amazon.com/images/I/41TSw41l0QL._SL500_.jpg" alt="Product Image"></a><p>Band-Aid Brand Adhesive Bandages Flexible Fabric, Extra Large, 10 Count (Pack of 2)</p><p>$7.54 ($0.38 / Count)</p><a href="https://www.amazon.com/dp/B00570JWGQ?tag=eloabder-20&linkCode=osi&th=1&psc=1">View Product</a></div><div class="product"><a href="https://www.amazon.com/dp/B07LG55GZM?tag=eloabder-20&linkCode=osi&th=1&psc=1"><img src="https://m.media-amazon.com/images/I/51YY5JKFrCL._SL500_.jpg" alt="Product Image"></a><p>Care Science Fabric Adhesive Bandages, 200 ct Bulk Assorted Sizes | Flexible + Breathable Protection Helps Prevent Infection for First Aid and Wound Care</p><p>$9.49 ($0.05 / Count)</p><a href="https://www.amazon.com/dp/B07LG55GZM?tag=eloabder-20&linkCode=osi&th=1&psc=1">View Product</a></div><div class="product"><a href="https://www.amazon.com/dp/B09N1PJFH4?tag=eloabder-20&linkCode=osi&th=1&psc=1"><img src="https://m.media-amazon.com/images/I/414tb0lZk2L._SL500_.jpg" alt="Product Image"></a><p>Band-Aid Brand Adhesive Bandages for Sensitive Skin, Hypoallergenic First Aid Bandages with Painless Removal, Stays on When Wet & Suitable for Eczema Prone Skin, Extra Large Size, 7 ct</p><p>$3.77 ($0.54 / Count)</p><a href="https://www.amazon.com/dp/B09N1PJFH4?tag=eloabder-20&linkCode=osi&th=1&psc=1">View Product</a></div><div class="product"><a href="https://www.amazon.com/dp/B0895DYMGL?tag=eloabder-20&linkCode=osi&th=1&psc=1"><img src="https://m.media-amazon.com/images/I/41hesAQJS3L._SL500_.jpg" alt="Product Image"></a><p>12 Pack Self Adherent Cohesive Wrap Bandages 2 Inches X 5 Yards,First Aid Tape, Elastic Self Adhesive Tape, Athletic, Sports wrap Tape, Bandage Wrap for Sports, Wrist, Skin Colour Athletic Tape</p><p>$8.99 ($0.75 / Count)</p><a href="https://www.amazon.com/dp/B0895DYMGL?tag=eloabder-20&linkCode=osi&th=1&psc=1">View Product</a></div><div class="product"><a href="https://www.amazon.com/dp/B0BGGYK4KC?tag=eloabder-20&linkCode=osi&th=1&psc=1"><img src="https://m.media-amazon.com/images/I/51xsX8eEbTL._SL500_.jpg" alt="Product Image"></a><p>Amazon Basic Care Flexible Fabric Adhesive Bandages, First Aid and Wound Care Supplies, All-One Size, 100 Count</p><p>$5.80 ($0.06 / Count)</p><a href="https://www.amazon.com/dp/B0BGGYK4KC?tag=eloabder-20&linkCode=osi&th=1&psc=1">View Product</a></div><div class="product"><a href="https://www.amazon.com/dp/B08JH93SHW?tag=eloabder-20&linkCode=osi&th=1&psc=1"><img src="https://m.media-amazon.com/images/I/51mp6AFuzlL._SL500_.jpg" alt="Product Image"></a><p>CURAD Performance Series Ironman Antibacterial Bandages, Extreme Hold Adhesive Technology, Finger & Knuckle Bandages, Flexible Fabric, Variety Pack with Assorted Sizes & Colors, 50 Count</p><p>$6.97 ($0.14 / Count)</p><a href="https://www.amazon.com/dp/B08JH93SHW?tag=eloabder-20&linkCode=osi&th=1&psc=1">View Product</a></div><div class="product"><a href="https://www.amazon.com/dp/B06Y96HDJM?tag=eloabder-20&linkCode=osi&th=1&psc=1"><img src="https://m.media-amazon.com/images/I/41MlSNY9BVL._SL500_.jpg" alt="Product Image"></a><p>American White Cross Adhesive Bandages, Sheer Strips, 3/4" x 3" | Bulk Case of 1500 | Sterile, Breathable and Multi-Purpose for School Nurses, Businesses, and First Aid Kits</p><p>$35.98 ($0.02 / Count)</p><a href="https://www.amazon.com/dp/B06Y96HDJM?tag=eloabder-20&linkCode=osi&th=1&psc=1">View Product</a></div>




<div class="product"><a href="https://www.amazon.com/dp/B0848WCZFM?tag=eloabder-20&linkCode=osi&th=1&psc=1"><img src="https://m.media-amazon.com/images/I/41Rzyzjg2UL._SL500_.jpg" alt="Product Image"></a><p>HealthA2Z Sleep Aid, Diphenhydramine Softgels, 50mg, Supports Deeper, Restful Sleeping, Non Habit-Forming (250 Counts)</p><p>$9.85 ($0.04 / Count)</p><a href="https://www.amazon.com/dp/B0848WCZFM?tag=eloabder-20&linkCode=osi&th=1&psc=1">View Product</a></div><div class="product"><a href="https://www.amazon.com/dp/B079HXLZGY?tag=eloabder-20&linkCode=osi&th=1&psc=1"><img src="https://m.media-amazon.com/images/I/51O0z0rymgL._SL500_.jpg" alt="Product Image"></a><p>Amazon Basic Care Nighttime Sleep Aid Tablets for Adults, Doxylamine Succinate 25 mg, 96 Count</p><p>$12.59 ($0.13 / Count)</p><a href="https://www.amazon.com/dp/B079HXLZGY?tag=eloabder-20&linkCode=osi&th=1&psc=1">View Product</a></div><div class="product"><a href="https://www.amazon.com/dp/B00NJ1BQZA?tag=eloabder-20&linkCode=osi&th=1&psc=1"><img src="https://m.media-amazon.com/images/I/41q8bT3bu0L._SL500_.jpg" alt="Product Image"></a><p>Relaxium Sleep Aid for Adults, Melatonin 5mg with Magnesium Glycinate, Sleep-Promoting Valerest & Ashwagandha, Non-Habit Forming Sleep Supplement, 60 Capsules, 30-Day Supply</p><p>$29.99 ($0.50 / count)</p><a href="https://www.amazon.com/dp/B00NJ1BQZA?tag=eloabder-20&linkCode=osi&th=1&psc=1">View Product</a></div><div class="product"><a href="https://www.amazon.com/dp/B08H766XS8?tag=eloabder-20&linkCode=osi&th=1&psc=1"><img src="https://m.media-amazon.com/images/I/4117Yuu9uhL._SL500_.jpg" alt="Product Image"></a><p>RXZELL Sleep Aid, Diphenhydramine HCl 50mg, 220 Softgels - Fall Asleep Faster, Deeper Restful Sleeping, Non Habit-Forming</p><p>$9.99 ($0.05 / Count)</p><a href="https://www.amazon.com/dp/B08H766XS8?tag=eloabder-20&linkCode=osi&th=1&psc=1">View Product</a></div><div class="product"><a href="https://www.amazon.com/dp/B07BZW88NY?tag=eloabder-20&linkCode=osi&th=1&psc=1"><img src="https://m.media-amazon.com/images/I/51HD9BxwlWL._SL500_.jpg" alt="Product Image"></a><p>Kirkland Signature Sleep Aid, 192 Tablets</p><p>$13.90 ($0.07 / Count)</p><a href="https://www.amazon.com/dp/B07BZW88NY?tag=eloabder-20&linkCode=osi&th=1&psc=1">View Product</a></div><div class="product"><a href="https://www.amazon.com/dp/B099JXNWYL?tag=eloabder-20&linkCode=osi&th=1&psc=1"><img src="https://m.media-amazon.com/images/I/41K+tJ73J2L._SL500_.jpg" alt="Product Image"></a><p>12-in-1 Melatonin Capsules - Melatonin 5mg Natural Sleep Aids for Adults - Magnesium Glycinate 500mg, Ashwagandha, L Theanine, Valerian Root, GABA, 5-HTP, Sleep Supplement for Adults, Pack of 1</p><p>$21.95 ($0.24 / Count)</p><a href="https://www.amazon.com/dp/B099JXNWYL?tag=eloabder-20&linkCode=osi&th=1&psc=1">View Product</a></div><div class="product"><a href="https://www.amazon.com/dp/B07PXT5LYR?tag=eloabder-20&linkCode=osi&th=1&psc=1"><img src="https://m.media-amazon.com/images/I/41Pu3C1zvML._SL500_.jpg" alt="Product Image"></a><p>Nature's Bounty Sleep3 Melatonin 10mg, Maximum Strength 100% Drug Free Sleep Aid, Dietary Supplement, L-Theanine & Nighttime Herbal Blend Time Release Technology, 60 Tri-Layered Tablets</p><p>$13.07 ($0.22 / Count)</p><a href="https://www.amazon.com/dp/B07PXT5LYR?tag=eloabder-20&linkCode=osi&th=1&psc=1">View Product</a></div><div class="product"><a href="https://www.amazon.com/dp/B08Y74HSSH?tag=eloabder-20&linkCode=osi&th=1&psc=1"><img src="https://m.media-amazon.com/images/I/41WtHEKTuML._SL500_.jpg" alt="Product Image"></a><p>ZzzQuil ULTRA, Sleep Aid, Nighttime Sleep Aid, 25 mg Doxylamine Succinate, From Makers of Nyquil, Non- Habit Forming, Fall Asleep Fast, Stay Asleep Longer, 48 Count</p><p>$19.63 ($0.41 / Count)</p><a href="https://www.amazon.com/dp/B08Y74HSSH?tag=eloabder-20&linkCode=osi&th=1&psc=1">View Product</a></div><div class="product"><a href="https://www.amazon.com/dp/B07T26RMVN?tag=eloabder-20&linkCode=osi&th=1&psc=1"><img src="https://m.media-amazon.com/images/I/41CrzdDrPxL._SL500_.jpg" alt="Product Image"></a><p>Rite Aid Natural Sleep Aid Caplets, Diphenhydramine HCl, 25mg - 200 Count | Sleeping Pills for Adults Extra Strength</p><p>$10.99 ($0.05 / Count)</p><a href="https://www.amazon.com/dp/B07T26RMVN?tag=eloabder-20&linkCode=osi&th=1&psc=1">View Product</a></div><div class="product"><a href="https://www.amazon.com/dp/B093ML2TLT?tag=eloabder-20&linkCode=osi&th=1&psc=1"><img src="https://m.media-amazon.com/images/I/41SyoP7FUKL._SL500_.jpg" alt="Product Image"></a><p>A+Health Nighttime Sleep Aid Diphenhydramine 50 mg Softgels Maximum Strength, 160 Count</p><p>$10.99 ($0.07 / Count)</p><a href="https://www.amazon.com/dp/B093ML2TLT?tag=eloabder-20&linkCode=osi&th=1&psc=1">View Product</a></div>
<div class="product"><a href="https://www.amazon.com/dp/B07S1BZXVW?tag=eloabder-20&linkCode=osi&th=1&psc=1"><img src="https://m.media-amazon.com/images/I/41KfCe6maEL._SL500_.jpg" alt="Product Image"></a><p>HealthA2Z® Allergy Relief | Cetirizine 10mg | All Day Allergy Relief | Indoor & Outdoor | Relief from Itchy Throat, Sneezing, Runny Noses (250 Count (Pack of 1))</p><p>$8.75 ($0.04 / Count)</p><a href="https://www.amazon.com/dp/B07S1BZXVW?tag=eloabder-20&linkCode=osi&th=1&psc=1">View Product</a></div><div class="product"><a href="https://www.amazon.com/dp/B074F19XB8?tag=eloabder-20&linkCode=osi&th=1&psc=1"><img src="https://m.media-amazon.com/images/I/412oY-CSVJL._SL500_.jpg" alt="Product Image"></a><p>Amazon Basic Care Complete Allergy Relief, Diphenhydramine HCl 25 mg, Relieves Symptoms, Antihistamine Tablets, 400 Count</p><p>$7.64 ($0.02 / Count)</p><a href="https://www.amazon.com/dp/B074F19XB8?tag=eloabder-20&linkCode=osi&th=1&psc=1">View Product</a></div><div class="product"><a href="https://www.amazon.com/dp/B087CBHR9W?tag=eloabder-20&linkCode=osi&th=1&psc=1"><img src="https://m.media-amazon.com/images/I/41+XRnnkAXL._SL500_.jpg" alt="Product Image"></a><p>HealthA2Z Fexofenadine Hydrochloride 180mg, Antihistamine for Allergy Relief, Non-Drowsy, 24-Hour Antihistamine for Allergy Relief (120 Count (Pack of 1))</p><p>$21.25 ($0.18 / Count)</p><a href="https://www.amazon.com/dp/B087CBHR9W?tag=eloabder-20&linkCode=osi&th=1&psc=1">View Product</a></div><div class="product"><a href="https://www.amazon.com/dp/B00HE66ZUC?tag=eloabder-20&linkCode=osi&th=1&psc=1"><img src="https://m.media-amazon.com/images/I/510MmBSuAfL._SL500_.jpg" alt="Product Image"></a><p>GoodSense Allergy Relief Loratadine Tablets 10 mg, Compare to Claritin, Antihistamine, 24 Hour Allergy Relief, 365 Count</p><p>$12.99 ($0.04 / Count)</p><a href="https://www.amazon.com/dp/B00HE66ZUC?tag=eloabder-20&linkCode=osi&th=1&psc=1">View Product</a></div><div class="product"><a href="https://www.amazon.com/dp/B074F18H5N?tag=eloabder-20&linkCode=osi&th=1&psc=1"><img src="https://m.media-amazon.com/images/I/41SMpawpNjL._SL500_.jpg" alt="Product Image"></a><p>Amazon Basic Care Allergy Relief Loratadine Tablets 10 mg, 300 Count</p><p>$16.72 ($0.06 / Count)</p><a href="https://www.amazon.com/dp/B074F18H5N?tag=eloabder-20&linkCode=osi&th=1&psc=1">View Product</a></div><div class="product"><a href="https://www.amazon.com/dp/B083VVT61S?tag=eloabder-20&linkCode=osi&th=1&psc=1"><img src="https://m.media-amazon.com/images/I/41BJ8O5m3RL._SL500_.jpg" alt="Product Image"></a><p>Amazon Basic Care 24 Hour Allergy Relief, Levocetirizine Dihydrochloride Tablets, 5 mg, Antihistamine, Relieves Sneezing, Runny Nose, Itchy Nose or Throat and Itchy, Watery Eyes, 80 Count</p><p>$16.31 ($0.20 / Count)</p><a href="https://www.amazon.com/dp/B083VVT61S?tag=eloabder-20&linkCode=osi&th=1&psc=1">View Product</a></div><div class="product"><a href="https://www.amazon.com/dp/B087Z6TKD9?tag=eloabder-20&linkCode=osi&th=1&psc=1"><img src="https://m.media-amazon.com/images/I/41hMESBq3wL._SL500_.jpg" alt="Product Image"></a><p>HealthA2Z® Allergy Relief | Loratadine 10mg | Antihistamine | Non-Drowsy | Relief from Itchy Throat, Sneezing, Runny Noses | 24-Hours Allergy Medicine (300 Tablets)</p><p>$12.45 ($0.04 / Count)</p><a href="https://www.amazon.com/dp/B087Z6TKD9?tag=eloabder-20&linkCode=osi&th=1&psc=1">View Product</a></div><div class="product"><a href="https://www.amazon.com/dp/B002ZX8X2C?tag=eloabder-20&linkCode=osi&th=1&psc=1"><img src="https://m.media-amazon.com/images/I/41ZzxDs5LOL._SL500_.jpg" alt="Product Image"></a><p>berkley jensen 24 Hour Allergy Relief (365-Count), 10 mg Cetirizine Hydrochloride Antihistamine - Fast Allergy Medicine for Indoor & Outdoor Allergies, Easy-Swallow Tablets, Compare to Zyrtec</p><p>$15.48 ($0.04 / Count)</p><a href="https://www.amazon.com/dp/B002ZX8X2C?tag=eloabder-20&linkCode=osi&th=1&psc=1">View Product</a></div><div class="product"><a href="https://www.amazon.com/dp/B07KFPLDGB?tag=eloabder-20&linkCode=osi&th=1&psc=1"><img src="https://m.media-amazon.com/images/I/41OAP+hMYjL._SL500_.jpg" alt="Product Image"></a><p>ValuMeds 24-Hour Allergy Medicine (300-Count) Antihistamine for Pollen, Hay Fever, Dry, Itchy Eyes, Allergies | Cetirizine HCl 10mg Caplets, Compare to Zyrtec</p><p>$19.99 ($0.07 / Count)</p><a href="https://www.amazon.com/dp/B07KFPLDGB?tag=eloabder-20&linkCode=osi&th=1&psc=1">View Product</a></div><div class="product"><a href="https://www.amazon.com/dp/B07TBPNT1F?tag=eloabder-20&linkCode=osi&th=1&psc=1"><img src="https://m.media-amazon.com/images/I/41I4wuxq+WL._SL500_.jpg" alt="Product Image"></a><p>Rite Aid Antihistamine Allergy Relief with Diphenhydramine | Allergy Medicine | Easy-to-Swallow Small Tablet Size Allergy Relief | Common Cold & Respiratory Allergy Medication (365 Count)</p><p>$13.99 ($0.04 / Count)</p><a href="https://www.amazon.com/dp/B07TBPNT1F?tag=eloabder-20&linkCode=osi&th=1&psc=1">View Product</a></div>
<div class="product"><a href="https://www.amazon.com/dp/B009ITR4EY?tag=eloabder-20&linkCode=osi&th=1&psc=1"><img src="https://m.media-amazon.com/images/I/5108J1lmIxL._SL500_.jpg" alt="Product Image"></a><p>Tylenol Cold + Flu Severe Medicine Caplets for Fever, Pain, Cough & Congestion, 24 ct.</p><p>$7.27 ($0.30 / Count)</p><a href="https://www.amazon.com/dp/B009ITR4EY?tag=eloabder-20&linkCode=osi&th=1&psc=1">View Product</a></div><div class="product"><a href="https://www.amazon.com/dp/B000WAWN8K?tag=eloabder-20&linkCode=osi&th=1&psc=1"><img src="https://m.media-amazon.com/images/I/41MhHkkpCQL._SL500_.jpg" alt="Product Image"></a><p>Zicam Cold Remedy Zinc Rapidmelts, Citrus Flavor, 25 Count (Pack of 1)</p><p>$10.92 ($0.44 / Count)</p><a href="https://www.amazon.com/dp/B000WAWN8K?tag=eloabder-20&linkCode=osi&th=1&psc=1">View Product</a></div><div class="product"><a href="https://www.amazon.com/dp/B019DL5KCO?tag=eloabder-20&linkCode=osi&th=1&psc=1"><img src="https://m.media-amazon.com/images/I/51i-U6pGMjL._SL500_.jpg" alt="Product Image"></a><p>Coricidin HBP Decongestant-Free Cough and Cold Medicine - Specially Designed Relief for High Blood Pressure, Cough, Runny Nose, Sneezing and Cold Symptoms (16 Count)</p><p>$8.99 ($0.56 / Count)</p><a href="https://www.amazon.com/dp/B019DL5KCO?tag=eloabder-20&linkCode=osi&th=1&psc=1">View Product</a></div><div class="product"><a href="https://www.amazon.com/dp/B08836KTVQ?tag=eloabder-20&linkCode=osi&th=1&psc=1"><img src="https://m.media-amazon.com/images/I/51kNMcIeJPL._SL500_.jpg" alt="Product Image"></a><p>Mucinex Fast-Max Cold and Flu & Nightshift Severe Cold and Flu Medicine for Adults, Over-the-Counter Medication Combo Pack for Sore Throat Relief, Decongestant, Cough & Cold Medicines, 2 x 6 Fl Oz</p><p>$19.99 ($1.67 / Fl Oz)</p><a href="https://www.amazon.com/dp/B08836KTVQ?tag=eloabder-20&linkCode=osi&th=1&psc=1">View Product</a></div><div class="product"><a href="https://www.amazon.com/dp/B0CBQL9VW7?tag=eloabder-20&linkCode=osi&th=1&psc=1"><img src="https://m.media-amazon.com/images/I/51w+OzVFBlL._SL500_.jpg" alt="Product Image"></a><p>Zicam Cold & Flu-Like Symptoms with Echinacea and Sambucus, Homeopathic, Zinc, Cooling Peppermint Flavor, Helps with Cold Symptoms, 20 Tablets</p><p>$10.98 ($0.55 / Count)</p><a href="https://www.amazon.com/dp/B0CBQL9VW7?tag=eloabder-20&linkCode=osi&th=1&psc=1">View Product</a></div><div class="product"><a href="https://www.amazon.com/dp/B01FCDI70Y?tag=eloabder-20&linkCode=osi&th=1&psc=1"><img src="https://m.media-amazon.com/images/I/51XEbZuRk2L._SL500_.jpg" alt="Product Image"></a><p>Genexa Cold Crush | Multi-Symptom Cough & Cold Relief for Adults | Delicious Organic Acai Berry Flavor | Certified Organic & Non-GMO | Homeopathic Remedy Made Clean | 60 Chewable Tablets</p><p>$15.99 ($0.27 / Count)</p><a href="https://www.amazon.com/dp/B01FCDI70Y?tag=eloabder-20&linkCode=osi&th=1&psc=1">View Product</a></div><div class="product"><a href="https://www.amazon.com/dp/B084HD4P7G?tag=eloabder-20&linkCode=osi&th=1&psc=1"><img src="https://m.media-amazon.com/images/I/51Y9eC+02cL._SL500_.jpg" alt="Product Image"></a><p>Sambucol Cold and Flu Relief Tablets - Homeopathic Cold Medicine, Cold Remedy for Adults, Black Elderberry for Colds, Zinc Cold Remedy - 60 Count</p><p>$19.48 ($0.32 / Count)</p><a href="https://www.amazon.com/dp/B084HD4P7G?tag=eloabder-20&linkCode=osi&th=1&psc=1">View Product</a></div><div class="product"><a href="https://www.amazon.com/dp/B01FCDDEUC?tag=eloabder-20&linkCode=osi&th=1&psc=1"><img src="https://m.media-amazon.com/images/I/51tvGxyWfdL._SL500_.jpg" alt="Product Image"></a><p>Genexa Kids' Cold Crush | Multi-Symptom Cough & Cold Relief for Children | Delicious Organic Acai Berry Flavor | Certified Organic & Non-GMO | Homeopathic Remedy Made Clean | 60 Chewable Tablets</p><p>$14.99 ($0.25 / Count)</p><a href="https://www.amazon.com/dp/B01FCDDEUC?tag=eloabder-20&linkCode=osi&th=1&psc=1">View Product</a></div><div class="product"><a href="https://www.amazon.com/dp/B000XTO9CI?tag=eloabder-20&linkCode=osi&th=1&psc=1"><img src="https://m.media-amazon.com/images/I/41hJoPREnXL._SL500_.jpg" alt="Product Image"></a><p>Nature's Way Cold+Flu Relief, Umcka, Shortens Duration and Reduces Severity, Multi-Symptom Relief, Homeopathic, Phenylephrine Free, Non-Drowsy, Berry Flavored, 20 Chewable Tablets (Packaging May Vary)</p><p>$13.01 ($0.65 / Count)</p><a href="https://www.amazon.com/dp/B000XTO9CI?tag=eloabder-20&linkCode=osi&th=1&psc=1">View Product</a></div>
<div class="product"><a href="https://www.amazon.com/dp/B0C21ZLQNC?tag=eloabder-20&linkCode=osi&th=1&psc=1"><img src="https://m.media-amazon.com/images/I/51mKzlUJ2mL._SL500_.jpg" alt="Product Image"></a><p>Physician's CHOICE Digestive Enzymes - Multi Enzymes, Organic Prebiotics & Probiotics for Digestive Health & Gut Health - Meal Time Discomfort Relief & Bloating - Dual Action Approach - 60 CT</p><p>$17.99 ($0.30 / Count)</p><a href="https://www.amazon.com/dp/B0C21ZLQNC?tag=eloabder-20&linkCode=osi&th=1&psc=1">View Product</a></div><div class="product"><a href="https://www.amazon.com/dp/B012RFVHSO?tag=eloabder-20&linkCode=osi&th=1&psc=1"><img src="https://m.media-amazon.com/images/I/51As5g4VfnL._SL500_.jpg" alt="Product Image"></a><p>OLLY Probiotic + Prebiotic Gummy, Digestive Support and Gut Health, 500 Million CFUs, Fiber, Adult Chewable Supplement for Men and Women, Peach, 30 Day Supply - 30 Count</p><p>$12.49 ($0.42 / Count)</p><a href="https://www.amazon.com/dp/B012RFVHSO?tag=eloabder-20&linkCode=osi&th=1&psc=1">View Product</a></div><div class="product"><a href="https://www.amazon.com/dp/B079H53D2B?tag=eloabder-20&linkCode=osi&th=1&psc=1"><img src="https://m.media-amazon.com/images/I/51Y4b2nfCYL._SL500_.jpg" alt="Product Image"></a><p>Physician's Choice Probiotics 60 Billion CFU - 10 Strains + Organic Prebiotics - Immune, Digestive & Gut Health - Supports Occasional Constipation, Diarrhea, Gas & Bloating - for Women & Men - 30ct</p><p>$21.58 ($0.72 / Count)</p><a href="https://www.amazon.com/dp/B079H53D2B?tag=eloabder-20&linkCode=osi&th=1&psc=1">View Product</a></div><div class="product"><a href="https://www.amazon.com/dp/B001TH7K0G?tag=eloabder-20&linkCode=osi&th=1&psc=1"><img src="https://m.media-amazon.com/images/I/41nbiJxKRNL._SL500_.jpg" alt="Product Image"></a><p>Metamucil 3-in-1 Fiber Capsules, Daily Psyllium Husk Fiber Supplement, Fiber Capsules for Digestive Health, Plant-Based Psyllium Husk Fiber Capsules, #1 Doctor Recommended Fiber Brand, 300ct Capsules</p><p>$30.18 ($0.10 / Count)</p><a href="https://www.amazon.com/dp/B001TH7K0G?tag=eloabder-20&linkCode=osi&th=1&psc=1">View Product</a></div><div class="product"><a href="https://www.amazon.com/dp/B0BYQZZTNH?tag=eloabder-20&linkCode=osi&th=1&psc=1"><img src="https://m.media-amazon.com/images/I/51+PbAZ+BiL._SL500_.jpg" alt="Product Image"></a><p>OLLY Fiber Gummy Rings, 5g Prebiotic Fiber, FOS (Fructo-oligosaccharides), Digestive Support, Berry Melon 50ct</p><p>$18.69 ($0.37 / Count)</p><a href="https://www.amazon.com/dp/B0BYQZZTNH?tag=eloabder-20&linkCode=osi&th=1&psc=1">View Product</a></div><div class="product"><a href="https://www.amazon.com/dp/B072YHM6S2?tag=eloabder-20&linkCode=osi&th=1&psc=1"><img src="https://m.media-amazon.com/images/I/41AeQ7B6ywL._SL500_.jpg" alt="Product Image"></a><p>Zenwise Health Digestive Enzymes - Probiotic Multi Enzymes with Probiotics and Prebiotics for Digestive Health and Bloating Relief for Women and Men, Daily Enzymes for Gut and Digestion - 60 Count</p><p>$18.97 ($0.32 / Count)</p><a href="https://www.amazon.com/dp/B072YHM6S2?tag=eloabder-20&linkCode=osi&th=1&psc=1">View Product</a></div><div class="product"><a href="https://www.amazon.com/dp/B0007IQMVG?tag=eloabder-20&linkCode=osi&th=1&psc=1"><img src="https://m.media-amazon.com/images/I/41LbuIg0j9L._SL500_.jpg" alt="Product Image"></a><p>Digestive Advantage IBS Probiotics For Women and Men, Probiotics For Digestive Health & Intensive Bowel Support with Digestive Enzymes For Gut Health, Occasional Bloating & Immune Support, 96 Capsules</p><p>$40.99 ($0.43 / Count)</p><a href="https://www.amazon.com/dp/B0007IQMVG?tag=eloabder-20&linkCode=osi&th=1&psc=1">View Product</a></div><div class="product"><a href="https://www.amazon.com/dp/B0BSKSTLR6?tag=eloabder-20&linkCode=osi&th=1&psc=1"><img src="https://m.media-amazon.com/images/I/4122KSnK5cL._SL500_.jpg" alt="Product Image"></a><p>Benefiber Prebiotic Fiber Supplement Gummies for Digestive Health, Assorted Fruit Flavor - 81 Count</p><p>$17.99 ($0.22 / Count)</p><a href="https://www.amazon.com/dp/B0BSKSTLR6?tag=eloabder-20&linkCode=osi&th=1&psc=1">View Product</a></div><div class="product"><a href="https://www.amazon.com/dp/B0014CVXMW?tag=eloabder-20&linkCode=osi&th=1&psc=1"><img src="https://m.media-amazon.com/images/I/417nIjuQeVL._SL500_.jpg" alt="Product Image"></a><p>Nature's Bounty Acidophilus Probiotic, Daily Probiotic Supplement, Supports Digestive Health, 1 Pack, 120 Tablets</p><p>$7.79 ($0.06 / Count)</p><a href="https://www.amazon.com/dp/B0014CVXMW?tag=eloabder-20&linkCode=osi&th=1&psc=1">View Product</a></div>
<div class="product"><a href="https://www.amazon.com/dp/B004PVLWW0?tag=eloabder-20&linkCode=osi&th=1&psc=1"><img src="https://m.media-amazon.com/images/I/41MNYerfHQL._SL500_.jpg" alt="Product Image"></a><p>DHT BLOCKER - Hair Growth Supplement for Genetic Thinning for Men and Women | Approved* by American Hair Loss Association | Guaranteed, Backed by 20 Years of Experience in Hair Loss Treatment Clinics</p><p>$43.90 ($0.37 / Count)</p><a href="https://www.amazon.com/dp/B004PVLWW0?tag=eloabder-20&linkCode=osi&th=1&psc=1">View Product</a></div><div class="product"><a href="https://www.amazon.com/dp/B00M6I5SNI?tag=eloabder-20&linkCode=osi&th=1&psc=1"><img src="https://m.media-amazon.com/images/I/51c0-S5TYBL._SL500_.jpg" alt="Product Image"></a><p>Rogaine Women's 5% Minoxidil Foam, Topical Once-A-Day Hair Loss Treatment for Women to Regrow Fuller, Thicker Hair, Unscented, 4-Month Supply, 2 x 2.11 oz</p><p>$49.05 ($23.25 / Ounce)</p><a href="https://www.amazon.com/dp/B00M6I5SNI?tag=eloabder-20&linkCode=osi&th=1&psc=1">View Product</a></div><div class="product"><a href="https://www.amazon.com/dp/B00M6I5SMY?tag=eloabder-20&linkCode=osi&th=1&psc=1"><img src="https://m.media-amazon.com/images/I/415RcmGI84L._SL500_.jpg" alt="Product Image"></a><p>Rogaine 5% Minoxidil Foam, Topical Once-A-Day Hair Loss Treatment for Women to Regrow Fuller, Thicker Hair, Unscented, 2-Month Supply, 2.11 oz</p><p>$30.63 ($14.52 / Ounce)</p><a href="https://www.amazon.com/dp/B00M6I5SMY?tag=eloabder-20&linkCode=osi&th=1&psc=1">View Product</a></div><div class="product"><a href="https://www.amazon.com/dp/B019ZZB3O2?tag=eloabder-20&linkCode=osi&th=1&psc=1"><img src="https://m.media-amazon.com/images/I/41LErxWdadL._SL500_.jpg" alt="Product Image"></a><p>SugarbearPRO Hair Vitamin Extra Strength 6000mcg Biotin, Longer-Looking Hair Gummy for Women & Men,B12, MSM, Inositol, Omega 3, Elderberry, Growth, USA Patent Design, Kosher Halal Vegan 2 Month Supply</p><p>$32.99 ($0.55 / Count)</p><a href="https://www.amazon.com/dp/B019ZZB3O2?tag=eloabder-20&linkCode=osi&th=1&psc=1">View Product</a></div><div class="product"><a href="https://www.amazon.com/dp/B0000Y8H3S?tag=eloabder-20&linkCode=osi&th=1&psc=1"><img src="https://m.media-amazon.com/images/I/41HVx2izbyL._SL500_.jpg" alt="Product Image"></a><p>Men's Rogaine Extra Strength 5% Minoxidil Topical Solution for Thin Hair, Hair Loss Treatment to Regrow Fuller, Thicker Hair, 3-Month Supply, 3 x 2 fl. oz</p><p>$51.70 ($8.62 / Fl Oz)</p><a href="https://www.amazon.com/dp/B0000Y8H3S?tag=eloabder-20&linkCode=osi&th=1&psc=1">View Product</a></div><div class="product"><a href="https://www.amazon.com/dp/B00BMLOKHU?tag=eloabder-20&linkCode=osi&th=1&psc=1"><img src="https://m.media-amazon.com/images/I/41NZ8vQtHtL._SL500_.jpg" alt="Product Image"></a><p>Rogaine Women's 2% Minoxidil Topical Solution for Womens Hair Thinning and Loss & Hair Regrowth, 3-Month Supply, 4 Piece Set, Unscented, 6 Fl Oz</p><p>$59.99 ($10.00 / Fl Oz)</p><a href="https://www.amazon.com/dp/B00BMLOKHU?tag=eloabder-20&linkCode=osi&th=1&psc=1">View Product</a></div><div class="product"><a href="https://www.amazon.com/dp/B08FGZSW8L?tag=eloabder-20&linkCode=osi&th=1&psc=1"><img src="https://m.media-amazon.com/images/I/41zpZ6a7pwL._SL500_.jpg" alt="Product Image"></a><p>WEEM Hair Skin and Nails Gummies - Supports Healthy Hair - Vegan biotin Vitamins for Women & Men Supports Faster Hair Growth, Stronger Nails, Healthy Skin, Extra Strength (1)</p><p>$29.95 ($0.50 / Count)</p><a href="https://www.amazon.com/dp/B08FGZSW8L?tag=eloabder-20&linkCode=osi&th=1&psc=1">View Product</a></div>
<div class="product"><a href="https://www.amazon.com/dp/B00NNZRJ2G?tag=eloabder-20&linkCode=osi&th=1&psc=1"><img src="https://m.media-amazon.com/images/I/41YWG-0RKpL._SL500_.jpg" alt="Product Image"></a><p>OCuSOFT Lid Scrub Original Eyelid Cleanser - Pre-Moistened Eyelid Wipes for Mild to Moderate Conditions - Eyelid Cleanser to Clean, Comfort & Soothe Irritated Eyelids - 30 Count</p><p>$9.95 ($0.33 / Count)</p><a href="https://www.amazon.com/dp/B00NNZRJ2G?tag=eloabder-20&linkCode=osi&th=1&psc=1">View Product</a></div><div class="product"><a href="https://www.amazon.com/dp/B00DJUK8HS?tag=eloabder-20&linkCode=osi&th=1&psc=1"><img src="https://m.media-amazon.com/images/I/51oBE3IVUkL._SL500_.jpg" alt="Product Image"></a><p>PreserVision AREDS 2 Eye Vitamin & Mineral Supplement, Contains Lutein, Vitamin C, Zeaxanthin, Zinc & Vitamin E, 120 Softgels (Packaging May Vary)</p><p>$31.15 ($0.26 / Count)</p><a href="https://www.amazon.com/dp/B00DJUK8HS?tag=eloabder-20&linkCode=osi&th=1&psc=1">View Product</a></div><div class="product"><a href="https://www.amazon.com/dp/B09NXS395V?tag=eloabder-20&linkCode=osi&th=1&psc=1"><img src="https://m.media-amazon.com/images/I/41ZHn0qwWwL._SL500_.jpg" alt="Product Image"></a><p>NAZANO Under Eye Patches - 60 Pcs - 24K Gold Eye Mask- Puffy Eyes & Dark Circles Treatments,Reduce Under Eye Bags and Smooth Wrinkles,Eye Skin Care Pads With Collagen,Hyaluronic Acid & Castor Oil</p><p>$6.98 ($0.23 / Count)</p><a href="https://www.amazon.com/dp/B09NXS395V?tag=eloabder-20&linkCode=osi&th=1&psc=1">View Product</a></div><div class="product"><a href="https://www.amazon.com/dp/B00JJPMXDO?tag=eloabder-20&linkCode=osi&th=1&psc=1"><img src="https://m.media-amazon.com/images/I/41xUbY21ojL._SL500_.jpg" alt="Product Image"></a><p>CeraVe Eye Repair Cream | Under Eye Cream For Puffiness And Bags Under Eyes | Hyaluronic Acid + Niacinamide + Marine Botanical Complex | Hydrating Eye Cream | Oil Free & Opthalmologist Tested</p><p>$9.85 ($19.70 / Ounce)</p><a href="https://www.amazon.com/dp/B00JJPMXDO?tag=eloabder-20&linkCode=osi&th=1&psc=1">View Product</a></div><div class="product"><a href="https://www.amazon.com/dp/B00NMPJR90?tag=eloabder-20&linkCode=osi&th=1&psc=1"><img src="https://m.media-amazon.com/images/I/41OYxfKCMGL._SL500_.jpg" alt="Product Image"></a><p>OCuSOFT Lid Scrub PLUS - Pre-Moistened Leave-On Eyelid Wipes for Moderate to Severe Conditions - Moisturizing Eyelid Cleanser for Maximum Relief - 30 Count</p><p>$18.97 ($0.63 / Count)</p><a href="https://www.amazon.com/dp/B00NMPJR90?tag=eloabder-20&linkCode=osi&th=1&psc=1">View Product</a></div><div class="product"><a href="https://www.amazon.com/dp/B0036B8QL0?tag=eloabder-20&linkCode=osi&th=1&psc=1"><img src="https://m.media-amazon.com/images/I/51JKJ6aZUsL._SL500_.jpg" alt="Product Image"></a><p>Systane Ultra Lubricant Eye Drops, Artificial Tears for Dry Eye, Twin Pack, 10-mL Each</p><p>$17.18 ($52.06 / Fl Oz)</p><a href="https://www.amazon.com/dp/B0036B8QL0?tag=eloabder-20&linkCode=osi&th=1&psc=1">View Product</a></div><div class="product"><a href="https://www.amazon.com/dp/B07BVYZL88?tag=eloabder-20&linkCode=osi&th=1&psc=1"><img src="https://m.media-amazon.com/images/I/41Nyltw77SL._SL500_.jpg" alt="Product Image"></a><p>LUMIFY Redness Reliever Eye Drops 0.25 Ounce (7.5mL)</p><p>$20.99 ($82.96 / Fl Oz)</p><a href="https://www.amazon.com/dp/B07BVYZL88?tag=eloabder-20&linkCode=osi&th=1&psc=1">View Product</a></div><div class="product"><a href="https://www.amazon.com/dp/B00DJUK8IM?tag=eloabder-20&linkCode=osi&th=1&psc=1"><img src="https://m.media-amazon.com/images/I/51LPoH2nRnL._SL500_.jpg" alt="Product Image"></a><p>Ocuvite Eye Vitamin & Mineral Supplement, Contains Zinc, Vitamins C, E, Omega 3, Lutein, & Zeaxanthin, 90 Softgels (Packaging May Vary)</p><p>$23.47 ($0.26 / Count)</p><a href="https://www.amazon.com/dp/B00DJUK8IM?tag=eloabder-20&linkCode=osi&th=1&psc=1">View Product</a></div><div class="product"><a href="https://www.amazon.com/dp/B00008BRR8?tag=eloabder-20&linkCode=osi&th=1&psc=1"><img src="https://m.media-amazon.com/images/I/41RscSZokiL._SL500_.jpg" alt="Product Image"></a><p>Refresh Tears, Lubricant Eye Drops, 2 Bottles .5 fl oz (15 ml)</p><p>$13.79</p><a href="https://www.amazon.com/dp/B00008BRR8?tag=eloabder-20&linkCode=osi&th=1&psc=1">View Product</a></div>
<div class="product"><a href="https://www.amazon.com/dp/B072N7WRHS?tag=eloabder-20&linkCode=osi&th=1&psc=1"><img src="https://m.media-amazon.com/images/I/413f-GdLNQL._SL500_.jpg" alt="Product Image"></a><p>Renu Contact Lens Solution, Advanced Formula, 12 Fl Oz (Pack of 2), Conditions & Hydrates Lenses, 20 Hours Moisture, 3 Disinfectants, For Soft & Silicon Hydrogel Lenses</p><p>$14.96 ($0.62 / Fl Oz)</p><a href="https://www.amazon.com/dp/B072N7WRHS?tag=eloabder-20&linkCode=osi&th=1&psc=1">View Product</a></div><div class="product"><a href="https://www.amazon.com/dp/B09WRB83MX?tag=eloabder-20&linkCode=osi&th=1&psc=1"><img src="https://m.media-amazon.com/images/I/418Hy6lumfL._SL500_.jpg" alt="Product Image"></a><p>Biotrue Hydration Plus Contact Lens Solution, Multi-Purpose Solution for Soft Contact Lenses, Lens Case Included, 10 FL OZ (Pack of 2)</p><p>$18.99 ($0.95 / Fl Oz)</p><a href="https://www.amazon.com/dp/B09WRB83MX?tag=eloabder-20&linkCode=osi&th=1&psc=1">View Product</a></div><div class="product"><a href="https://www.amazon.com/dp/B00EALX660?tag=eloabder-20&linkCode=osi&th=1&psc=1"><img src="https://m.media-amazon.com/images/I/51nm-B778HL._SL500_.jpg" alt="Product Image"></a><p>Bausch & Lomb Sensitive Eyes Contact Lens Solution, Sensitive Eyes Solution for Soft Contact & Gas Permeable Lenses, Saline Solution with Potassium, 12 Fl Oz (Pack of 2)</p><p>$6.99 ($0.29 / Fl Oz)</p><a href="https://www.amazon.com/dp/B00EALX660?tag=eloabder-20&linkCode=osi&th=1&psc=1">View Product</a></div><div class="product"><a href="https://www.amazon.com/dp/B072N7WNTK?tag=eloabder-20&linkCode=osi&th=1&psc=1"><img src="https://m.media-amazon.com/images/I/4109e6u0vfL._SL500_.jpg" alt="Product Image"></a><p>Renu Contact Lens Solution Multipurpose Disinfectant, Advanced Formula Lens Cleaner, Cleans & Moisturizes Soft & Silicon Hydrogel Lenses, 12 Fl Oz</p><p>$8.58 ($0.72 / Fl Oz)</p><a href="https://www.amazon.com/dp/B072N7WNTK?tag=eloabder-20&linkCode=osi&th=1&psc=1">View Product</a></div><div class="product"><a href="https://www.amazon.com/dp/B086TPW1WP?tag=eloabder-20&linkCode=osi&th=1&psc=1"><img src="https://m.media-amazon.com/images/I/51qNhUL2EvL._SL500_.jpg" alt="Product Image"></a><p>Renu Contact Lens Solution Multipurpose Disinfectant, Advanced Formula Lens Cleaner, Cleans & Moisturizes Soft & Silicon Hydrogel Lenses, Multi-Pack 16 Fl Oz (Pack of 2) + 2 Fl Oz Travel Size</p><p>$19.99 ($0.59 / Ounce)</p><a href="https://www.amazon.com/dp/B086TPW1WP?tag=eloabder-20&linkCode=osi&th=1&psc=1">View Product</a></div><div class="product"><a href="https://www.amazon.com/dp/B010GD3NUY?tag=eloabder-20&linkCode=osi&th=1&psc=1"><img src="https://m.media-amazon.com/images/I/51J4K0ac2IL._SL500_.jpg" alt="Product Image"></a><p>Clear Care Plus Cleaning Solution with Lens Case, Twin Pack, Multi, 12 Oz, Pack of 2</p><p>$17.98 ($0.75 / Fl Oz)</p><a href="https://www.amazon.com/dp/B010GD3NUY?tag=eloabder-20&linkCode=osi&th=1&psc=1">View Product</a></div><div class="product"><a href="https://www.amazon.com/dp/B001LFF5WG?tag=eloabder-20&linkCode=osi&th=1&psc=1"><img src="https://m.media-amazon.com/images/I/41yeo4z2YQL._SL500_.jpg" alt="Product Image"></a><p>Boston Simplus Contact Lens Solution, for Gas Permeable Contact Lenses, 3.5 Fl Oz</p><p>$9.58 ($2.74 / Fl Oz)</p><a href="https://www.amazon.com/dp/B001LFF5WG?tag=eloabder-20&linkCode=osi&th=1&psc=1">View Product</a></div><div class="product"><a href="https://www.amazon.com/dp/B003H07RXS?tag=eloabder-20&linkCode=osi&th=1&psc=1"><img src="https://m.media-amazon.com/images/I/410kz7uFY-L._SL500_.jpg" alt="Product Image"></a><p>Biotrue Contact Lens Solution, Multi-Purpose Solution for Soft Contact Lenses, Lens Case Included, 10 FL OZ</p><p>$9.82 ($0.98 / Ounce)</p><a href="https://www.amazon.com/dp/B003H07RXS?tag=eloabder-20&linkCode=osi&th=1&psc=1">View Product</a></div><div class="product"><a href="https://www.amazon.com/dp/B001ET7D42?tag=eloabder-20&linkCode=osi&th=1&psc=1"><img src="https://m.media-amazon.com/images/I/41Mo0p5eInL._SL500_.jpg" alt="Product Image"></a><p>Boston ADVANCE Conditioning Solution, from Bausch + Lomb, 3.5 Fl Oz (Pack of 2)</p><p>$18.96 ($2.71 / Fl Oz)</p><a href="https://www.amazon.com/dp/B001ET7D42?tag=eloabder-20&linkCode=osi&th=1&psc=1">View Product</a></div><div class="product"><a href="https://www.amazon.com/dp/B018KC4G2C?tag=eloabder-20&linkCode=osi&th=1&psc=1"><img src="https://m.media-amazon.com/images/I/41f3UfFJoWL._SL500_.jpg" alt="Product Image"></a><p>Biotrue Contact Lens Solution, Multi-Purpose Solution for Soft Contact Lenses, Lens Case Included, 2 FL OZ</p><p>$3.39 ($1.70 / Fl Oz)</p><a href="https://www.amazon.com/dp/B018KC4G2C?tag=eloabder-20&linkCode=osi&th=1&psc=1">View Product</a></div>
<div class="product"><a href="https://www.amazon.com/dp/B09XW9LBLF?tag=eloabder-20&linkCode=osi&th=1&psc=1"><img src="https://m.media-amazon.com/images/I/51n47pJYTJL._SL500_.jpg" alt="Product Image"></a><p>Arm & Hammer Simply Saline Daily Care Nasal Mist 4.4oz, Saline Nasal Spray, Drug-Free, 3-Pack</p><p>$13.67 ($1.04 / Ounce)</p><a href="https://www.amazon.com/dp/B09XW9LBLF?tag=eloabder-20&linkCode=osi&th=1&psc=1">View Product</a></div><div class="product"><a href="https://www.amazon.com/dp/B08R2SRN88?tag=eloabder-20&linkCode=osi&th=1&psc=1"><img src="https://m.media-amazon.com/images/I/51psI6ed71L._SL500_.jpg" alt="Product Image"></a><p>KIRKLAND SIGNATURE Aller-Flo Fluticasone Propionate (Glucorticoid) 5 Bottles x 120 Metered Sprays 0.54 Fl OZ per Bottle (15.8 mL x 5) 2.70 OZ Total (79 mL Total) 600 Total Sprays Total, 1-Pack</p><p>$27.95 ($10.35 / Fl Oz)</p><a href="https://www.amazon.com/dp/B08R2SRN88?tag=eloabder-20&linkCode=osi&th=1&psc=1">View Product</a></div><div class="product"><a href="https://www.amazon.com/dp/B07MLTLN74?tag=eloabder-20&linkCode=osi&th=1&psc=1"><img src="https://m.media-amazon.com/images/I/41sFNiAjpkL._SL500_.jpg" alt="Product Image"></a><p>Amazon Basic Care No Drip Severe Congestion Nasal Pump Mist Spray, 12 Hour Relief, Oxymetazoline HCl, Maximum Strength Plus Menthol, Steroid Free, 1 fl oz (Pack of 1)</p><p>$5.09</p><a href="https://www.amazon.com/dp/B07MLTLN74?tag=eloabder-20&linkCode=osi&th=1&psc=1">View Product</a></div><div class="product"><a href="https://www.amazon.com/dp/B08ZF27PHM?tag=eloabder-20&linkCode=osi&th=1&psc=1"><img src="https://m.media-amazon.com/images/I/31eIUFUDMjL._SL500_.jpg" alt="Product Image"></a><p>Amazon Basic Care Premium Saline Nasal Moisturizing Spray, 1.5 fl oz (Pack of 1), Clear</p><p>$2.27 ($1.51 / Fl Oz)</p><a href="https://www.amazon.com/dp/B08ZF27PHM?tag=eloabder-20&linkCode=osi&th=1&psc=1">View Product</a></div><div class="product"><a href="https://www.amazon.com/dp/B08ZF4QDKG?tag=eloabder-20&linkCode=osi&th=1&psc=1"><img src="https://m.media-amazon.com/images/I/41QbiS5l98L._SL500_.jpg" alt="Product Image"></a><p>Amazon Basic Care Maximum Strength 12 Hour Nasal Spray, Oxymetazoline HCl Solution, Congestion Relief, Cold and Allergy Medicine, Decongestant, 1 Fl Oz (Pack of 1)</p><p>$3.56</p><a href="https://www.amazon.com/dp/B08ZF4QDKG?tag=eloabder-20&linkCode=osi&th=1&psc=1">View Product</a></div><div class="product"><a href="https://www.amazon.com/dp/B00IPKC622?tag=eloabder-20&linkCode=osi&th=1&psc=1"><img src="https://m.media-amazon.com/images/I/41qfO4OKvjL._SL500_.jpg" alt="Product Image"></a><p>Xlear Nasal Spray with Xylitol, 1.5 fl oz (Pack of 3)</p><p>$32.99 ($7.33 / Fl Oz)</p><a href="https://www.amazon.com/dp/B00IPKC622?tag=eloabder-20&linkCode=osi&th=1&psc=1">View Product</a></div><div class="product"><a href="https://www.amazon.com/dp/B088WMFYMJ?tag=eloabder-20&linkCode=osi&th=1&psc=1"><img src="https://m.media-amazon.com/images/I/414i7EmS51L._SL500_.jpg" alt="Product Image"></a><p>Flonase Allergy Relief Nasal Spray, 24 Hour Non Drowsy Allergy Medicine, Metered Nasal Spray - 72 Sprays - Fall and Seasonal Allergy Relief</p><p>$17.48 ($46.00 / Fl Oz)</p><a href="https://www.amazon.com/dp/B088WMFYMJ?tag=eloabder-20&linkCode=osi&th=1&psc=1">View Product</a></div><div class="product"><a href="https://www.amazon.com/dp/B07MLTLN75?tag=eloabder-20&linkCode=osi&th=1&psc=1"><img src="https://m.media-amazon.com/images/I/41g+3os1psL._SL500_.jpg" alt="Product Image"></a><p>Amazon Basic Care No Drip Nasal Spray, 12 Hour Nasal Decongestant, Pump Mist, Oxymetazoline HCl, Cold and Allergy Nasal Spray, 1 fl oz (Pack of 1)</p><p>$5.09</p><a href="https://www.amazon.com/dp/B07MLTLN75?tag=eloabder-20&linkCode=osi&th=1&psc=1">View Product</a></div>
<div class="product"><a href="https://www.amazon.com/dp/B001FWXKTA?tag=eloabder-20&linkCode=osi&th=1&psc=1"><img src="https://m.media-amazon.com/images/I/31Rb8V-nAVL._SL500_.jpg" alt="Product Image"></a><p>Vicks Warm Mist Humidifier Small to Large Room for Baby, Kids and Adults, 1 Gallon Tank</p><p>$42.99</p><a href="https://www.amazon.com/dp/B001FWXKTA?tag=eloabder-20&linkCode=osi&th=1&psc=1">View Product</a></div>
<div class="product"><a href="https://www.amazon.com/dp/B079QN3154?tag=eloabder-20&linkCode=osi&th=1&psc=1"><img src="https://m.media-amazon.com/images/I/21bP07h-2vL._SL500_.jpg" alt="Product Image"></a><p>Finishing Touch Lumina Painless Hair Remover, Silver, New Edition</p><p>$9.75</p><a href="https://www.amazon.com/dp/B079QN3154?tag=eloabder-20&linkCode=osi&th=1&psc=1">View Product</a></div><div class="product"><a href="https://www.amazon.com/dp/B09QDRJ8ZX?tag=eloabder-20&linkCode=osi&th=1&psc=1"><img src="https://m.media-amazon.com/images/I/41jcrP+03XL._SL500_.jpg" alt="Product Image"></a><p>Finishing Touch Flawless Bikini Shaver and Trimmer Hair Remover for Women, Dry Use Electric Razor, Personal Groomer for Intimate Ladies Shaving, No Bump, Smooth Shave</p><p>$19.99</p><a href="https://www.amazon.com/dp/B09QDRJ8ZX?tag=eloabder-20&linkCode=osi&th=1&psc=1">View Product</a></div>


<div class="product"><a href="https://www.amazon.com/dp/B00LE99PA2?tag=eloabder-20&linkCode=osi&th=1&psc=1"><img src="https://m.media-amazon.com/images/I/518ViTgYdGL._SL500_.jpg" alt="Product Image"></a><p>Amopé Pedi Perfect Electric Callus Remover Foot File w/ Diamond Crystals, Pedicure Tool for Feet, Removes Hard & Dead Skin, Feet Scrubber & Buffer, Splashproof, w/ Extra Coarse Roller Head, 1 Count</p><p>$19.88</p><a href="https://www.amazon.com/dp/B00LE99PA2?tag=eloabder-20&linkCode=osi&th=1&psc=1">View Product</a></div><div class="product"><a href="https://www.amazon.com/dp/B09QMJTDP4?tag=eloabder-20&linkCode=osi&th=1&psc=1"><img src="https://m.media-amazon.com/images/I/41tkdQYqMtL._SL500_.jpg" alt="Product Image"></a><p>Metatarsal Pads, Gel Toe Separators, Bunion Corrector Cushion, Toe Spacers, Ball of Foot Cushions, Soft&Breathable, Idea for Mortons Neuroma, Blisters, Diabetic Feet, Hammer Toe, Rapid Pain Relief</p><p>$9.99</p><a href="https://www.amazon.com/dp/B09QMJTDP4?tag=eloabder-20&linkCode=osi&th=1&psc=1">View Product</a></div><div class="product"><a href="https://www.amazon.com/dp/B07HRYCWQZ?tag=eloabder-20&linkCode=osi&th=1&psc=1"><img src="https://m.media-amazon.com/images/I/41foQatg2ZL._SL500_.jpg" alt="Product Image"></a><p>Extra Strength Callus Remover for Feet - Callus Remover Gel Foot Scrubber for Dead Skin - Professional Pedicure Foot Spa Essential, 6oz</p><p>$8.95</p><a href="https://www.amazon.com/dp/B07HRYCWQZ?tag=eloabder-20&linkCode=osi&th=1&psc=1">View Product</a></div><div class="product"><a href="https://www.amazon.com/dp/B07Z6CG253?tag=eloabder-20&linkCode=osi&th=1&psc=1"><img src="https://m.media-amazon.com/images/I/41pgtZmmDcL._SL500_.jpg" alt="Product Image"></a><p>Okay Himalayan Pink Salt Detoxifying Foot Soak With & Tea Tree Oil, lavender, 20 Ounce</p><p>$9.99 ($0.50 / Ounce)</p><a href="https://www.amazon.com/dp/B07Z6CG253?tag=eloabder-20&linkCode=osi&th=1&psc=1">View Product</a></div><div class="product"><a href="https://www.amazon.com/dp/B07TPS758M?tag=eloabder-20&linkCode=osi&th=1&psc=1"><img src="https://m.media-amazon.com/images/I/51wlELBWJoL._SL500_.jpg" alt="Product Image"></a><p>26 Pieces Toe Cushion Tube 0.98 Inches Toe Tubes Sleeves 3 Different Size Soft Gel Corn Pad Protectors for Cushions Corns,Blisters, Calluses, Toes and Fingers.</p><p>$5.99 ($0.23 / Count)</p><a href="https://www.amazon.com/dp/B07TPS758M?tag=eloabder-20&linkCode=osi&th=1&psc=1">View Product</a></div><div class="product"><a href="https://www.amazon.com/dp/B01NCMJPOQ?tag=eloabder-20&linkCode=osi&th=1&psc=1"><img src="https://m.media-amazon.com/images/I/31lxdO7tvoL._SL500_.jpg" alt="Product Image"></a><p>Lee Beauty Professional Callus Remover for Feet - Original, Powerful Formulation - Extra Strength Gel, Home Pedicure Foot Spa Results - Cracked & Dead Dry Skin Supplies - 8 Oz</p><p>$14.99 ($1.87 / Ounce)</p><a href="https://www.amazon.com/dp/B01NCMJPOQ?tag=eloabder-20&linkCode=osi&th=1&psc=1">View Product</a></div><div class="product"><a href="https://www.amazon.com/dp/B08YZBBVGK?tag=eloabder-20&linkCode=osi&th=1&psc=1"><img src="https://m.media-amazon.com/images/I/31MIcVTBGKL._SL500_.jpg" alt="Product Image"></a><p>Dr. Scholl's Severe Cracked Heel Repair Restoring Balm 2.5oz, with 25% Urea for Dry, Cracked Feet, Heals and Moisturizes for Healthy Feet</p><p>$6.47 ($2.59 / Ounce)</p><a href="https://www.amazon.com/dp/B08YZBBVGK?tag=eloabder-20&linkCode=osi&th=1&psc=1">View Product</a></div><div class="product"><a href="https://www.amazon.com/dp/B07NRZNYF9?tag=eloabder-20&linkCode=osi&th=1&psc=1"><img src="https://m.media-amazon.com/images/I/51yCiC6opTL._SL500_.jpg" alt="Product Image"></a><p>ALIVER Foot Peel Mask 3 Pack, Exfoliator Peel Off Calluses Dead Skin Callus Remover, Baby Soft Smooth Touch Feet-Men Women (Lavender)</p><p>$9.99 ($3.00 / Ounce)</p><a href="https://www.amazon.com/dp/B07NRZNYF9?tag=eloabder-20&linkCode=osi&th=1&psc=1">View Product</a></div><div class="product"><a href="https://www.amazon.com/dp/B0BG8XZQ2J?tag=eloabder-20&linkCode=osi&th=1&psc=1"><img src="https://m.media-amazon.com/images/I/5198oRyNvnL._SL500_.jpg" alt="Product Image"></a><p>Corn Removers for Feet & Toes: Corn Removal with 40% Salicylic Acid, Foot Callous Remover - Corn Pads 24 Pack</p><p>$21.99 ($0.92 / Count)</p><a href="https://www.amazon.com/dp/B0BG8XZQ2J?tag=eloabder-20&linkCode=osi&th=1&psc=1">View Product</a></div>
<div class="product"><a href="https://www.amazon.com/dp/B00JJPMXDO?tag=eloabder-20&linkCode=osi&th=1&psc=1"><img src="https://m.media-amazon.com/images/I/41xUbY21ojL._SL500_.jpg" alt="Product Image"></a><p>CeraVe Eye Repair Cream | Under Eye Cream For Puffiness And Bags Under Eyes | Hyaluronic Acid + Niacinamide + Marine Botanical Complex | Hydrating Eye Cream | Oil Free & Opthalmologist Tested</p><p>$9.85 ($19.70 / Ounce)</p><a href="https://www.amazon.com/dp/B00JJPMXDO?tag=eloabder-20&linkCode=osi&th=1&psc=1">View Product</a></div><div class="product"><a href="https://www.amazon.com/dp/B0009RFB76?tag=eloabder-20&linkCode=osi&th=1&psc=1"><img src="https://m.media-amazon.com/images/I/31M2iQDNDOL._SL500_.jpg" alt="Product Image"></a><p>RoC Retinol Correxion Under Eye Cream for Dark Circles & Puffiness, Daily Wrinkle Cream, Anti Aging Line Smoothing Skin Care Treatment for Women and Men, 0.5 oz (Packaging May Vary)</p><p>$19.76 ($39.52 / Fl Oz)</p><a href="https://www.amazon.com/dp/B0009RFB76?tag=eloabder-20&linkCode=osi&th=1&psc=1">View Product</a></div><div class="product"><a href="https://www.amazon.com/dp/B0B3GCCRVH?tag=eloabder-20&linkCode=osi&th=1&psc=1"><img src="https://m.media-amazon.com/images/I/41EdCdrw-AL._SL500_.jpg" alt="Product Image"></a><p>CeraVe Skin Renewing Eye Cream For Wrinkles | Under Eye Cream With Peptides + Caffeine + Niacinamide | Anti Aging Eye Cream For Wrinkles & Crows Feet | Paraben Free & Opthalmologist Tested</p><p>$18.49 ($36.98 / Ounce)</p><a href="https://www.amazon.com/dp/B0B3GCCRVH?tag=eloabder-20&linkCode=osi&th=1&psc=1">View Product</a></div><div class="product"><a href="https://www.amazon.com/dp/B0B45LL4DD?tag=eloabder-20&linkCode=osi&th=1&psc=1"><img src="https://m.media-amazon.com/images/I/31ZNIWikbtL._SL500_.jpg" alt="Product Image"></a><p>Beauty of Joseon Revive Eye Serum with Retinal Niacinamide Correction for Puffy Eye Bags Fine Lines Dark Circles Wrinkles, Korean Skin Care 30ml, 1 fl.oz</p><p>$11.00 ($11.00 / Fl Oz)</p><a href="https://www.amazon.com/dp/B0B45LL4DD?tag=eloabder-20&linkCode=osi&th=1&psc=1">View Product</a></div><div class="product"><a href="https://www.amazon.com/dp/B00005333I?tag=eloabder-20&linkCode=osi&th=1&psc=1"><img src="https://m.media-amazon.com/images/I/31webfO63dL._SL500_.jpg" alt="Product Image"></a><p>L'Oreal Paris Dermo-Expertise Eye Defense Eye Cream with Caffeine and Hyaluronic Acid 0.5 oz</p><p>$12.27 ($24.54 / Ounce)</p><a href="https://www.amazon.com/dp/B00005333I?tag=eloabder-20&linkCode=osi&th=1&psc=1">View Product</a></div><div class="product"><a href="https://www.amazon.com/dp/B091NJQ29P?tag=eloabder-20&linkCode=osi&th=1&psc=1"><img src="https://m.media-amazon.com/images/I/31b6zrb8KuL._SL500_.jpg" alt="Product Image"></a><p>Good Molecules Yerba Mate Wake Up Eye Gel - Yerba Mate, Hyaluronic Acid and Caffeine to Hydrate, Minimize Puffiness and Swelling - Skincare for Face</p><p>$6.00 ($12.00 / Fl Oz)</p><a href="https://www.amazon.com/dp/B091NJQ29P?tag=eloabder-20&linkCode=osi&th=1&psc=1">View Product</a></div><div class="product"><a href="https://www.amazon.com/dp/B07ZRF416W?tag=eloabder-20&linkCode=osi&th=1&psc=1"><img src="https://m.media-amazon.com/images/I/31cH7vzfBxL._SL500_.jpg" alt="Product Image"></a><p>COSRX Snail Peptide Eye Cream with 73.7% Snail Mucin and Niacinamide - Brightening Korean Night Cream for Fine Lines and Dark Circles</p><p>$13.80 ($16.24 / Fl Oz)</p><a href="https://www.amazon.com/dp/B07ZRF416W?tag=eloabder-20&linkCode=osi&th=1&psc=1">View Product</a></div><div class="product"><a href="https://www.amazon.com/dp/B00NR1YIKM?tag=eloabder-20&linkCode=osi&th=1&psc=1"><img src="https://m.media-amazon.com/images/I/41B32hDgipL._SL500_.jpg" alt="Product Image"></a><p>Neutrogena Hydro Boost Hyaluronic Acid Eye Gel Cream, Under Eye Cream with Hyaluronic Acid, Fragrance Free, Non-Comedogenic Moisturizer, 0.5 OZ</p><p>$8.45 ($16.90 / Fl Oz)</p><a href="https://www.amazon.com/dp/B00NR1YIKM?tag=eloabder-20&linkCode=osi&th=1&psc=1">View Product</a></div><div class="product"><a href="https://www.amazon.com/dp/B000KOLXKM?tag=eloabder-20&linkCode=osi&th=1&psc=1"><img src="https://m.media-amazon.com/images/I/31AyRPc8dQL._SL500_.jpg" alt="Product Image"></a><p>L'Oreal Paris Skincare Revitalift Anti-Wrinkle and Firming Eye Cream with Pro Retinol, Treatment to Reduce Dark Circles, Fragrance Free, 0.5 oz.</p><p>$12.99 ($25.98 / Ounce)</p><a href="https://www.amazon.com/dp/B000KOLXKM?tag=eloabder-20&linkCode=osi&th=1&psc=1">View Product</a></div>
<div class="product"><a href="https://www.amazon.com/dp/B07JGBW826?tag=eloabder-20&linkCode=osi&th=1&psc=1"><img src="https://m.media-amazon.com/images/I/41nq5khANlL._SL500_.jpg" alt="Product Image"></a><p>Amazon Basics Adult Multivitamin for Men & Women, 300 Gummies with Vitamins A, C, D, E, B-6 and B-12, 150 Count (Pack of 2) (150 Day Supply) (Previously Solimo)</p><p>$14.30 ($0.05 / Count)</p><a href="https://www.amazon.com/dp/B07JGBW826?tag=eloabder-20&linkCode=osi&th=1&psc=1">View Product</a></div><div class="product"><a href="https://www.amazon.com/dp/B00DS5BGDY?tag=eloabder-20&linkCode=osi&th=1&psc=1"><img src="https://m.media-amazon.com/images/I/41zXI0XuNYL._SL500_.jpg" alt="Product Image"></a><p>Nature Made Vitamin B12 1000 mcg, Dietary Supplement for Energy Metabolism Support, 150 Softgels, 150 Day Supply</p><p>$9.98 ($0.07 / Count)</p><a href="https://www.amazon.com/dp/B00DS5BGDY?tag=eloabder-20&linkCode=osi&th=1&psc=1">View Product</a></div><div class="product"><a href="https://www.amazon.com/dp/B007L0DPE0?tag=eloabder-20&linkCode=osi&th=1&psc=1"><img src="https://m.media-amazon.com/images/I/41u67LVdJFL._SL500_.jpg" alt="Product Image"></a><p>Vitafusion Womens Multivitamin Gummies, Berry Flavored Daily Vitamins for Women With Vitamins A, C, D, E, B-6 and B-12, America’s Number 1 Gummy Vitamin Brand, 75 Days Supply, 150 Count</p><p>$10.98 ($0.07 / Count)</p><a href="https://www.amazon.com/dp/B007L0DPE0?tag=eloabder-20&linkCode=osi&th=1&psc=1">View Product</a></div><div class="product"><a href="https://www.amazon.com/dp/B09KCCVL9V?tag=eloabder-20&linkCode=osi&th=1&psc=1"><img src="https://m.media-amazon.com/images/I/419o0W0LJgL._SL500_.jpg" alt="Product Image"></a><p>Centrum Silver Women's Multivitamin for Women 50 Plus, Multivitamin/Multimineral Supplement with Vitamin D3, B Vitamins, Non-GMO Ingredients, Supports Memory and Cognition in Older Adults - 200 Ct</p><p>$15.99 ($0.08 / Count)</p><a href="https://www.amazon.com/dp/B09KCCVL9V?tag=eloabder-20&linkCode=osi&th=1&psc=1">View Product</a></div><div class="product"><a href="https://www.amazon.com/dp/B002QO00YO?tag=eloabder-20&linkCode=osi&th=1&psc=1"><img src="https://m.media-amazon.com/images/I/41SQ-7dbsHL._SL500_.jpg" alt="Product Image"></a><p>Nature Made Vitamin D3 2000 IU (50 mcg), Dietary Supplement for Bone, Teeth, Muscle and Immune Health Support, 90 Softgels, 90 Day Supply</p><p>$6.28 ($0.07 / Count)</p><a href="https://www.amazon.com/dp/B002QO00YO?tag=eloabder-20&linkCode=osi&th=1&psc=1">View Product</a></div><div class="product"><a href="https://www.amazon.com/dp/B0000DJASY?tag=eloabder-20&linkCode=osi&th=1&psc=1"><img src="https://m.media-amazon.com/images/I/41PwuIsYASL._SL500_.jpg" alt="Product Image"></a><p>Nature Made Extra Strength Vitamin C 1000 mg, Dietary Supplement for Immune Support, 100 Tablets, 100 Day Supply</p><p>$9.50 ($0.10 / Count)</p><a href="https://www.amazon.com/dp/B0000DJASY?tag=eloabder-20&linkCode=osi&th=1&psc=1">View Product</a></div><div class="product"><a href="https://www.amazon.com/dp/B00YMSLT88?tag=eloabder-20&linkCode=osi&th=1&psc=1"><img src="https://m.media-amazon.com/images/I/41S95x-3xaL._SL500_.jpg" alt="Product Image"></a><p>Nature Made Multivitamin Tablets with Iron, Multivitamin for Women and Men for Daily Nutritional Support, 130 Tablets, 130 Day Supply</p><p>$11.99 ($0.09 / Count)</p><a href="https://www.amazon.com/dp/B00YMSLT88?tag=eloabder-20&linkCode=osi&th=1&psc=1">View Product</a></div><div class="product"><a href="https://www.amazon.com/dp/B0072F8D7S?tag=eloabder-20&linkCode=osi&th=1&psc=1"><img src="https://m.media-amazon.com/images/I/41j4CBYG0SL._SL500_.jpg" alt="Product Image"></a><p>Nature's Bounty Advanced Hair, Skin & Nails, Argan-Infused Vitamin Supplement with Biotin and Hyaluronic Acid, 150 Rapid Release Softgels</p><p>$10.99 ($0.07 / Count)</p><a href="https://www.amazon.com/dp/B0072F8D7S?tag=eloabder-20&linkCode=osi&th=1&psc=1">View Product</a></div><div class="product"><a href="https://www.amazon.com/dp/B07H8LBDTG?tag=eloabder-20&linkCode=osi&th=1&psc=1"><img src="https://m.media-amazon.com/images/I/41oIEGJy42L._SL500_.jpg" alt="Product Image"></a><p>OLLY Women's Multivitamin Gummy, Vitamins A, D, C, E, Biotin, Folic Acid, Adult Chewable Vitamin, Berry Flavor, 65 Day Supply - 130 Count (Packaging May Vary)</p><p>$16.98 ($0.13 / Count)</p><a href="https://www.amazon.com/dp/B07H8LBDTG?tag=eloabder-20&linkCode=osi&th=1&psc=1">View Product</a></div><div class="product"><a href="https://www.amazon.com/dp/B0014D2GEK?tag=eloabder-20&linkCode=osi&th=1&psc=1"><img src="https://m.media-amazon.com/images/I/41Al6x+mTKL._SL500_.jpg" alt="Product Image"></a><p>Nature's Bounty Super B Complex with Vitamin C & Folic Acid, Immune & Energy Support, 150 tablets</p><p>$12.73 ($0.08 / Count)</p><a href="https://www.amazon.com/dp/B0014D2GEK?tag=eloabder-20&linkCode=osi&th=1&psc=1">View Product</a></div>
<div class="product"><a href="https://www.amazon.com/dp/B0BG94RWYN?tag=eloabder-20&linkCode=osi&th=1&psc=1"><img src="https://m.media-amazon.com/images/I/41k1yrK-eGL._SL500_.jpg" alt="Product Image"></a><p>Sea Moss 3000mg Black Seed Oil 2000mg Ashwagandha 1000mg Turmeric 1000mg Bladderwrack 1000mg Burdock 1000mg & Vitamin C & D3 with Elderberry Manuka Dandelion Yellow Dock Iodine Chlorophyll ACV</p><p>$23.96 ($0.40 / Count)</p><a href="https://www.amazon.com/dp/B0BG94RWYN?tag=eloabder-20&linkCode=osi&th=1&psc=1">View Product</a></div><div class="product"><a href="https://www.amazon.com/dp/B01DBTFO98?tag=eloabder-20&linkCode=osi&th=1&psc=1"><img src="https://m.media-amazon.com/images/I/51Evo4SKmEL._SL500_.jpg" alt="Product Image"></a><p>Turmeric Curcumin with Black Pepper Extract 1500mg - High Absorption Ultra Potent Turmeric Supplement with 95% Curcuminoids and BioPerine - Non GMO Turmeric Capsules for Joint Support - 90 Capsules</p><p>$18.79 ($0.21 / Count)</p><a href="https://www.amazon.com/dp/B01DBTFO98?tag=eloabder-20&linkCode=osi&th=1&psc=1">View Product</a></div><div class="product"><a href="https://www.amazon.com/dp/B0BG6TGKZS?tag=eloabder-20&linkCode=osi&th=1&psc=1"><img src="https://m.media-amazon.com/images/I/41aCogcx9OL._SL500_.jpg" alt="Product Image"></a><p>Clean Nutraceuticals Lions Mane 3000mg 20in1 Mushroom Supplement with Turkey Tail 2000mg Reishi 1000mg Cordyceps Chaga 1000mg Maitake Meshima Poria Cocos Shiitake Oyster Porcini Enoki 60 Count</p><p>$29.95 ($0.50 / Count)</p><a href="https://www.amazon.com/dp/B0BG6TGKZS?tag=eloabder-20&linkCode=osi&th=1&psc=1">View Product</a></div><div class="product"><a href="https://www.amazon.com/dp/B0CV9JW4DS?tag=eloabder-20&linkCode=osi&th=1&psc=1"><img src="https://m.media-amazon.com/images/I/51L8z3xzNsL._SL500_.jpg" alt="Product Image"></a><p>Zoyava Dynamic Vitality Bundle, Sea Moss and Shilajit Bundle, Sea Moss 7000mg, Black Seed Oil 4000mg, Ashwagandha 2000mg, Ginger & Shilajit 9000mg, Rhodiola Rosea 1000mg, Panax Ginseng (60 Count)</p><p>$25.99 ($0.43 / Count)</p><a href="https://www.amazon.com/dp/B0CV9JW4DS?tag=eloabder-20&linkCode=osi&th=1&psc=1">View Product</a></div><div class="product"><a href="https://www.amazon.com/dp/B00H5PJ0HW?tag=eloabder-20&linkCode=osi&th=1&psc=1"><img src="https://m.media-amazon.com/images/I/414mKN9ZjbL._SL500_.jpg" alt="Product Image"></a><p>Nature's Bounty Magnesium, Bone and Muscle Health, Whole Body Support, Tablets, 500 Mg, 200 Ct</p><p>$11.28 ($0.06 / Count)</p><a href="https://www.amazon.com/dp/B00H5PJ0HW?tag=eloabder-20&linkCode=osi&th=1&psc=1">View Product</a></div><div class="product"><a href="https://www.amazon.com/dp/B08YLTCDTN?tag=eloabder-20&linkCode=osi&th=1&psc=1"><img src="https://m.media-amazon.com/images/I/41aybXdjmLL._SL500_.jpg" alt="Product Image"></a><p>Nature's Bounty Zinc 50mg, Immune Support & Antioxidant Supplement, Promotes Skin Health 250 Caplets</p><p>$9.48 ($0.04 / Count)</p><a href="https://www.amazon.com/dp/B08YLTCDTN?tag=eloabder-20&linkCode=osi&th=1&psc=1">View Product</a></div><div class="product"><a href="https://www.amazon.com/dp/B0000DJAQU?tag=eloabder-20&linkCode=osi&th=1&psc=1"><img src="https://m.media-amazon.com/images/I/41c7alI7ydL._SL500_.jpg" alt="Product Image"></a><p>Nature Made Fish Oil 1200 mg Softgels, Fish Oil Supplements, Omega 3 Fish Oil for Healthy Heart Support, Omega 3 Supplement with 100 Softgels, 50 Day Supply</p><p>$12.59 ($0.13 / Count)</p><a href="https://www.amazon.com/dp/B0000DJAQU?tag=eloabder-20&linkCode=osi&th=1&psc=1">View Product</a></div><div class="product"><a href="https://www.amazon.com/dp/B07XFGCP21?tag=eloabder-20&linkCode=osi&th=1&psc=1"><img src="https://m.media-amazon.com/images/I/518FQmoWjFL._SL500_.jpg" alt="Product Image"></a><p>Turmeric Curcumin with BioPerine & Ginger 95% Curcuminoids 1950mg - Black Pepper Extract for Max Absorption, Nature's Joint Support Supplement, Herbal Turmeric Pills, Vegan Non-GMO - 240 Capsules</p><p>$26.02 ($0.11 / Count)</p><a href="https://www.amazon.com/dp/B07XFGCP21?tag=eloabder-20&linkCode=osi&th=1&psc=1">View Product</a></div><div class="product"><a href="https://www.amazon.com/dp/B00DS5BGDY?tag=eloabder-20&linkCode=osi&th=1&psc=1"><img src="https://m.media-amazon.com/images/I/41zXI0XuNYL._SL500_.jpg" alt="Product Image"></a><p>Nature Made Vitamin B12 1000 mcg, Dietary Supplement for Energy Metabolism Support, 150 Softgels, 150 Day Supply</p><p>$9.98 ($0.07 / Count)</p><a href="https://www.amazon.com/dp/B00DS5BGDY?tag=eloabder-20&linkCode=osi&th=1&psc=1">View Product</a></div><div class="product"><a href="https://www.amazon.com/dp/B0055OUOQQ?tag=eloabder-20&linkCode=osi&th=1&psc=1"><img src="https://m.media-amazon.com/images/I/41S1bhYiFiL._SL500_.jpg" alt="Product Image"></a><p>Qunol CoQ10 100mg Softgels, Ultra CoQ10 100mg, 3x Better Absorption, Antioxidant for Heart Health & Energy Production, Coenzyme Q10 Vitamins and Supplements, 4 Month Supply, 120 Count</p><p>$29.97 ($0.25 / Count)</p><a href="https://www.amazon.com/dp/B0055OUOQQ?tag=eloabder-20&linkCode=osi&th=1&psc=1">View Product</a></div>
<div class="product"><a href="https://www.amazon.com/dp/B000GISTZ4?tag=eloabder-20&linkCode=osi&th=1&psc=1"><img src="https://m.media-amazon.com/images/I/41oF8bNCKHL._SL500_.jpg" alt="Product Image"></a><p>Optimum Nutrition Gold Standard 100% Whey Protein Powder, Vanilla Ice Cream, 2 Pound (Pack of 1) (Packaging May Vary)</p><p>$39.99 ($1.25 / Ounce)</p><a href="https://www.amazon.com/dp/B000GISTZ4?tag=eloabder-20&linkCode=osi&th=1&psc=1">View Product</a></div><div class="product"><a href="https://www.amazon.com/dp/B06Y5ZG66K?tag=eloabder-20&linkCode=osi&th=1&psc=1"><img src="https://m.media-amazon.com/images/I/51Lyzdfa4oL._SL500_.jpg" alt="Product Image"></a><p>Premier Protein Powder, Chocolate Milkshake, 30g Protein, 1g Sugar, 100% Whey Protein, Keto Friendly, No Soy Ingredients, Gluten Free, 17 Servings, 23.9 Ounce (Pack of 1)</p><p>$25.18 ($1.03 / Ounce)</p><a href="https://www.amazon.com/dp/B06Y5ZG66K?tag=eloabder-20&linkCode=osi&th=1&psc=1">View Product</a></div><div class="product"><a href="https://www.amazon.com/dp/B099J2SWXV?tag=eloabder-20&linkCode=osi&th=1&psc=1"><img src="https://m.media-amazon.com/images/I/51XFs0dRjpL._SL500_.jpg" alt="Product Image"></a><p>Dymatize ISO100 Hydrolyzed Protein Powder, 100% Whey Isolate, 25g of Protein, 5.5g BCAAs, Gluten Free, Fast Absorbing, Easy Digesting, Gourmet Vanilla, 20 Servings</p><p>$27.96 ($1.30 / Ounce)</p><a href="https://www.amazon.com/dp/B099J2SWXV?tag=eloabder-20&linkCode=osi&th=1&psc=1">View Product</a></div><div class="product"><a href="https://www.amazon.com/dp/B0BJLBLQG8?tag=eloabder-20&linkCode=osi&th=1&psc=1"><img src="https://m.media-amazon.com/images/I/516lsWKcp6L._SL500_.jpg" alt="Product Image"></a><p>Body Fortress Super Advanced Whey Protein Powder, Vanilla, 60g Protein & 12g BCAAs Per 2 Scoops, Muscle Gain & Recovery, Immune Support with Vitamins C & D, 1.74lbs (Packaging May Vary)</p><p>$22.98 ($0.83 / Ounce)</p><a href="https://www.amazon.com/dp/B0BJLBLQG8?tag=eloabder-20&linkCode=osi&th=1&psc=1">View Product</a></div><div class="product"><a href="https://www.amazon.com/dp/B00EACSHF4?tag=eloabder-20&linkCode=osi&th=1&psc=1"><img src="https://m.media-amazon.com/images/I/41D4SI8q0mL._SL500_.jpg" alt="Product Image"></a><p>Dymatize Elite 100% Whey Protein Powder, 25g Protein, 5.5g BCAAs & 2.7g L-Leucine, Quick Absorbing & Fast Digesting for Optimal Muscle Recovery, Gourmet Vanilla, 5 Pound, 67 Servings</p><p>$69.97 ($0.87 / Ounce)</p><a href="https://www.amazon.com/dp/B00EACSHF4?tag=eloabder-20&linkCode=osi&th=1&psc=1">View Product</a></div><div class="product"><a href="https://www.amazon.com/dp/B002DYIZHG?tag=eloabder-20&linkCode=osi&th=1&psc=1"><img src="https://m.media-amazon.com/images/I/41JLcuooSqL._SL500_.jpg" alt="Product Image"></a><p>Optimum Nutrition Gold Standard 100% Whey Protein Powder, Extreme Milk Chocolate, 2 Pound (Pack of 1) (Packaging May Vary)</p><p>$35.47 ($1.11 / Ounce)</p><a href="https://www.amazon.com/dp/B002DYIZHG?tag=eloabder-20&linkCode=osi&th=1&psc=1">View Product</a></div><div class="product"><a href="https://www.amazon.com/dp/B099QT2Y84?tag=eloabder-20&linkCode=osi&th=1&psc=1"><img src="https://m.media-amazon.com/images/I/41S+F9UuecL._SL500_.jpg" alt="Product Image"></a><p>GHOST Whey Protein Powder, Oreo - 2LB Tub, 25G of Protein - Cookies & Cream Flavored Isolate, Concentrate & Hydrolyzed Whey Protein Blend - Post Workout Shakes</p><p>$44.99 ($1.28 / Ounce)</p><a href="https://www.amazon.com/dp/B099QT2Y84?tag=eloabder-20&linkCode=osi&th=1&psc=1">View Product</a></div><div class="product"><a href="https://www.amazon.com/dp/B09SVLL2XL?tag=eloabder-20&linkCode=osi&th=1&psc=1"><img src="https://m.media-amazon.com/images/I/51rROmrCNRL._SL500_.jpg" alt="Product Image"></a><p>Six Star Elite Series 100% Whey Protein Plus Vanilla Cream 1.8lbs US</p><p>$19.76 ($0.68 / Ounce)</p><a href="https://www.amazon.com/dp/B09SVLL2XL?tag=eloabder-20&linkCode=osi&th=1&psc=1">View Product</a></div><div class="product"><a href="https://www.amazon.com/dp/B01FNVHGHK?tag=eloabder-20&linkCode=osi&th=1&psc=1"><img src="https://m.media-amazon.com/images/I/41DUlCb6+HL._SL500_.jpg" alt="Product Image"></a><p>Orgain Organic Vegan Protein Powder, Natural Unsweetened - 21g of Plant Protein, 4g Prebiotic Fiber, Low Net Carbs, No Lactose Ingredients, No Added Sugar, Non-GMO, For Shakes & Smoothies, 1.59 lb</p><p>$31.52 ($1.24 / Ounce)</p><a href="https://www.amazon.com/dp/B01FNVHGHK?tag=eloabder-20&linkCode=osi&th=1&psc=1">View Product</a></div><div class="product"><a href="https://www.amazon.com/dp/B00K0FTJ1Q?tag=eloabder-20&linkCode=osi&th=1&psc=1"><img src="https://m.media-amazon.com/images/I/41lj-2jQP7L._SL500_.jpg" alt="Product Image"></a><p>Purely Inspired Plant-Based Protein Powder for Men & Women, Creamy French Vanilla (16 Servings) - Vegan & Organic - 20g of Pea Protein Powder for Smoothies & Shakes - Dairy-Free, & Gluten-Free</p><p>$17.97 ($0.90 / Ounce)</p><a href="https://www.amazon.com/dp/B00K0FTJ1Q?tag=eloabder-20&linkCode=osi&th=1&psc=1">View Product</a></div>
<div class="product"><a href="https://www.amazon.com/dp/B000GISTZ4?tag=eloabder-20&linkCode=osi&th=1&psc=1"><img src="https://m.media-amazon.com/images/I/41oF8bNCKHL._SL500_.jpg" alt="Product Image"></a><p>Optimum Nutrition Gold Standard 100% Whey Protein Powder, Vanilla Ice Cream, 2 Pound (Pack of 1) (Packaging May Vary)</p><p>$39.99 ($1.25 / Ounce)</p><a href="https://www.amazon.com/dp/B000GISTZ4?tag=eloabder-20&linkCode=osi&th=1&psc=1">View Product</a></div><div class="product"><a href="https://www.amazon.com/dp/B07DX89ZHN?tag=eloabder-20&linkCode=osi&th=1&psc=1"><img src="https://m.media-amazon.com/images/I/41INqodQzYL._SL500_.jpg" alt="Product Image"></a><p>Sports Research Triple Strength Omega 3 Fish Oil - Burpless Fish Oil Supplement w/EPA & DHA Fatty Acids from Single-Source Wild Alaska Pollock - 1250 mg, 90 ct</p><p>$26.95 ($0.30 / Count)</p><a href="https://www.amazon.com/dp/B07DX89ZHN?tag=eloabder-20&linkCode=osi&th=1&psc=1">View Product</a></div><div class="product"><a href="https://www.amazon.com/dp/B09Q9WCDY7?tag=eloabder-20&linkCode=osi&th=1&psc=1"><img src="https://m.media-amazon.com/images/I/51jC1zU+TFL._SL500_.jpg" alt="Product Image"></a><p>LMNT Zero Sugar Electrolytes - Sample Pack | Drink Mix | 8 Sticks</p><p>$14.99 ($1.87 / Count)</p><a href="https://www.amazon.com/dp/B09Q9WCDY7?tag=eloabder-20&linkCode=osi&th=1&psc=1">View Product</a></div><div class="product"><a href="https://www.amazon.com/dp/B08Y73HJF4?tag=eloabder-20&linkCode=osi&th=1&psc=1"><img src="https://m.media-amazon.com/images/I/51OTbGJtumL._SL500_.jpg" alt="Product Image"></a><p>Premier Protein, Protein Shake, 8 Flavor Variety Pack, 30g Protein, 1g Sugar, 24 Vitamins & Minerals, Nutrients to Support Immune Health 11.5 Fl Oz (8 Pack)</p><p>$27.98 ($3.50 / Fl Oz)</p><a href="https://www.amazon.com/dp/B08Y73HJF4?tag=eloabder-20&linkCode=osi&th=1&psc=1">View Product</a></div><div class="product"><a href="https://www.amazon.com/dp/B019TUCOF0?tag=eloabder-20&linkCode=osi&th=1&psc=1"><img src="https://m.media-amazon.com/images/I/51Rg20S-WxL._SL500_.jpg" alt="Product Image"></a><p>Orgain Organic Greens Powder + 50 Superfoods, Original - 1 Billion Probiotics for Digestive Health, Antioxidants, Vegan, Plant-Based, Gluten-Free, Non-GMO, Green Juice & Smoothie Drink Mix - 0.62lb</p><p>$15.50 ($1.57 / Ounce)</p><a href="https://www.amazon.com/dp/B019TUCOF0?tag=eloabder-20&linkCode=osi&th=1&psc=1">View Product</a></div><div class="product"><a href="https://www.amazon.com/dp/B002DYIZEE?tag=eloabder-20&linkCode=osi&th=1&psc=1"><img src="https://m.media-amazon.com/images/I/41KL1V59+6L._SL500_.jpg" alt="Product Image"></a><p>Optimum Nutrition Micronized Creatine Monohydrate Powder, Unflavored, Keto Friendly, 60 Servings (Packaging May Vary)</p><p>$17.00 ($1.60 / Ounce)</p><a href="https://www.amazon.com/dp/B002DYIZEE?tag=eloabder-20&linkCode=osi&th=1&psc=1">View Product</a></div><div class="product"><a href="https://www.amazon.com/dp/B019GU4ILQ?tag=eloabder-20&linkCode=osi&th=1&psc=1"><img src="https://m.media-amazon.com/images/I/51QLnQIgtZL._SL500_.jpg" alt="Product Image"></a><p>Nuun Sport: Electrolyte-Rich Sports Drink Tablets, Citrus Berry Mixed Flavor Pack, Box of 4 Count (40 servings), Sports Drink for Replenishment of Essential Electrolytes Lost Through Sweat</p><p>$21.20 ($0.53 / Count)</p><a href="https://www.amazon.com/dp/B019GU4ILQ?tag=eloabder-20&linkCode=osi&th=1&psc=1">View Product</a></div><div class="product"><a href="https://www.amazon.com/dp/B099HZG89P?tag=eloabder-20&linkCode=osi&th=1&psc=1"><img src="https://m.media-amazon.com/images/I/41KY2uQmtnL._SL500_.jpg" alt="Product Image"></a><p>Dymatize ISO100 Hydrolyzed Protein Powder, 100% Whey Isolate, 25g of Protein, 5.5g BCAAs, Gluten Free, Fast Absorbing, Easy Digesting, Fruity Pebbles, 20 Servings</p><p>$33.43 ($1.55 / Ounce)</p><a href="https://www.amazon.com/dp/B099HZG89P?tag=eloabder-20&linkCode=osi&th=1&psc=1">View Product</a></div><div class="product"><a href="https://www.amazon.com/dp/B0C351C9R4?tag=eloabder-20&linkCode=osi&th=1&psc=1"><img src="https://m.media-amazon.com/images/I/41LRAsJYQrL._SL500_.jpg" alt="Product Image"></a><p>Night Time Fat Burner Gummies with Zero Sugar for Sleep & Weight Loss Support | Hunger Suppressant & Metabolism Booster, Shred Belly Fat While You Sleep | Diet Supplement for Women & Men | 60 Ct.</p><p>$19.95 ($0.33 / Count)</p><a href="https://www.amazon.com/dp/B0C351C9R4?tag=eloabder-20&linkCode=osi&th=1&psc=1">View Product</a></div><div class="product"><a href="https://www.amazon.com/dp/B09B4DWNYQ?tag=eloabder-20&linkCode=osi&th=1&psc=1"><img src="https://m.media-amazon.com/images/I/41G2blG7rCL._SL500_.jpg" alt="Product Image"></a><p>Nutricost Nitric Oxide Booster 2250mg, 180 Capsules - 750mg Per Casule, 60 Servings - Gluten Free and Non-GMO</p><p>$14.88 ($0.08 / Count)</p><a href="https://www.amazon.com/dp/B09B4DWNYQ?tag=eloabder-20&linkCode=osi&th=1&psc=1">View Product</a></div>
<div class="product"><a href="https://www.amazon.com/dp/B07XFGCP21?tag=eloabder-20&linkCode=osi&th=1&psc=1"><img src="https://m.media-amazon.com/images/I/518FQmoWjFL._SL500_.jpg" alt="Product Image"></a><p>Turmeric Curcumin with BioPerine & Ginger 95% Curcuminoids 1950mg - Black Pepper Extract for Max Absorption, Nature's Joint Support Supplement, Herbal Turmeric Pills, Vegan Non-GMO - 240 Capsules</p><p>$26.02 ($0.11 / Count)</p><a href="https://www.amazon.com/dp/B07XFGCP21?tag=eloabder-20&linkCode=osi&th=1&psc=1">View Product</a></div><div class="product"><a href="https://www.amazon.com/dp/B0BG94RWYN?tag=eloabder-20&linkCode=osi&th=1&psc=1"><img src="https://m.media-amazon.com/images/I/41k1yrK-eGL._SL500_.jpg" alt="Product Image"></a><p>Sea Moss 3000mg Black Seed Oil 2000mg Ashwagandha 1000mg Turmeric 1000mg Bladderwrack 1000mg Burdock 1000mg & Vitamin C & D3 with Elderberry Manuka Dandelion Yellow Dock Iodine Chlorophyll ACV</p><p>$23.96 ($0.40 / Count)</p><a href="https://www.amazon.com/dp/B0BG94RWYN?tag=eloabder-20&linkCode=osi&th=1&psc=1">View Product</a></div><div class="product"><a href="https://www.amazon.com/dp/B0CV9JW4DS?tag=eloabder-20&linkCode=osi&th=1&psc=1"><img src="https://m.media-amazon.com/images/I/51L8z3xzNsL._SL500_.jpg" alt="Product Image"></a><p>Zoyava Dynamic Vitality Bundle, Sea Moss and Shilajit Bundle, Sea Moss 7000mg, Black Seed Oil 4000mg, Ashwagandha 2000mg, Ginger & Shilajit 9000mg, Rhodiola Rosea 1000mg, Panax Ginseng (60 Count)</p><p>$25.99 ($0.43 / Count)</p><a href="https://www.amazon.com/dp/B0CV9JW4DS?tag=eloabder-20&linkCode=osi&th=1&psc=1">View Product</a></div><div class="product"><a href="https://www.amazon.com/dp/B0BHFCW4C5?tag=eloabder-20&linkCode=osi&th=1&psc=1"><img src="https://m.media-amazon.com/images/I/41fohn0IzqL._SL500_.jpg" alt="Product Image"></a><p>Clean Nutraceuticals Ceylon Cinnamon 3000mg Turmeric 3000mg Apple Cider Vinegar 3000mg Ginseng 2000mg Berberine 1200mg Plus Bitter Melon Gymnema Milk Thistle Fenugreek</p><p>$24.25 ($0.40 / Count)</p><a href="https://www.amazon.com/dp/B0BHFCW4C5?tag=eloabder-20&linkCode=osi&th=1&psc=1">View Product</a></div><div class="product"><a href="https://www.amazon.com/dp/B01NCUJPBF?tag=eloabder-20&linkCode=osi&th=1&psc=1"><img src="https://m.media-amazon.com/images/I/418t59tc2oL._SL500_.jpg" alt="Product Image"></a><p>Liver Cleanse Detox & Repair Formula - Herbal Liver Support Supplement with Milk Thistle Turmeric Dandelion Root & Artichoke Extract for Liver Health - Silymarin Milk Thistle Liver Detox Capsules</p><p>$22.77 ($0.33 / Count)</p><a href="https://www.amazon.com/dp/B01NCUJPBF?tag=eloabder-20&linkCode=osi&th=1&psc=1">View Product</a></div><div class="product"><a href="https://www.amazon.com/dp/B0B3D6TMKS?tag=eloabder-20&linkCode=osi&th=1&psc=1"><img src="https://m.media-amazon.com/images/I/41m2gNyEYkL._SL500_.jpg" alt="Product Image"></a><p>Bloom Nutrition Superfood Greens Powder, Digestive Enzymes with Probiotics and Prebiotics, Gut Health, Bloating Relief for Women, Chlorella, Green Juice Mix with Beet Root Powder, 30 SVG, Mango</p><p>$34.99 ($5.86 / Ounce)</p><a href="https://www.amazon.com/dp/B0B3D6TMKS?tag=eloabder-20&linkCode=osi&th=1&psc=1">View Product</a></div><div class="product"><a href="https://www.amazon.com/dp/B0CQMHSPDV?tag=eloabder-20&linkCode=osi&th=1&psc=1"><img src="https://m.media-amazon.com/images/I/41Bj7Di12VL._SL500_.jpg" alt="Product Image"></a><p>Futurebiotics Ashwagandha Extra Strength Stress & Mood Support with BioPerine - Non GMO Formula, 100 Vegetarian Capsules</p><p>$9.97 ($0.10 / Count)</p><a href="https://www.amazon.com/dp/B0CQMHSPDV?tag=eloabder-20&linkCode=osi&th=1&psc=1">View Product</a></div><div class="product"><a href="https://www.amazon.com/dp/B01DBTFO98?tag=eloabder-20&linkCode=osi&th=1&psc=1"><img src="https://m.media-amazon.com/images/I/51Evo4SKmEL._SL500_.jpg" alt="Product Image"></a><p>Turmeric Curcumin with Black Pepper Extract 1500mg - High Absorption Ultra Potent Turmeric Supplement with 95% Curcuminoids and BioPerine - Non GMO Turmeric Capsules for Joint Support - 90 Capsules</p><p>$18.79 ($0.21 / Count)</p><a href="https://www.amazon.com/dp/B01DBTFO98?tag=eloabder-20&linkCode=osi&th=1&psc=1">View Product</a></div><div class="product"><a href="https://www.amazon.com/dp/B07XZKKDJ8?tag=eloabder-20&linkCode=osi&th=1&psc=1"><img src="https://m.media-amazon.com/images/I/41sKdh7i64L._SL500_.jpg" alt="Product Image"></a><p>Green Tea Weight Loss Pills with Green Coffee Bean Extract | 45% EGCG | Belly Fat Burner, Metabolism Booster, & Appetite Suppressant for Women & Men | Vegan, Gluten-Free Supplement | 60 Capsules</p><p>$19.95</p><a href="https://www.amazon.com/dp/B07XZKKDJ8?tag=eloabder-20&linkCode=osi&th=1&psc=1">View Product</a></div><div class="product"><a href="https://www.amazon.com/dp/B079JX3FMC?tag=eloabder-20&linkCode=osi&th=1&psc=1"><img src="https://m.media-amazon.com/images/I/41a2YMmAOdL._SL500_.jpg" alt="Product Image"></a><p>Bronson Milk Thistle Silymarin Marianum & Dandelion Root Liver Health Support, Antioxidant Support, Detox, 120 Capsules</p><p>$9.99 ($0.08 / Count)</p><a href="https://www.amazon.com/dp/B079JX3FMC?tag=eloabder-20&linkCode=osi&th=1&psc=1">View Product</a></div>
<div class="product"><a href="https://www.amazon.com/dp/B00YMSLT88?tag=eloabder-20&linkCode=osi&th=1&psc=1"><img src="https://m.media-amazon.com/images/I/41S95x-3xaL._SL500_.jpg" alt="Product Image"></a><p>Nature Made Multivitamin Tablets with Iron, Multivitamin for Women and Men for Daily Nutritional Support, 130 Tablets, 130 Day Supply</p><p>$11.99 ($0.09 / Count)</p><a href="https://www.amazon.com/dp/B00YMSLT88?tag=eloabder-20&linkCode=osi&th=1&psc=1">View Product</a></div><div class="product"><a href="https://www.amazon.com/dp/B07JGBW826?tag=eloabder-20&linkCode=osi&th=1&psc=1"><img src="https://m.media-amazon.com/images/I/41nq5khANlL._SL500_.jpg" alt="Product Image"></a><p>Amazon Basics Adult Multivitamin for Men & Women, 300 Gummies with Vitamins A, C, D, E, B-6 and B-12, 150 Count (Pack of 2) (150 Day Supply) (Previously Solimo)</p><p>$14.30 ($0.05 / Count)</p><a href="https://www.amazon.com/dp/B07JGBW826?tag=eloabder-20&linkCode=osi&th=1&psc=1">View Product</a></div><div class="product"><a href="https://www.amazon.com/dp/B09QBKGDLS?tag=eloabder-20&linkCode=osi&th=1&psc=1"><img src="https://m.media-amazon.com/images/I/41Xr3sSp+8L._SL500_.jpg" alt="Product Image"></a><p>ONE A DAY Womens Complete Daily Multivitamin with Vitamin A, B , C, D, and E, Calcium and Magnesium, Immune Health Support, 200 Count</p><p>$17.48 ($0.09 / Count)</p><a href="https://www.amazon.com/dp/B09QBKGDLS?tag=eloabder-20&linkCode=osi&th=1&psc=1">View Product</a></div><div class="product"><a href="https://www.amazon.com/dp/B007L0DONW?tag=eloabder-20&linkCode=osi&th=1&psc=1"><img src="https://m.media-amazon.com/images/I/41vIgYSAtXL._SL500_.jpg" alt="Product Image"></a><p>vitafusion Adult Gummy Vitamins for Men, Berry Flavored Daily Multivitamins for Men With Vitamins A, C, D, E, B6 and B12, America’s Number 1 Gummy Vitamin Brand, 75 Day Supply, 150 Count</p><p>$10.98 ($0.07 / Count)</p><a href="https://www.amazon.com/dp/B007L0DONW?tag=eloabder-20&linkCode=osi&th=1&psc=1">View Product</a></div><div class="product"><a href="https://www.amazon.com/dp/B007L0DPE0?tag=eloabder-20&linkCode=osi&th=1&psc=1"><img src="https://m.media-amazon.com/images/I/41u67LVdJFL._SL500_.jpg" alt="Product Image"></a><p>Vitafusion Womens Multivitamin Gummies, Berry Flavored Daily Vitamins for Women With Vitamins A, C, D, E, B-6 and B-12, America’s Number 1 Gummy Vitamin Brand, 75 Days Supply, 150 Count</p><p>$10.98 ($0.07 / Count)</p><a href="https://www.amazon.com/dp/B007L0DPE0?tag=eloabder-20&linkCode=osi&th=1&psc=1">View Product</a></div><div class="product"><a href="https://www.amazon.com/dp/B00BIZSXMS?tag=eloabder-20&linkCode=osi&th=1&psc=1"><img src="https://m.media-amazon.com/images/I/31f8Dv7qQGL._SL500_.jpg" alt="Product Image"></a><p>GNC Mega Men Essentials One Daily Multivitamin | Supports Overall Health and Muscle Performance | 60 Count</p><p>$8.98 ($0.15 / Count)</p><a href="https://www.amazon.com/dp/B00BIZSXMS?tag=eloabder-20&linkCode=osi&th=1&psc=1">View Product</a></div><div class="product"><a href="https://www.amazon.com/dp/B08XNTBLY9?tag=eloabder-20&linkCode=osi&th=1&psc=1"><img src="https://m.media-amazon.com/images/I/41wugtpv6rL._SL500_.jpg" alt="Product Image"></a><p>Pure Encapsulations O.N.E. Multivitamin - Once Daily Multivitamin with Antioxidant Complex Metafolin, CoQ10, and Lutein to Support Vision, Cognitive Function, and Cellular Health* - 30 Capsules</p><p>$23.20 ($0.77 / Count)</p><a href="https://www.amazon.com/dp/B08XNTBLY9?tag=eloabder-20&linkCode=osi&th=1&psc=1">View Product</a></div><div class="product"><a href="https://www.amazon.com/dp/B005BD8A08?tag=eloabder-20&linkCode=osi&th=1&psc=1"><img src="https://m.media-amazon.com/images/I/41EbKCPo98L._SL500_.jpg" alt="Product Image"></a><p>Nature Made Multivitamin For Him with No Iron, Mens Multivitamins for Daily Nutritional Support, Multivitamin for Men, 90 Tablets, 90 Day Supply</p><p>$9.37 ($0.10 / Count)</p><a href="https://www.amazon.com/dp/B005BD8A08?tag=eloabder-20&linkCode=osi&th=1&psc=1">View Product</a></div><div class="product"><a href="https://www.amazon.com/dp/B09KCCVL9V?tag=eloabder-20&linkCode=osi&th=1&psc=1"><img src="https://m.media-amazon.com/images/I/419o0W0LJgL._SL500_.jpg" alt="Product Image"></a><p>Centrum Silver Women's Multivitamin for Women 50 Plus, Multivitamin/Multimineral Supplement with Vitamin D3, B Vitamins, Non-GMO Ingredients, Supports Memory and Cognition in Older Adults - 200 Ct</p><p>$15.99 ($0.08 / Count)</p><a href="https://www.amazon.com/dp/B09KCCVL9V?tag=eloabder-20&linkCode=osi&th=1&psc=1">View Product</a></div>
<div class="product"><a href="https://www.amazon.com/dp/B0000DJAQU?tag=eloabder-20&linkCode=osi&th=1&psc=1"><img src="https://m.media-amazon.com/images/I/41c7alI7ydL._SL500_.jpg" alt="Product Image"></a><p>Nature Made Fish Oil 1200 mg Softgels, Fish Oil Supplements, Omega 3 Fish Oil for Healthy Heart Support, Omega 3 Supplement with 100 Softgels, 50 Day Supply</p><p>$12.59 ($0.13 / Count)</p><a href="https://www.amazon.com/dp/B0000DJAQU?tag=eloabder-20&linkCode=osi&th=1&psc=1">View Product</a></div><div class="product"><a href="https://www.amazon.com/dp/B07DX89ZHN?tag=eloabder-20&linkCode=osi&th=1&psc=1"><img src="https://m.media-amazon.com/images/I/41INqodQzYL._SL500_.jpg" alt="Product Image"></a><p>Sports Research Triple Strength Omega 3 Fish Oil - Burpless Fish Oil Supplement w/EPA & DHA Fatty Acids from Single-Source Wild Alaska Pollock - 1250 mg, 90 ct</p><p>$26.95 ($0.30 / Count)</p><a href="https://www.amazon.com/dp/B07DX89ZHN?tag=eloabder-20&linkCode=osi&th=1&psc=1">View Product</a></div><div class="product"><a href="https://www.amazon.com/dp/B000NPYY04?tag=eloabder-20&linkCode=osi&th=1&psc=1"><img src="https://m.media-amazon.com/images/I/41AB0odrkeL._SL500_.jpg" alt="Product Image"></a><p>Nature's Bounty Fish Oil, Supports Heart Health, 1200 Mg, 360 Mg Omega-3, Rapid Release Softgels, 200 Ct</p><p>$13.32 ($0.07 / Count)</p><a href="https://www.amazon.com/dp/B000NPYY04?tag=eloabder-20&linkCode=osi&th=1&psc=1">View Product</a></div><div class="product"><a href="https://www.amazon.com/dp/B0046XC528?tag=eloabder-20&linkCode=osi&th=1&psc=1"><img src="https://m.media-amazon.com/images/I/41cdANHQ68L._SL500_.jpg" alt="Product Image"></a><p>Nature Made Fish Oil 1000 mg Softgels, Fish Oil Supplements, Omega 3 Fish Oil for Healthy Heart Support, Omega 3 Supplement with 250 Softgels, 125 Day Supply</p><p>$15.59 ($0.06 / Count)</p><a href="https://www.amazon.com/dp/B0046XC528?tag=eloabder-20&linkCode=osi&th=1&psc=1">View Product</a></div><div class="product"><a href="https://www.amazon.com/dp/B014LDT0ZM?tag=eloabder-20&linkCode=osi&th=1&psc=1"><img src="https://m.media-amazon.com/images/I/515A6lAukiL._SL500_.jpg" alt="Product Image"></a><p>Triple Strength Omega 3 Fish Oil Supplement - 2500 mg Fish Oil with Re-Esterified Omega 3 Fatty Acids Including EPA, DHA DPA - 180 Pescatarian-Friendly Softgels</p><p>$56.95 ($0.32 / Count)</p><a href="https://www.amazon.com/dp/B014LDT0ZM?tag=eloabder-20&linkCode=osi&th=1&psc=1">View Product</a></div><div class="product"><a href="https://www.amazon.com/dp/B000HDV7YS?tag=eloabder-20&linkCode=osi&th=1&psc=1"><img src="https://m.media-amazon.com/images/I/41d-hzNXpVL._SL500_.jpg" alt="Product Image"></a><p>Nordic Naturals Ultimate Omega, Lemon Flavor - 60 Soft Gels - 1280 mg Omega-3 - High-Potency Omega-3 Fish Oil Supplement with EPA & DHA - Promotes Brain & Heart Health - Non-GMO - 30 Servings</p><p>$25.46 ($0.42 / Count)</p><a href="https://www.amazon.com/dp/B000HDV7YS?tag=eloabder-20&linkCode=osi&th=1&psc=1">View Product</a></div><div class="product"><a href="https://www.amazon.com/dp/B01GV4O37E?tag=eloabder-20&linkCode=osi&th=1&psc=1"><img src="https://m.media-amazon.com/images/I/41JtERQfIWL._SL500_.jpg" alt="Product Image"></a><p>Arazo Nutrition Wild Caught Omega 3 Fish Oil – 120 Soft Gels – 4,080mg High EPA 1200mg DHA 900mg Lemon Flavor Burpless Softgels</p><p>$28.95 ($0.24 / Count)</p><a href="https://www.amazon.com/dp/B01GV4O37E?tag=eloabder-20&linkCode=osi&th=1&psc=1">View Product</a></div><div class="product"><a href="https://www.amazon.com/dp/B002QMB55Y?tag=eloabder-20&linkCode=osi&th=1&psc=1"><img src="https://m.media-amazon.com/images/I/41I4GSlk++S._SL500_.jpg" alt="Product Image"></a><p>Nature's Bounty Fish Oil, Supports Heart Health, 2400mg, Coated Softgels, 90 Ct.</p><p>$15.17 ($0.17 / Count)</p><a href="https://www.amazon.com/dp/B002QMB55Y?tag=eloabder-20&linkCode=osi&th=1&psc=1">View Product</a></div><div class="product"><a href="https://www.amazon.com/dp/B07L45XQBR?tag=eloabder-20&linkCode=osi&th=1&psc=1"><img src="https://m.media-amazon.com/images/I/41I80jDNmxL._SL500_.jpg" alt="Product Image"></a><p>Triple Strength Omega 3 Fish Oil Supplements 4200mg Per Serving, 240 Softgels – Lemon Flavored – Burpless | EPA 1200mg + DHA 900mg | Deep Sea Fish</p><p>$31.89 ($0.13 / Count)</p><a href="https://www.amazon.com/dp/B07L45XQBR?tag=eloabder-20&linkCode=osi&th=1&psc=1">View Product</a></div>
<div class="product"><a href="https://www.amazon.com/dp/B09GLGC9DG?tag=eloabder-20&linkCode=osi&th=1&psc=1"><img src="https://m.media-amazon.com/images/I/51OsLLY4B6L._SL500_.jpg" alt="Product Image"></a><p>Physician's CHOICE Probiotics 60 Billion CFU - 10 Strains + Organic Prebiotics - Immune, Digestive & Gut Health - Supports Occasional Constipation, Diarrhea, Gas & Bloating - for Women & Men - 60ct</p><p>$36.97 ($0.62 / Count)</p><a href="https://www.amazon.com/dp/B09GLGC9DG?tag=eloabder-20&linkCode=osi&th=1&psc=1">View Product</a></div><div class="product"><a href="https://www.amazon.com/dp/B071DZQLPQ?tag=eloabder-20&linkCode=osi&th=1&psc=1"><img src="https://m.media-amazon.com/images/I/51E-+x12x5L._SL500_.jpg" alt="Product Image"></a><p>NewRhythm Probiotics 50 Billion CFU 20 Strains, 60 Veggie Capsules, Targeted Release Technology, Stomach Acid Resistant, No Need for Refrigeration, Non-GMO, Gluten Free</p><p>$13.59 ($0.23 / Count)</p><a href="https://www.amazon.com/dp/B071DZQLPQ?tag=eloabder-20&linkCode=osi&th=1&psc=1">View Product</a></div><div class="product"><a href="https://www.amazon.com/dp/B00Y8MP4G6?tag=eloabder-20&linkCode=osi&th=1&psc=1"><img src="https://m.media-amazon.com/images/I/51IIJQSKA5L._SL500_.jpg" alt="Product Image"></a><p>Garden of Life Once Daily Dr. Formulated Probiotics for Women 50 Billion CFU 16 Probiotic Strains with Organic Prebiotics for Digestive, Vaginal & Immune Health, Dairy Free, Shelf Stable 30 Capsules</p><p>$32.19 ($1.07 / Count)</p><a href="https://www.amazon.com/dp/B00Y8MP4G6?tag=eloabder-20&linkCode=osi&th=1&psc=1">View Product</a></div><div class="product"><a href="https://www.amazon.com/dp/B00L1GHMN0?tag=eloabder-20&linkCode=osi&th=1&psc=1"><img src="https://m.media-amazon.com/images/I/41Msqs9cM9L._SL500_.jpg" alt="Product Image"></a><p>NOW Supplements, Probiotic-10™, 25 Billion, with 10 Probiotic Strains, Dairy, Soy and Gluten Free, Strain Verified, 100 Veg Capsules</p><p>$21.46 ($0.21 / Count)</p><a href="https://www.amazon.com/dp/B00L1GHMN0?tag=eloabder-20&linkCode=osi&th=1&psc=1">View Product</a></div><div class="product"><a href="https://www.amazon.com/dp/B08Y66H6B7?tag=eloabder-20&linkCode=osi&th=1&psc=1"><img src="https://m.media-amazon.com/images/I/51zpwlruLzL._SL500_.jpg" alt="Product Image"></a><p>Culturelle Pro Strength Daily Probiotics For Digestive Health (2 Month Supply) with Prebiotics for Women & Men, Supports Occasional Diarrhea, Gas & Bloating, Gluten & Soy Free, 60 Count</p><p>$30.99 ($0.52 / Count)</p><a href="https://www.amazon.com/dp/B08Y66H6B7?tag=eloabder-20&linkCode=osi&th=1&psc=1">View Product</a></div><div class="product"><a href="https://www.amazon.com/dp/B0811P73BT?tag=eloabder-20&linkCode=osi&th=1&psc=1"><img src="https://m.media-amazon.com/images/I/41bBVdIgYdS._SL500_.jpg" alt="Product Image"></a><p>Organic Probiotics 100 Billion CFU, Dr Formulated Probiotics for Women, Probiotics for Men and Adults, Complete Shelf Stable Probiotic Supplement with Prebiotics & Digestive Enzymes; 30 Capsules</p><p>$25.00 ($0.83 / Count)</p><a href="https://www.amazon.com/dp/B0811P73BT?tag=eloabder-20&linkCode=osi&th=1&psc=1">View Product</a></div><div class="product"><a href="https://www.amazon.com/dp/B08GR12D4T?tag=eloabder-20&linkCode=osi&th=1&psc=1"><img src="https://m.media-amazon.com/images/I/413uXWNsVzL._SL500_.jpg" alt="Product Image"></a><p>Nature’s Bounty Probiotic 10, Ultra Strength Daily Probiotic Supplement, Support for Digestive, Immune and Upper Respiratory Health, 1 Pack, 30 Capsules</p><p>$12.84 ($0.43 / Count)</p><a href="https://www.amazon.com/dp/B08GR12D4T?tag=eloabder-20&linkCode=osi&th=1&psc=1">View Product</a></div><div class="product"><a href="https://www.amazon.com/dp/B088LWDLMV?tag=eloabder-20&linkCode=osi&th=1&psc=1"><img src="https://m.media-amazon.com/images/I/41f-jaJZjRL._SL500_.jpg" alt="Product Image"></a><p>VITALITOWN Probiotics 120 Billion CFUs | 36 Strains, with Prebiotics & Digestive Enzymes for Men Women | Shelf Stable | Digestive Health & Immune Support | Vegan, Non-GMO | 30 Delayed Release Veg Caps</p><p>$18.99 ($0.63 / Count)</p><a href="https://www.amazon.com/dp/B088LWDLMV?tag=eloabder-20&linkCode=osi&th=1&psc=1">View Product</a></div><div class="product"><a href="https://www.amazon.com/dp/B07D123YBX?tag=eloabder-20&linkCode=osi&th=1&psc=1"><img src="https://m.media-amazon.com/images/I/310FFXxHX3L._SL500_.jpg" alt="Product Image"></a><p>Amazon Basics Probiotic 5 Billion CFU, 8 Probiotic strains with 60 mg Prebiotic Blend, 60 Count Vegetarian Capsules, 2 Month Supply, Supports Healthy Digestion (Previously Solimo)</p><p>$12.11 ($0.20 / Count)</p><a href="https://www.amazon.com/dp/B07D123YBX?tag=eloabder-20&linkCode=osi&th=1&psc=1">View Product</a></div>
<div class="product"><a href="https://www.amazon.com/dp/B07DX89ZHN?tag=eloabder-20&linkCode=osi&th=1&psc=1"><img src="https://m.media-amazon.com/images/I/41INqodQzYL._SL500_.jpg" alt="Product Image"></a><p>Sports Research Triple Strength Omega 3 Fish Oil - Burpless Fish Oil Supplement w/EPA & DHA Fatty Acids from Single-Source Wild Alaska Pollock - 1250 mg, 90 ct</p><p>$26.95 ($0.30 / Count)</p><a href="https://www.amazon.com/dp/B07DX89ZHN?tag=eloabder-20&linkCode=osi&th=1&psc=1">View Product</a></div><div class="product"><a href="https://www.amazon.com/dp/B0000DJAQU?tag=eloabder-20&linkCode=osi&th=1&psc=1"><img src="https://m.media-amazon.com/images/I/41c7alI7ydL._SL500_.jpg" alt="Product Image"></a><p>Nature Made Fish Oil 1200 mg Softgels, Fish Oil Supplements, Omega 3 Fish Oil for Healthy Heart Support, Omega 3 Supplement with 100 Softgels, 50 Day Supply</p><p>$12.59 ($0.13 / Count)</p><a href="https://www.amazon.com/dp/B0000DJAQU?tag=eloabder-20&linkCode=osi&th=1&psc=1">View Product</a></div><div class="product"><a href="https://www.amazon.com/dp/B001GCU6KA?tag=eloabder-20&linkCode=osi&th=1&psc=1"><img src="https://m.media-amazon.com/images/I/41GqjqtkrqL._SL500_.jpg" alt="Product Image"></a><p>NOW Supplements, Omega-3 180 EPA / 120 DHA, Molecularly Distilled, Cardiovascular Support*, 200 Softgels</p><p>$12.24 ($0.06 / Count)</p><a href="https://www.amazon.com/dp/B001GCU6KA?tag=eloabder-20&linkCode=osi&th=1&psc=1">View Product</a></div><div class="product"><a href="https://www.amazon.com/dp/B01NBTJFJB?tag=eloabder-20&linkCode=osi&th=1&psc=1"><img src="https://m.media-amazon.com/images/I/41gJBxUZtcL._SL500_.jpg" alt="Product Image"></a><p>Triple Strength Omega 3 Fish Oil | 3600 mg EPA & DHA | Over 2100mg of Omega 3 Fatty Acids | 1300mg EPA + 860mg DHA | Best Essential Fatty Acids | Premium Burpless Softgel Supplements (120 Ct)</p><p>$29.95 ($0.25 / Count)</p><a href="https://www.amazon.com/dp/B01NBTJFJB?tag=eloabder-20&linkCode=osi&th=1&psc=1">View Product</a></div><div class="product"><a href="https://www.amazon.com/dp/B002CQU564?tag=eloabder-20&linkCode=osi&th=1&psc=1"><img src="https://m.media-amazon.com/images/I/41K6hyWbwsL._SL500_.jpg" alt="Product Image"></a><p>Nordic Naturals Ultimate Omega, Lemon Flavor - 180 Soft Gels - 1280 mg Omega-3 - High-Potency Omega-3 Fish Oil with EPA & DHA - Promotes Brain & Heart Health - Non-GMO - 90 Servings</p><p>$53.99 ($0.30 / Count)</p><a href="https://www.amazon.com/dp/B002CQU564?tag=eloabder-20&linkCode=osi&th=1&psc=1">View Product</a></div><div class="product"><a href="https://www.amazon.com/dp/B000J18RSW?tag=eloabder-20&linkCode=osi&th=1&psc=1"><img src="https://m.media-amazon.com/images/I/41bBRe7FxlL._SL500_.jpg" alt="Product Image"></a><p>NOW Foods Omega-3-100 Softgels</p><p>$6.72 ($0.07 / Count)</p><a href="https://www.amazon.com/dp/B000J18RSW?tag=eloabder-20&linkCode=osi&th=1&psc=1">View Product</a></div><div class="product"><a href="https://www.amazon.com/dp/B014LDT0ZM?tag=eloabder-20&linkCode=osi&th=1&psc=1"><img src="https://m.media-amazon.com/images/I/515A6lAukiL._SL500_.jpg" alt="Product Image"></a><p>Triple Strength Omega 3 Fish Oil Supplement - 2500 mg Fish Oil with Re-Esterified Omega 3 Fatty Acids Including EPA, DHA DPA - 180 Pescatarian-Friendly Softgels</p><p>$56.95 ($0.32 / Count)</p><a href="https://www.amazon.com/dp/B014LDT0ZM?tag=eloabder-20&linkCode=osi&th=1&psc=1">View Product</a></div><div class="product"><a href="https://www.amazon.com/dp/B0C5F4PN8R?tag=eloabder-20&linkCode=osi&th=1&psc=1"><img src="https://m.media-amazon.com/images/I/31DpddHOGcL._SL500_.jpg" alt="Product Image"></a><p>NatureWise Extra-Strength Omega 3 Fish Oil Supplement - 1000mg per Serving - 600 EPA & 400 DHA and Vitamin E - Support for Heart & Brain Health - Lemon Flavor, Non-GMO - 180 Softgels[3-Month Supply]</p><p>$18.99 ($0.11 / Count)</p><a href="https://www.amazon.com/dp/B0C5F4PN8R?tag=eloabder-20&linkCode=osi&th=1&psc=1">View Product</a></div><div class="product"><a href="https://www.amazon.com/dp/B01GV4O37E?tag=eloabder-20&linkCode=osi&th=1&psc=1"><img src="https://m.media-amazon.com/images/I/41JtERQfIWL._SL500_.jpg" alt="Product Image"></a><p>Arazo Nutrition Wild Caught Omega 3 Fish Oil – 120 Soft Gels – 4,080mg High EPA 1200mg DHA 900mg Lemon Flavor Burpless Softgels</p><p>$28.95 ($0.24 / Count)</p><a href="https://www.amazon.com/dp/B01GV4O37E?tag=eloabder-20&linkCode=osi&th=1&psc=1">View Product</a></div><div class="product"><a href="https://www.amazon.com/dp/B000NPYY04?tag=eloabder-20&linkCode=osi&th=1&psc=1"><img src="https://m.media-amazon.com/images/I/41AB0odrkeL._SL500_.jpg" alt="Product Image"></a><p>Nature's Bounty Fish Oil, Supports Heart Health, 1200 Mg, 360 Mg Omega-3, Rapid Release Softgels, 200 Ct</p><p>$13.32 ($0.07 / Count)</p><a href="https://www.amazon.com/dp/B000NPYY04?tag=eloabder-20&linkCode=osi&th=1&psc=1">View Product</a></div>
<div class="product"><a href="https://www.amazon.com/dp/B09RQBHRCT?tag=eloabder-20&linkCode=osi&th=1&psc=1"><img src="https://m.media-amazon.com/images/I/41NS743i1FL._SL500_.jpg" alt="Product Image"></a><p>Vital Proteins Collagen Peptides Powder, Promotes Hair, Nail, Skin, Bone and Joint Health, Zero Sugar, Unflavored 9.33 OZ</p><p>$20.14 ($2.16 / Ounce)</p><a href="https://www.amazon.com/dp/B09RQBHRCT?tag=eloabder-20&linkCode=osi&th=1&psc=1">View Product</a></div><div class="product"><a href="https://www.amazon.com/dp/B00K6JUG4K?tag=eloabder-20&linkCode=osi&th=1&psc=1"><img src="https://m.media-amazon.com/images/I/41wLQfDnEKL._SL500_.jpg" alt="Product Image"></a><p>Vital Proteins Collagen Peptides Powder with Hyaluronic Acid and Vitamin C, Unflavored, 20 oz</p><p>$46.99 ($2.35 / Ounce)</p><a href="https://www.amazon.com/dp/B00K6JUG4K?tag=eloabder-20&linkCode=osi&th=1&psc=1">View Product</a></div><div class="product"><a href="https://www.amazon.com/dp/B00XQ2XGAA?tag=eloabder-20&linkCode=osi&th=1&psc=1"><img src="https://m.media-amazon.com/images/I/3176H8jDR9L._SL500_.jpg" alt="Product Image"></a><p>Sports Research Collagen Peptides for Women & Men - Hydrolyzed Type 1 & 3 Collagen Powder Protein Supplement for Healthy Skin, Nails, Bones & Joints - Easy Mixing Vital Nutrients & Proteins</p><p>$32.95 ($2.06 / Ounce)</p><a href="https://www.amazon.com/dp/B00XQ2XGAA?tag=eloabder-20&linkCode=osi&th=1&psc=1">View Product</a></div><div class="product"><a href="https://www.amazon.com/dp/B0BKK4X56L?tag=eloabder-20&linkCode=osi&th=1&psc=1"><img src="https://m.media-amazon.com/images/I/41mBslU0oLL._SL500_.jpg" alt="Product Image"></a><p>Multi Collagen Peptides Powder, 16 Oz - Hydrolyzed Protein Peptides | Type I,II,III,V,X with Hyaluronic Acid, Biotin & Vitamin C - Unflavored - Keto & Paleo Friendly, Ez Mix in Drinks</p><p>$34.95 ($2.18 / Ounce)</p><a href="https://www.amazon.com/dp/B0BKK4X56L?tag=eloabder-20&linkCode=osi&th=1&psc=1">View Product</a></div><div class="product"><a href="https://www.amazon.com/dp/B07BL69CD2?tag=eloabder-20&linkCode=osi&th=1&psc=1"><img src="https://m.media-amazon.com/images/I/41WxBUh+sqL._SL500_.jpg" alt="Product Image"></a><p>Orgain Hydrolyzed Collagen Peptides Powder For Women & Men, 20g Grass Fed Collagen, Unflavored - Hair, Skin, Nail, & Joint Support Supplement, Paleo & Keto, Non-GMO, Type I and III, 1lb</p><p>$24.36 ($1.52 / Ounce)</p><a href="https://www.amazon.com/dp/B07BL69CD2?tag=eloabder-20&linkCode=osi&th=1&psc=1">View Product</a></div><div class="product"><a href="https://www.amazon.com/dp/B006VAZYNG?tag=eloabder-20&linkCode=osi&th=1&psc=1"><img src="https://m.media-amazon.com/images/I/41Zc2u0aSPL._SL500_.jpg" alt="Product Image"></a><p>Youtheory Advanced Collagen - 6,000 mg Collagen - with Vitamin C - for Hair, Skin & Nails* - Collagen Supplements for Women and Men - 290 Tablets</p><p>$18.56 ($0.06 / Count)</p><a href="https://www.amazon.com/dp/B006VAZYNG?tag=eloabder-20&linkCode=osi&th=1&psc=1">View Product</a></div><div class="product"><a href="https://www.amazon.com/dp/B09DP6SVD1?tag=eloabder-20&linkCode=osi&th=1&psc=1"><img src="https://m.media-amazon.com/images/I/519H-zmBdBL._SL500_.jpg" alt="Product Image"></a><p>Vital Vitamins Collagen for Women & Men (2 Pack) - Type I, II, III, V, X Multi Collagen Pills - Grass Fed, Non-GMO - 300 Capsules</p><p>$40.95 ($0.14 / Count)</p><a href="https://www.amazon.com/dp/B09DP6SVD1?tag=eloabder-20&linkCode=osi&th=1&psc=1">View Product</a></div><div class="product"><a href="https://www.amazon.com/dp/B071S8D69C?tag=eloabder-20&linkCode=osi&th=1&psc=1"><img src="https://m.media-amazon.com/images/I/41E-Q4q+kWL._SL500_.jpg" alt="Product Image"></a><p>Anthony's Collagen Peptide Powder, 1 lb, Pure Hydrolyzed, Gluten Free, Keto and Paleo Friendly, Grass Fed, Unflavored, Non GMO</p><p>$22.99 ($1.44 / Ounce)</p><a href="https://www.amazon.com/dp/B071S8D69C?tag=eloabder-20&linkCode=osi&th=1&psc=1">View Product</a></div><div class="product"><a href="https://www.amazon.com/dp/B07K4SK9SY?tag=eloabder-20&linkCode=osi&th=1&psc=1"><img src="https://m.media-amazon.com/images/I/51t8W8AmaFL._SL500_.jpg" alt="Product Image"></a><p>Garden of Life Grass Fed Collagen Peptides Powder – Unflavored Collagen Powder for Women Men Hair Skin Nails Joints, Hydrolyzed Collagen Protein Supplements, Post Workout, Paleo & Keto, 28 Servings</p><p>$30.91 ($1.56 / Ounce)</p><a href="https://www.amazon.com/dp/B07K4SK9SY?tag=eloabder-20&linkCode=osi&th=1&psc=1">View Product</a></div>
<div class="product"><a href="https://www.amazon.com/dp/B07JMHNP9F?tag=eloabder-20&linkCode=osi&th=1&psc=1"><img src="https://m.media-amazon.com/images/I/51LdUja0NTL._SL500_.jpg" alt="Product Image"></a><p>Prebiotics for Advanced Gut Health - Immune System Support & Dietary Fiber - Fuels Good Bacteria Growth to Promote Digestive Health - Gas & Digestion Support - Probiotics for Men & Women - 60 Capsules</p><p>$19.97 ($0.33 / Count)</p><a href="https://www.amazon.com/dp/B07JMHNP9F?tag=eloabder-20&linkCode=osi&th=1&psc=1">View Product</a></div><div class="product"><a href="https://www.amazon.com/dp/B0BRTJ7BJ1?tag=eloabder-20&linkCode=osi&th=1&psc=1"><img src="https://m.media-amazon.com/images/I/51JFiTJs6ZL._SL500_.jpg" alt="Product Image"></a><p>Physician's CHOICE Prebiotic-Probiotic - Multi-Strain Probiotics & Synergistic Prebiotics -Designed for Digestive Health, Supporting Gut Microbiome - Powerful PrePro for Gut Health - for Women & Men</p><p>$18.97 ($0.63 / Count)</p><a href="https://www.amazon.com/dp/B0BRTJ7BJ1?tag=eloabder-20&linkCode=osi&th=1&psc=1">View Product</a></div><div class="product"><a href="https://www.amazon.com/dp/B07VYMQF6M?tag=eloabder-20&linkCode=osi&th=1&psc=1"><img src="https://m.media-amazon.com/images/I/51Y0hMBp3NL._SL500_.jpg" alt="Product Image"></a><p>Prebiotics and Probiotic with Whole Food Enzymes for Adults Women & Men - Probiotics Lactobacillus Acidophilus - Digestive Health Capsules Shelf Stable Supplement - Non-GMO Gluten & Dairy Free -30ct</p><p>$19.97 ($0.67 / Count)</p><a href="https://www.amazon.com/dp/B07VYMQF6M?tag=eloabder-20&linkCode=osi&th=1&psc=1">View Product</a></div><div class="product"><a href="https://www.amazon.com/dp/B075NDQP5B?tag=eloabder-20&linkCode=osi&th=1&psc=1"><img src="https://m.media-amazon.com/images/I/31vYaymr8pL._SL500_.jpg" alt="Product Image"></a><p>Swanson Prebiotic Capsules - Promotes Friendly Flora Support & Overall Digestive Health - Prebiotic Fiber Promoting Gut Health & Immune Health Support - (120 Veggie Capsules, 750mg Each) 1 Pack</p><p>$16.37 ($0.14 / Count)</p><a href="https://www.amazon.com/dp/B075NDQP5B?tag=eloabder-20&linkCode=osi&th=1&psc=1">View Product</a></div><div class="product"><a href="https://www.amazon.com/dp/B01FICESXE?tag=eloabder-20&linkCode=osi&th=1&psc=1"><img src="https://m.media-amazon.com/images/I/41wI-mGIidL._SL500_.jpg" alt="Product Image"></a><p>Dr. Tobias Prebiotics, Supports Digestion & Gut Health, Feed Good Probiotic Bacteria, Boost Gut Immune Function, Vegan & Non-GMO Gut Health Supplements for Men and Women, 30 Capsules, 30 Servings</p><p>$25.99 ($0.87 / Count)</p><a href="https://www.amazon.com/dp/B01FICESXE?tag=eloabder-20&linkCode=osi&th=1&psc=1">View Product</a></div><div class="product"><a href="https://www.amazon.com/dp/B0CGMMYWR5?tag=eloabder-20&linkCode=osi&th=1&psc=1"><img src="https://m.media-amazon.com/images/I/41nkD8q8XqL._SL500_.jpg" alt="Product Image"></a><p>Horbäach Prebiotic for Men and Women | 120 Powder Pills | High Strength & Premium Quality Supplement | Non-GMO & Gluten Free Quick Release Capsules</p><p>$9.99 ($0.08 / Count)</p><a href="https://www.amazon.com/dp/B0CGMMYWR5?tag=eloabder-20&linkCode=osi&th=1&psc=1">View Product</a></div><div class="product"><a href="https://www.amazon.com/dp/B07GPFB6FJ?tag=eloabder-20&linkCode=osi&th=1&psc=1"><img src="https://m.media-amazon.com/images/I/41IkSyAmJOL._SL500_.jpg" alt="Product Image"></a><p>Amazon Basics Prebiotic & Probiotic Gummies, 2 Billion CFU, Blue Raspberry, 50 Count (2 per Serving) (Previously Solimo)</p><p>$9.21 ($0.18 / Count)</p><a href="https://www.amazon.com/dp/B07GPFB6FJ?tag=eloabder-20&linkCode=osi&th=1&psc=1">View Product</a></div><div class="product"><a href="https://www.amazon.com/dp/B0CPN9NK38?tag=eloabder-20&linkCode=osi&th=1&psc=1"><img src="https://m.media-amazon.com/images/I/41hL4HSQxwL._SL500_.jpg" alt="Product Image"></a><p>OLLY Probiotic + Prebiotic Gummy, Digestive Support and Gut Health, 500 Million CFUs, Fiber, Adult Chewable Supplement for Men and Women, Peach, 30 Day Supply - 60 Count</p><p>$23.88 ($0.40 / Count)</p><a href="https://www.amazon.com/dp/B0CPN9NK38?tag=eloabder-20&linkCode=osi&th=1&psc=1">View Product</a></div><div class="product"><a href="https://www.amazon.com/dp/B06XKLJ9C5?tag=eloabder-20&linkCode=osi&th=1&psc=1"><img src="https://m.media-amazon.com/images/I/41qULNw-LNL._SL500_.jpg" alt="Product Image"></a><p>Hyperbiotics Organic Prebiotic Fiber Powder | Vegan Unflavored Soluble Fiber Supplement Powder | Supports Healthy Digestion & Growth of Beneficial Gut Bacteria | Gluten Free | 54 Servings</p><p>$31.99</p><a href="https://www.amazon.com/dp/B06XKLJ9C5?tag=eloabder-20&linkCode=osi&th=1&psc=1">View Product</a></div><div class="product"><a href="https://www.amazon.com/dp/B079H53D2B?tag=eloabder-20&linkCode=osi&th=1&psc=1"><img src="https://m.media-amazon.com/images/I/51Y4b2nfCYL._SL500_.jpg" alt="Product Image"></a><p>Physician's Choice Probiotics 60 Billion CFU - 10 Strains + Organic Prebiotics - Immune, Digestive & Gut Health - Supports Occasional Constipation, Diarrhea, Gas & Bloating - for Women & Men - 30ct</p><p>$21.58 ($0.72 / Count)</p><a href="https://www.amazon.com/dp/B079H53D2B?tag=eloabder-20&linkCode=osi&th=1&psc=1">View Product</a></div>
<div class="product"><a href="https://www.amazon.com/dp/B0C21ZLQNC?tag=eloabder-20&linkCode=osi&th=1&psc=1"><img src="https://m.media-amazon.com/images/I/51mKzlUJ2mL._SL500_.jpg" alt="Product Image"></a><p>Physician's CHOICE Digestive Enzymes - Multi Enzymes, Organic Prebiotics & Probiotics for Digestive Health & Gut Health - Meal Time Discomfort Relief & Bloating - Dual Action Approach - 60 CT</p><p>$17.99 ($0.30 / Count)</p><a href="https://www.amazon.com/dp/B0C21ZLQNC?tag=eloabder-20&linkCode=osi&th=1&psc=1">View Product</a></div><div class="product"><a href="https://www.amazon.com/dp/B091DBMLMV?tag=eloabder-20&linkCode=osi&th=1&psc=1"><img src="https://m.media-amazon.com/images/I/41sJvTS7UzL._SL500_.jpg" alt="Product Image"></a><p>Zenwise Health Digestive Enzymes - Probiotic Multi Enzymes with Probiotics and Prebiotics for Digestive Health and Bloating Relief for Women and Men, Daily Enzymes for Gut and Digestion - 100 Count</p><p>$25.87 ($0.26 / Count)</p><a href="https://www.amazon.com/dp/B091DBMLMV?tag=eloabder-20&linkCode=osi&th=1&psc=1">View Product</a></div><div class="product"><a href="https://www.amazon.com/dp/B0001T0GAE?tag=eloabder-20&linkCode=osi&th=1&psc=1"><img src="https://m.media-amazon.com/images/I/41G271GqUaL._SL500_.jpg" alt="Product Image"></a><p>NOW Supplements, Super Enzymes, Formulated with Bromelain, Ox Bile, Pancreatin and Papain, Super Enzymes,90 Capsules</p><p>$14.31 ($0.16 / Count)</p><a href="https://www.amazon.com/dp/B0001T0GAE?tag=eloabder-20&linkCode=osi&th=1&psc=1">View Product</a></div><div class="product"><a href="https://www.amazon.com/dp/B0009EXOUA?tag=eloabder-20&linkCode=osi&th=1&psc=1"><img src="https://m.media-amazon.com/images/I/41jQAIqtQxL._SL500_.jpg" alt="Product Image"></a><p>Source Naturals Essential Enzymes 500mg Bio-Aligned Multiple Supplement Herbal Defense for Digestion, Gas & Constipation Relief - Strong Immune System Support* - 120 Capsules</p><p>$13.56 ($0.11 / Count)</p><a href="https://www.amazon.com/dp/B0009EXOUA?tag=eloabder-20&linkCode=osi&th=1&psc=1">View Product</a></div><div class="product"><a href="https://www.amazon.com/dp/B0016X8Y0S?tag=eloabder-20&linkCode=osi&th=1&psc=1"><img src="https://m.media-amazon.com/images/I/41Yl4DNr++L._SL500_.jpg" alt="Product Image"></a><p>Pure Encapsulations Digestive Enzymes Ultra - Vegetarian Digestive Enzyme Supplement to Support Protein, Carb, Fiber, and Dairy Digestion* - 180 Capsules</p><p>$64.00 ($0.36 / Count)</p><a href="https://www.amazon.com/dp/B0016X8Y0S?tag=eloabder-20&linkCode=osi&th=1&psc=1">View Product</a></div><div class="product"><a href="https://www.amazon.com/dp/B0971P79G2?tag=eloabder-20&linkCode=osi&th=1&psc=1"><img src="https://m.media-amazon.com/images/I/41sjwVKMyyL._SL500_.jpg" alt="Product Image"></a><p>Digestive Enzymes - 800mg Blend of All 10 Most Essential Digestive and Pancreatic Enzymes (Amylase, Lipase, Bromelain, Lactase, Papain, Protease, Cellulase, Maltase, Invertase) by Double Wood</p><p>$18.95 ($0.11 / Count)</p><a href="https://www.amazon.com/dp/B0971P79G2?tag=eloabder-20&linkCode=osi&th=1&psc=1">View Product</a></div><div class="product"><a href="https://www.amazon.com/dp/B07PQWXYKZ?tag=eloabder-20&linkCode=osi&th=1&psc=1"><img src="https://m.media-amazon.com/images/I/51PlwYVPOdL._SL500_.jpg" alt="Product Image"></a><p>MaryRuth Organics Ultra Digestive Enzymes Capsules | Up to 2 Month Supply | Supplement for Gut Health Support | Digestion & Immune Support with Amylase | Lipase & Lactase | Vegan | 60 Count</p><p>$24.95 ($0.42 / Count)</p><a href="https://www.amazon.com/dp/B07PQWXYKZ?tag=eloabder-20&linkCode=osi&th=1&psc=1">View Product</a></div><div class="product"><a href="https://www.amazon.com/dp/B000Q487DC?tag=eloabder-20&linkCode=osi&th=1&psc=1"><img src="https://m.media-amazon.com/images/I/318ZKbie4-L._SL500_.jpg" alt="Product Image"></a><p>Doctor's Best Digestive Enzymes Non-GMO Vegetarian Gluten Free, 90 Veggie Caps</p><p>$21.95 ($0.24 / Count)</p><a href="https://www.amazon.com/dp/B000Q487DC?tag=eloabder-20&linkCode=osi&th=1&psc=1">View Product</a></div><div class="product"><a href="https://www.amazon.com/dp/B00HLXPYAA?tag=eloabder-20&linkCode=osi&th=1&psc=1"><img src="https://m.media-amazon.com/images/I/41xZ0QIGSBL._SL500_.jpg" alt="Product Image"></a><p>Enzymedica Digest Gold + ATPro, Maximum Strength, Fast-Acting, Helps Digest Large Meals, Prevents Bloating and Gas, 90 Count (FFP)</p><p>$40.12 ($0.45 / Count)</p><a href="https://www.amazon.com/dp/B00HLXPYAA?tag=eloabder-20&linkCode=osi&th=1&psc=1">View Product</a></div><div class="product"><a href="https://www.amazon.com/dp/B00GSP4R6O?tag=eloabder-20&linkCode=osi&th=1&psc=1"><img src="https://m.media-amazon.com/images/I/41oaLuwaf6L._SL500_.jpg" alt="Product Image"></a><p>Pure Encapsulations Digestive Enzymes Ultra with Betaine HCl - Vegetarian Digestive Enzyme Supplement to Support Protein, Carb, Fiber, and Dairy Digestion* - 90 Capsules</p><p>$36.80 ($0.41 / Count)</p><a href="https://www.amazon.com/dp/B00GSP4R6O?tag=eloabder-20&linkCode=osi&th=1&psc=1">View Product</a></div>
<div class="product"><a href="https://www.amazon.com/dp/B08RPB34NR?tag=eloabder-20&linkCode=osi&th=1&psc=1"><img src="https://m.media-amazon.com/images/I/51GlheVabKL._SL500_.jpg" alt="Product Image"></a><p>8 in 1 Immune Support Booster Supplement with Echinacea, Vitamin C and Zinc 50mg, Vitamin D 5000 IU, Turmeric Curcumin & Ginger, B6, Elderberry 120 Count (Pack of 2)</p><p>$29.95 ($0.25 / Count)</p><a href="https://www.amazon.com/dp/B08RPB34NR?tag=eloabder-20&linkCode=osi&th=1&psc=1">View Product</a></div><div class="product"><a href="https://www.amazon.com/dp/B08KHZQTML?tag=eloabder-20&linkCode=osi&th=1&psc=1"><img src="https://m.media-amazon.com/images/I/41Sxje928sL._SL500_.jpg" alt="Product Image"></a><p>Nature's Bounty Immune 24 Hour +, The only Vitamin C with 24 Hour Immune Support from Ester C, Rapid Release Softgels, 50 Count</p><p>$10.98 ($0.22 / Count)</p><a href="https://www.amazon.com/dp/B08KHZQTML?tag=eloabder-20&linkCode=osi&th=1&psc=1">View Product</a></div><div class="product"><a href="https://www.amazon.com/dp/B093P29P79?tag=eloabder-20&linkCode=osi&th=1&psc=1"><img src="https://m.media-amazon.com/images/I/419UA39m4vL._SL500_.jpg" alt="Product Image"></a><p>8 in 1 Immune Support with Quercetin Zinc 50mg Vitamin C 1000mg Vitamin D3 5000 IU and Elderberry Echinacea Ginger for Adults Kids - VIT D Immunity Defense Booster Supplement Veg Capsules Made in USA</p><p>$24.95 ($0.42 / Count)</p><a href="https://www.amazon.com/dp/B093P29P79?tag=eloabder-20&linkCode=osi&th=1&psc=1">View Product</a></div><div class="product"><a href="https://www.amazon.com/dp/B00MJ7VL1O?tag=eloabder-20&linkCode=osi&th=1&psc=1"><img src="https://m.media-amazon.com/images/I/41ErKDwzpHL._SL500_.jpg" alt="Product Image"></a><p>Nature’s Way Sambucus Elderberry Immune Gummies, Daily Immune Support for Kids and Adults*, with Vitamin C, Vitamin D3, Zinc, Gluten Free, Vegetarian, 60 Gummies (Packaging May Vary)</p><p>$14.97 ($0.25 / Count)</p><a href="https://www.amazon.com/dp/B00MJ7VL1O?tag=eloabder-20&linkCode=osi&th=1&psc=1">View Product</a></div><div class="product"><a href="https://www.amazon.com/dp/B086PHR52V?tag=eloabder-20&linkCode=osi&th=1&psc=1"><img src="https://m.media-amazon.com/images/I/519QOCq89xL._SL500_.jpg" alt="Product Image"></a><p>Viva Naturals Elderberry with Vitamin C and Zinc for Adults - 5 in 1 Sambucus Black Elderberry Capsules with Vitamin D3 5000 IU, Elderberries Immune Support Supplement 2 Months Supply Pills</p><p>$24.95 ($0.21 / Count)</p><a href="https://www.amazon.com/dp/B086PHR52V?tag=eloabder-20&linkCode=osi&th=1&psc=1">View Product</a></div><div class="product"><a href="https://www.amazon.com/dp/B087JNQ4X8?tag=eloabder-20&linkCode=osi&th=1&psc=1"><img src="https://m.media-amazon.com/images/I/41KqQHK5+vL._SL500_.jpg" alt="Product Image"></a><p>Immuneti - Advanced Immune Defense, 6-in-1 Powerful Blend of Vitamin C, Vitamin D3, Zinc, Elderberries, Garlic Bulb, Echinacea - Supports Overall Health, Provides Vital Nutrients & Antioxidants</p><p>$19.50 ($0.32 / Count)</p><a href="https://www.amazon.com/dp/B087JNQ4X8?tag=eloabder-20&linkCode=osi&th=1&psc=1">View Product</a></div><div class="product"><a href="https://www.amazon.com/dp/B019ND0DU6?tag=eloabder-20&linkCode=osi&th=1&psc=1"><img src="https://m.media-amazon.com/images/I/3164NVjFiiL._SL500_.jpg" alt="Product Image"></a><p>Propolis Throat Spray by Beekeeper's Naturals - 95% Bee Propolis Extract, Natural Immune Support & Sore Throat Relief - Antioxidants, Keto, Paleo, Gluten-Free (1.06 oz)(Pack of 1)</p><p>$11.19 ($10.56 / Fl Oz)</p><a href="https://www.amazon.com/dp/B019ND0DU6?tag=eloabder-20&linkCode=osi&th=1&psc=1">View Product</a></div><div class="product"><a href="https://www.amazon.com/dp/B09ZYN6Z5R?tag=eloabder-20&linkCode=osi&th=1&psc=1"><img src="https://m.media-amazon.com/images/I/61CzAf44o4L._SL500_.jpg" alt="Product Image"></a><p>12 in 1 Premium Immune Defense Vitamins - Immune Supplement w/ Vitamin D3 5000 IU Vitamin С 1000mg Zinс 50mg - Luxe Choice for Premium Immune Support - With Echinacea Elderberry and Ginger - 120 Caps</p><p>$29.95 ($29.95 / Count)</p><a href="https://www.amazon.com/dp/B09ZYN6Z5R?tag=eloabder-20&linkCode=osi&th=1&psc=1">View Product</a></div><div class="product"><a href="https://www.amazon.com/dp/B08CBBHPTF?tag=eloabder-20&linkCode=osi&th=1&psc=1"><img src="https://m.media-amazon.com/images/I/41U8ywAfz1L._SL500_.jpg" alt="Product Image"></a><p>A Dose of Immunity Quercetin with Vitamin C and Zinc, Vitamin D, 500mg Quercetin Bromelain with Echinacea & B Vitamins, Lung Immune Support Supplement 7 in 1 Immunity Defense Booster (60 Count)</p><p>$19.95 ($0.33 / Count)</p><a href="https://www.amazon.com/dp/B08CBBHPTF?tag=eloabder-20&linkCode=osi&th=1&psc=1">View Product</a></div>
<div class="product"><a href="https://www.amazon.com/dp/B0CKVSGYZV?tag=eloabder-20&linkCode=osi&th=1&psc=1"><img src="https://m.media-amazon.com/images/I/41meSPQU9WL._SL500_.jpg" alt="Product Image"></a><p>Basigano Natural Dopamine Supplement for Energy, Focus, Motivation, Mental Alertness, Mood, and Stress - Non-GMO, Gluten-Free - 90 Tablets</p><p>$23.99 ($0.27 / Count)</p><a href="https://www.amazon.com/dp/B0CKVSGYZV?tag=eloabder-20&linkCode=osi&th=1&psc=1">View Product</a></div><div class="product"><a href="https://www.amazon.com/dp/B01LXX5Z8Q?tag=eloabder-20&linkCode=osi&th=1&psc=1"><img src="https://m.media-amazon.com/images/I/415nqmJDODL._SL500_.jpg" alt="Product Image"></a><p>OLLY Daily Energy Gummy, Caffeine Free, Vitamin B12, CoQ10, Goji Berry, Adult Chewable Supplement, Tropical Flavor - 60 Count</p><p>$12.88 ($0.21 / Count)</p><a href="https://www.amazon.com/dp/B01LXX5Z8Q?tag=eloabder-20&linkCode=osi&th=1&psc=1">View Product</a></div><div class="product"><a href="https://www.amazon.com/dp/B0B1VRCJ2Z?tag=eloabder-20&linkCode=osi&th=1&psc=1"><img src="https://m.media-amazon.com/images/I/31rFUBNNRlL._SL500_.jpg" alt="Product Image"></a><p>Health by Habit Energy Supplement (60 Capsules) - Natual Caffeine Blend, Vitamins B & C, Supports Energy Levels, Promotes Mental Alertness and Focus, Vegan, Non-GMO, Sugar Free (1 Pack)</p><p>$7.88 ($0.13 / Count)</p><a href="https://www.amazon.com/dp/B0B1VRCJ2Z?tag=eloabder-20&linkCode=osi&th=1&psc=1">View Product</a></div><div class="product"><a href="https://www.amazon.com/dp/B008PQDCG0?tag=eloabder-20&linkCode=osi&th=1&psc=1"><img src="https://m.media-amazon.com/images/I/51EFLU6zpCL._SL500_.jpg" alt="Product Image"></a><p>Nature Made Super B Energy Complex, Dietary Supplement for Brain Cell Function Support, 60 Softgels, 60 Day Supply</p><p>$9.34 ($0.16 / Count)</p><a href="https://www.amazon.com/dp/B008PQDCG0?tag=eloabder-20&linkCode=osi&th=1&psc=1">View Product</a></div><div class="product"><a href="https://www.amazon.com/dp/B0BV4F17B4?tag=eloabder-20&linkCode=osi&th=1&psc=1"><img src="https://m.media-amazon.com/images/I/41UR52LyNJL._SL500_.jpg" alt="Product Image"></a><p>OLLY Extra Strength Daily Energy Gummy, Caffeine Free, 1000mcg Vitamin B12, CoQ10, Goji Berry, Adult Chewable Supplement, Berry Yuzu Flavor - 60 Count</p><p>$15.88 ($0.26 / Count)</p><a href="https://www.amazon.com/dp/B0BV4F17B4?tag=eloabder-20&linkCode=osi&th=1&psc=1">View Product</a></div><div class="product"><a href="https://www.amazon.com/dp/B078SJ9F5S?tag=eloabder-20&linkCode=osi&th=1&psc=1"><img src="https://m.media-amazon.com/images/I/41kM5+mO9kL._SL500_.jpg" alt="Product Image"></a><p>Genius Mushroom Supplement - Lions Mane, Cordyceps, Reishi - Brain Nootropic for Energy, Focus, Overall Wellness, & Immune Support, - 90 Veggie Pills</p><p>$21.95 ($0.24 / Count)</p><a href="https://www.amazon.com/dp/B078SJ9F5S?tag=eloabder-20&linkCode=osi&th=1&psc=1">View Product</a></div><div class="product"><a href="https://www.amazon.com/dp/B07Q6ZVMK4?tag=eloabder-20&linkCode=osi&th=1&psc=1"><img src="https://m.media-amazon.com/images/I/41rv+HJYEeL._SL500_.jpg" alt="Product Image"></a><p>Acetyl L-Carnitine 1,500 mg High Potency Supports Energy Production, Sports Nutrition, Supports Memory/Focus - 100 Veggie Capsules</p><p>$17.88 ($0.18 / Count)</p><a href="https://www.amazon.com/dp/B07Q6ZVMK4?tag=eloabder-20&linkCode=osi&th=1&psc=1">View Product</a></div><div class="product"><a href="https://www.amazon.com/dp/B003X5LM1U?tag=eloabder-20&linkCode=osi&th=1&psc=1"><img src="https://m.media-amazon.com/images/I/51TnMZ845vL._SL500_.jpg" alt="Product Image"></a><p>Optimum Nutrition Amino Energy - Pre Workout with Green Tea, BCAA, Amino Acids, Keto Friendly, Green Coffee Extract, Energy Powder - Concord Grape, 30 Servings</p><p>$23.68 ($2.49 / Ounce)</p><a href="https://www.amazon.com/dp/B003X5LM1U?tag=eloabder-20&linkCode=osi&th=1&psc=1">View Product</a></div>
<div class="product"><a href="https://www.amazon.com/dp/B01GVJK3XW?tag=eloabder-20&linkCode=osi&th=1&psc=1"><img src="https://m.media-amazon.com/images/I/41y-ROAavrL._SL500_.jpg" alt="Product Image"></a><p>Glucosamine Chondroitin MSM Turmeric Boswellia - Joint Support Supplement. Antioxidant Properties. Helps with Inflammatory Response. Occasional Discomfort Relief for Back, Knees & Hands. 90 Capsules</p><p>$28.97 ($0.32 / Count)</p><a href="https://www.amazon.com/dp/B01GVJK3XW?tag=eloabder-20&linkCode=osi&th=1&psc=1">View Product</a></div><div class="product"><a href="https://www.amazon.com/dp/B07SSVYMJV?tag=eloabder-20&linkCode=osi&th=1&psc=1"><img src="https://m.media-amazon.com/images/I/41nKoj5uWZL._SL500_.jpg" alt="Product Image"></a><p>Kirkland Signature Triple Action Joint Health, UC•ll Undenatured Type II Collagen, Boron, Hyaluronic Acid,with Boron,110 Coated Tablets(Pack of 2)</p><p>$51.35 ($0.23 / Count)</p><a href="https://www.amazon.com/dp/B07SSVYMJV?tag=eloabder-20&linkCode=osi&th=1&psc=1">View Product</a></div><div class="product"><a href="https://www.amazon.com/dp/B01M5DEMWI?tag=eloabder-20&linkCode=osi&th=1&psc=1"><img src="https://m.media-amazon.com/images/I/410zXYEJpKL._SL500_.jpg" alt="Product Image"></a><p>Arazo Nutrition Glucosamine Chondroitin Turmeric Msm Boswellia - Joint Support Supplement for Relief 180 Tablets for Bones, Back, Knees, Hands (180 Tablets)</p><p>$25.95 ($0.14 / Count)</p><a href="https://www.amazon.com/dp/B01M5DEMWI?tag=eloabder-20&linkCode=osi&th=1&psc=1">View Product</a></div><div class="product"><a href="https://www.amazon.com/dp/B01N0T9PFZ?tag=eloabder-20&linkCode=osi&th=1&psc=1"><img src="https://m.media-amazon.com/images/I/51QekqG+VoL._SL500_.jpg" alt="Product Image"></a><p>Member's Mark™ Ultra Triple Action Joint Health</p><p>$36.52 ($0.29 / Count)</p><a href="https://www.amazon.com/dp/B01N0T9PFZ?tag=eloabder-20&linkCode=osi&th=1&psc=1">View Product</a></div><div class="product"><a href="https://www.amazon.com/dp/B07VLJN7C6?tag=eloabder-20&linkCode=osi&th=1&psc=1"><img src="https://m.media-amazon.com/images/I/51DwRUN7v6L._SL500_.jpg" alt="Product Image"></a><p>Move Free Ultra Triple Action Joint Support Supplement - Type II Collagen Boron & Hyaluronic Acid - Supports Joint Comfort, Cartiliage & Bones in 1 Tiny Pill Per Day, 64 Tablets (64 servings)*</p><p>$20.47 ($0.32 / Count)</p><a href="https://www.amazon.com/dp/B07VLJN7C6?tag=eloabder-20&linkCode=osi&th=1&psc=1">View Product</a></div><div class="product"><a href="https://www.amazon.com/dp/B001W2MBSE?tag=eloabder-20&linkCode=osi&th=1&psc=1"><img src="https://m.media-amazon.com/images/I/4144YmkKbfL._SL500_.jpg" alt="Product Image"></a><p>Move Free Advanced Glucosamine Chondroitin MSM Joint Support Supplement, Supports Mobility Comfort Strength Flexibility & Bone - 120 Tablets (40 servings)*</p><p>$22.99 ($0.19 / Count)</p><a href="https://www.amazon.com/dp/B001W2MBSE?tag=eloabder-20&linkCode=osi&th=1&psc=1">View Product</a></div><div class="product"><a href="https://www.amazon.com/dp/B0CZB1RJ8L?tag=eloabder-20&linkCode=osi&th=1&psc=1"><img src="https://m.media-amazon.com/images/I/516O87kHbuL._SL500_.jpg" alt="Product Image"></a><p>Qunol 5-in-1 Joint Support Supplement, Fast Acting, One Pill Dose, Support Healthy Inflammation Response & Discomfort Caused by Overuse of Joints, Alternative to Glucosamine Chondroitin MSM, 60 Count</p><p>$29.69 ($0.49 / Count)</p><a href="https://www.amazon.com/dp/B0CZB1RJ8L?tag=eloabder-20&linkCode=osi&th=1&psc=1">View Product</a></div><div class="product"><a href="https://www.amazon.com/dp/B09YDMDMDP?tag=eloabder-20&linkCode=osi&th=1&psc=1"><img src="https://m.media-amazon.com/images/I/41qeEtbAu+L._SL500_.jpg" alt="Product Image"></a><p>Nature Made Glucosamine Chondroitin Complex with MSM, Dietary Supplement for Joint Support, 120 Caplets, 60 Day Supply</p><p>$19.87 ($0.17 / Count)</p><a href="https://www.amazon.com/dp/B09YDMDMDP?tag=eloabder-20&linkCode=osi&th=1&psc=1">View Product</a></div>
<div class="product"><a href="https://www.amazon.com/dp/B08ML6GMY4?tag=eloabder-20&linkCode=osi&th=1&psc=1"><img src="https://m.media-amazon.com/images/I/415l9I+T6aL._SL500_.jpg" alt="Product Image"></a><p>Snap Supplements Heart Health Supplements and Blood Circulation Supplements, 90 Capsules</p><p>$33.96 ($0.38 / Count)</p><a href="https://www.amazon.com/dp/B08ML6GMY4?tag=eloabder-20&linkCode=osi&th=1&psc=1">View Product</a></div><div class="product"><a href="https://www.amazon.com/dp/B07SRK1F3Y?tag=eloabder-20&linkCode=osi&th=1&psc=1"><img src="https://m.media-amazon.com/images/I/51PUDA9xJjL._SL500_.jpg" alt="Product Image"></a><p>humanN SuperBeets Heart Chews - Nitric Oxide Production and Blood Pressure Support - Grape Seed Extract & Non-GMO Beet Energy Chews - Pomegranate Berry Flavor - 60 Count</p><p>$39.95 ($0.67 / Count)</p><a href="https://www.amazon.com/dp/B07SRK1F3Y?tag=eloabder-20&linkCode=osi&th=1&psc=1">View Product</a></div><div class="product"><a href="https://www.amazon.com/dp/B0B36DNWQQ?tag=eloabder-20&linkCode=osi&th=1&psc=1"><img src="https://m.media-amazon.com/images/I/41piHVRRu9L._SL500_.jpg" alt="Product Image"></a><p>Heart Health Blood Pressure Support Supplement - Support Blood Pressure & Healthy Circularity Naturally with Hawthorn Berry & Hibiscus.Vitamins Pills for Healthy Hypertension (BP) & Healthy Heart.</p><p>$23.91 ($0.27 / Count)</p><a href="https://www.amazon.com/dp/B0B36DNWQQ?tag=eloabder-20&linkCode=osi&th=1&psc=1">View Product</a></div><div class="product"><a href="https://www.amazon.com/dp/B00014JOWU?tag=eloabder-20&linkCode=osi&th=1&psc=1"><img src="https://m.media-amazon.com/images/I/41L4KTA5YkL._SL500_.jpg" alt="Product Image"></a><p>Century Systems - Heart Miracle, Nutritional Supplement for Blood Pressure, Cholesterol, and Cardiovascular Support, 32 Ounce Liquid, 16-32 Servings</p><p>$27.74 ($0.87 / Fl Oz)</p><a href="https://www.amazon.com/dp/B00014JOWU?tag=eloabder-20&linkCode=osi&th=1&psc=1">View Product</a></div><div class="product"><a href="https://www.amazon.com/dp/B0BMW8YF9G?tag=eloabder-20&linkCode=osi&th=1&psc=1"><img src="https://m.media-amazon.com/images/I/41CZEmqjJ+L._SL500_.jpg" alt="Product Image"></a><p>Heart Defend-Her Womens Heart Health Supplements – Advanced 3-in-1 Blend with Grape Seed Extract, Vitamin K2 MK-7, and CoQ10 – Support Blood Pressure, Artery and Bone Strength – 60 Vegetarian Capsules</p><p>$12.99 ($0.22 / Count)</p><a href="https://www.amazon.com/dp/B0BMW8YF9G?tag=eloabder-20&linkCode=osi&th=1&psc=1">View Product</a></div><div class="product"><a href="https://www.amazon.com/dp/B0055OUOQQ?tag=eloabder-20&linkCode=osi&th=1&psc=1"><img src="https://m.media-amazon.com/images/I/41S1bhYiFiL._SL500_.jpg" alt="Product Image"></a><p>Qunol CoQ10 100mg Softgels, Ultra CoQ10 100mg, 3x Better Absorption, Antioxidant for Heart Health & Energy Production, Coenzyme Q10 Vitamins and Supplements, 4 Month Supply, 120 Count</p><p>$29.97 ($0.25 / Count)</p><a href="https://www.amazon.com/dp/B0055OUOQQ?tag=eloabder-20&linkCode=osi&th=1&psc=1">View Product</a></div><div class="product"><a href="https://www.amazon.com/dp/B07CT1KCY8?tag=eloabder-20&linkCode=osi&th=1&psc=1"><img src="https://m.media-amazon.com/images/I/41uYctPvrhL._SL500_.jpg" alt="Product Image"></a><p>NutraPro Healthy Heart - Heart Health Supplements. Artery Cleanse & Protect. Supports Cholesterol and Triglyceride Balancing. GMP Certified</p><p>$28.91 ($0.32 / Count)</p><a href="https://www.amazon.com/dp/B07CT1KCY8?tag=eloabder-20&linkCode=osi&th=1&psc=1">View Product</a></div><div class="product"><a href="https://www.amazon.com/dp/B0CGRXWGV3?tag=eloabder-20&linkCode=osi&th=1&psc=1"><img src="https://m.media-amazon.com/images/I/51zNfcBwHLL._SL500_.jpg" alt="Product Image"></a><p>Garden of Life Herbals Heart Health Supplement with Folate, Bergamot, Green Tea & Vitamin E & K for Cholesterol, Circulatory & Blood Pressure Support, Non-GMO, Gluten-Free, Citrus Flavor, 30 Servings</p><p>$25.49 ($0.85 / Count)</p><a href="https://www.amazon.com/dp/B0CGRXWGV3?tag=eloabder-20&linkCode=osi&th=1&psc=1">View Product</a></div>
<div class="product"><a href="https://www.amazon.com/dp/B0716RWHX4?tag=eloabder-20&linkCode=osi&th=1&psc=1"><img src="https://m.media-amazon.com/images/I/51GW4bwdnIL._SL500_.jpg" alt="Product Image"></a><p>NATURELO Calcium Supplement - Bone Strength with Calcium 600mg, Vitamin D3, K2, C, Magnesium Zinc - Plant-Based, 120 Vegetarian Capsules, Non-GMO, Soy & Gluten-Free</p><p>$26.95 ($0.22 / Count)</p><a href="https://www.amazon.com/dp/B0716RWHX4?tag=eloabder-20&linkCode=osi&th=1&psc=1">View Product</a></div><div class="product"><a href="https://www.amazon.com/dp/B009E9YK90?tag=eloabder-20&linkCode=osi&th=1&psc=1"><img src="https://m.media-amazon.com/images/I/41k8JHjszUL._SL500_.jpg" alt="Product Image"></a><p>Life Extension Bone Restore + Vitamin K2 Vitamins & Minerals Maintain Bone Health & Strength - Fortifying Nutrients Calcium, D3 & Important Bone Building Minerals - Non-GMO, Gluten-Free -120 Capsules</p><p>$18.00 ($0.15 / Count)</p><a href="https://www.amazon.com/dp/B009E9YK90?tag=eloabder-20&linkCode=osi&th=1&psc=1">View Product</a></div><div class="product"><a href="https://www.amazon.com/dp/B07ZQQWKGN?tag=eloabder-20&linkCode=osi&th=1&psc=1"><img src="https://m.media-amazon.com/images/I/51Z+ZOCtD6L._SL500_.jpg" alt="Product Image"></a><p>Bone Strength Calcium Supplement - With Calcium, Vitamin D3, K2, C, Magnesium, Zinc - 8 Bone-Building Nutrients, High Absorption, Non-Constipating Formula - 120 Veggie Capsules for Optimal Bone Health</p><p>$17.97 ($0.15 / Count)</p><a href="https://www.amazon.com/dp/B07ZQQWKGN?tag=eloabder-20&linkCode=osi&th=1&psc=1">View Product</a></div><div class="product"><a href="https://www.amazon.com/dp/B0CCXFCR88?tag=eloabder-20&linkCode=osi&th=1&psc=1"><img src="https://m.media-amazon.com/images/I/316DOWXwifL._SL500_.jpg" alt="Product Image"></a><p>NativePath Bone Health Collagen Peptides, Type 1 & 3 Peptides, with Fortibone and Verisol, 7.9 Ounce, 30 Servings</p><p>$59.99 ($7.59 / Ounce)</p><a href="https://www.amazon.com/dp/B0CCXFCR88?tag=eloabder-20&linkCode=osi&th=1&psc=1">View Product</a></div><div class="product"><a href="https://www.amazon.com/dp/B01MZ6YI2A?tag=eloabder-20&linkCode=osi&th=1&psc=1"><img src="https://m.media-amazon.com/images/I/51cTsNDt7bL._SL500_.jpg" alt="Product Image"></a><p>New Chapter Calcium Supplement - Bone Strength Organic Calcium with Magnesium, Vitamin D3+K2, 70+ Trace Minerals for Bone Health, Gluten Free, Easy to Swallow - 120 Slim Tablets</p><p>$37.29 ($0.31 / Count)</p><a href="https://www.amazon.com/dp/B01MZ6YI2A?tag=eloabder-20&linkCode=osi&th=1&psc=1">View Product</a></div><div class="product"><a href="https://www.amazon.com/dp/B0B5Y5J6G2?tag=eloabder-20&linkCode=osi&th=1&psc=1"><img src="https://m.media-amazon.com/images/I/41MlY2QgEJL._SL500_.jpg" alt="Product Image"></a><p>Primal Harvest Primal Bone Health Calcium Carbonate Bone Health Complex for Men & Women with Calcium, Magnesium, Zinc, Manganese, Potassium, & L-Carnitine (120 Capsules)</p><p>$39.95 ($0.33 / Count)</p><a href="https://www.amazon.com/dp/B0B5Y5J6G2?tag=eloabder-20&linkCode=osi&th=1&psc=1">View Product</a></div><div class="product"><a href="https://www.amazon.com/dp/B0013TMWIK?tag=eloabder-20&linkCode=osi&th=1&psc=1"><img src="https://m.media-amazon.com/images/I/41e-17tK4hL._SL500_.jpg" alt="Product Image"></a><p>Caltrate 600 Plus D3 Calcium and Vitamin D Supplement Tablets, Bone Health Supplements for Adults - 200 Count</p><p>$16.78 ($0.08 / Count)</p><a href="https://www.amazon.com/dp/B0013TMWIK?tag=eloabder-20&linkCode=osi&th=1&psc=1">View Product</a></div><div class="product"><a href="https://www.amazon.com/dp/B002IS4GYI?tag=eloabder-20&linkCode=osi&th=1&psc=1"><img src="https://m.media-amazon.com/images/I/51gGC2YQZmL._SL500_.jpg" alt="Product Image"></a><p>Garden of Life Calcium Supplement - Vitamin Code Grow Bone Made with Whole Foods, Strontium, Magnesium, K2 MK7, Vitamin D3 & C Plus Probiotics for Gut Health, 30 Day Supply</p><p>$47.50</p><a href="https://www.amazon.com/dp/B002IS4GYI?tag=eloabder-20&linkCode=osi&th=1&psc=1">View Product</a></div><div class="product"><a href="https://www.amazon.com/dp/B0B1N5Z372?tag=eloabder-20&linkCode=osi&th=1&psc=1"><img src="https://m.media-amazon.com/images/I/41yz7a0Qn5L._SL500_.jpg" alt="Product Image"></a><p>ALGAECAL Plus - Organic Red Algae Calcium Supplement, Vitamin K2 MK7 (100mg), Vitamin D3 (1600 IU), Magnesium (350mg) & Trace Minerals, for Bone Health & Strength, Easy to Swallow, 120 Veggie Caps</p><p>$83.00 ($0.69 / Count)</p><a href="https://www.amazon.com/dp/B0B1N5Z372?tag=eloabder-20&linkCode=osi&th=1&psc=1">View Product</a></div><div class="product"><a href="https://www.amazon.com/dp/B0012ZW8TI?tag=eloabder-20&linkCode=osi&th=1&psc=1"><img src="https://m.media-amazon.com/images/I/31oIwyVZXlL._SL500_.jpg" alt="Product Image"></a><p>THORNE Advanced Bone Support‡ - (Formerly Oscap) - Bone Health Supplement with Calcium and Vitamin D - 120 Capsules</p><p>$25.00 ($0.21 / Count)</p><a href="https://www.amazon.com/dp/B0012ZW8TI?tag=eloabder-20&linkCode=osi&th=1&psc=1">View Product</a></div>
<div class="product"><a href="https://www.amazon.com/dp/B07PN7FB1R?tag=eloabder-20&linkCode=osi&th=1&psc=1"><img src="https://m.media-amazon.com/images/I/515GHvAy+FL._SL500_.jpg" alt="Product Image"></a><p>Physician's CHOICE Probiotics for Weight Management & Bloating - 6 Probiotic Strains - Prebiotics - Key ingredient Cayenne & Green Tea - Supports Gut Health - Weight Management for Women & Men - 30 CT</p><p>$26.98 ($0.90 / Count)</p><a href="https://www.amazon.com/dp/B07PN7FB1R?tag=eloabder-20&linkCode=osi&th=1&psc=1">View Product</a></div><div class="product"><a href="https://www.amazon.com/dp/B01ANSJV80?tag=eloabder-20&linkCode=osi&th=1&psc=1"><img src="https://m.media-amazon.com/images/I/4124WZb3jhL._SL500_.jpg" alt="Product Image"></a><p>Estroven Weight Management for Menopause Relief - 30 Ct. - Clinically Proven Ingredients Help Manage Weight, Provide Night Sweats & Hot Flash Relief - Drug-Free & Gluten-Free Caplets</p><p>$18.68 ($0.62 / Count)</p><a href="https://www.amazon.com/dp/B01ANSJV80?tag=eloabder-20&linkCode=osi&th=1&psc=1">View Product</a></div><div class="product"><a href="https://www.amazon.com/dp/B00027D80A?tag=eloabder-20&linkCode=osi&th=1&psc=1"><img src="https://m.media-amazon.com/images/I/41hpUYe6+cL._SL500_.jpg" alt="Product Image"></a><p>Natrol Carb Intercept with Phase 2 Carb Controller Capsules, White kidney bean extract, Helps control carbs, Helps metabolize fats, Clinically tested, Promotes healthy body weight, 1,000mg, 120 Count</p><p>$23.96 ($0.20 / Count)</p><a href="https://www.amazon.com/dp/B00027D80A?tag=eloabder-20&linkCode=osi&th=1&psc=1">View Product</a></div><div class="product"><a href="https://www.amazon.com/dp/B0CG3SL43Q?tag=eloabder-20&linkCode=osi&th=1&psc=1"><img src="https://m.media-amazon.com/images/I/41THJhLx0IL._SL500_.jpg" alt="Product Image"></a><p>Dr Vitamin Thermogenic Fat Burner Brazilian Lean, Weight Loss Pills for Women, Waist Trimmer & Supplements for Bloating 60 Capsules</p><p>$19.95 ($0.33 / Count)</p><a href="https://www.amazon.com/dp/B0CG3SL43Q?tag=eloabder-20&linkCode=osi&th=1&psc=1">View Product</a></div><div class="product"><a href="https://www.amazon.com/dp/B08ZY8MSMV?tag=eloabder-20&linkCode=osi&th=1&psc=1"><img src="https://m.media-amazon.com/images/I/41vVKSGbgPL._SL500_.jpg" alt="Product Image"></a><p>Bragg Apple Cider Vinegar Capsules - Vitamin D3 & Zinc - 750mg of Acetic Acid – Immune & Weight Management Support - Non-GMO, Vegan, Gluten Free, No Sugar (1)</p><p>$13.99 ($0.16 / Count)</p><a href="https://www.amazon.com/dp/B08ZY8MSMV?tag=eloabder-20&linkCode=osi&th=1&psc=1">View Product</a></div><div class="product"><a href="https://www.amazon.com/dp/B08HHQWBBZ?tag=eloabder-20&linkCode=osi&th=1&psc=1"><img src="https://m.media-amazon.com/images/I/51LeIP217fL._SL500_.jpg" alt="Product Image"></a><p>NutriFlair Premium Berberine HCL 1200mg, 120 Capsules - Plus Pure True Ceylon Cinnamon, Berberine HCI Root Supplements Pills - Immune System, Healthy Weight Management</p><p>$26.99 ($0.22 / Count)</p><a href="https://www.amazon.com/dp/B08HHQWBBZ?tag=eloabder-20&linkCode=osi&th=1&psc=1">View Product</a></div><div class="product"><a href="https://www.amazon.com/dp/B07X1M7DLM?tag=eloabder-20&linkCode=osi&th=1&psc=1"><img src="https://m.media-amazon.com/images/I/51WIhkLkeWL._SL500_.jpg" alt="Product Image"></a><p>MaryRuth Organics Probiotics for Women & Men, with Garcinia Cambogia & Green Tea Extract, Probiotics for Digestive & Gut Health, Vegan, Non-GMO, Gluten Free, 30 Servings</p><p>$28.95 ($0.48 / Count)</p><a href="https://www.amazon.com/dp/B07X1M7DLM?tag=eloabder-20&linkCode=osi&th=1&psc=1">View Product</a></div><div class="product"><a href="https://www.amazon.com/dp/B008KPZLEC?tag=eloabder-20&linkCode=osi&th=1&psc=1"><img src="https://m.media-amazon.com/images/I/312sXW5syeL._SL500_.jpg" alt="Product Image"></a><p>Metabolism - Weight Control Support & Energy Boosting Supplement - Natural Appetite Suppressant - Curbs Cravings - Green Tea, Coffee Bean, Chromium, Cacao & Theobromine - 70 Capsules</p><p>$21.99 ($0.31 / Count)</p><a href="https://www.amazon.com/dp/B008KPZLEC?tag=eloabder-20&linkCode=osi&th=1&psc=1">View Product</a></div><div class="product"><a href="https://www.amazon.com/dp/B072F8HRM1?tag=eloabder-20&linkCode=osi&th=1&psc=1"><img src="https://m.media-amazon.com/images/I/51KS6y-EH7L._SL500_.jpg" alt="Product Image"></a><p>AZO Bladder Control with Go-Less® & Weight Management Dietary Supplement | Helps Reduce Occasional Urgency* | Promotes Healthy Metabolism* | Supports a Good Night’s Sleep* | 48 Capsules</p><p>$21.99 ($0.46 / Count)</p><a href="https://www.amazon.com/dp/B072F8HRM1?tag=eloabder-20&linkCode=osi&th=1&psc=1">View Product</a></div><div class="product"><a href="https://www.amazon.com/dp/B0CYCPG3DM?tag=eloabder-20&linkCode=osi&th=1&psc=1"><img src="https://m.media-amazon.com/images/I/41vkuI2sW7L._SL500_.jpg" alt="Product Image"></a><p>Estroven SlimBiotics, Weight Management Menopause Supplements for Women, 30 Capsules, B Vitamins to Support Metabolic Health, Probiotics for Digestive Health to Provide Gas & Bloating Relief</p><p>$23.99 ($0.80 / Count)</p><a href="https://www.amazon.com/dp/B0CYCPG3DM?tag=eloabder-20&linkCode=osi&th=1&psc=1">View Product</a></div>
<div class="product"><a href="https://www.amazon.com/dp/B00ISAPPLI?tag=eloabder-20&linkCode=osi&th=1&psc=1"><img src="https://m.media-amazon.com/images/I/417-h8k4YML._SL500_.jpg" alt="Product Image"></a><p>Dr. Tobias Colon 14 Day Cleanse, Advanced Gut Cleanse Detox for Women & Men with Cascara Sagrada, Psyllium Husk & Senna Leaf, Non-GMO Colon Cleanse, 28 Capsules 1-2 Daily</p><p>$19.99 ($0.71 / Count)</p><a href="https://www.amazon.com/dp/B00ISAPPLI?tag=eloabder-20&linkCode=osi&th=1&psc=1">View Product</a></div><div class="product"><a href="https://www.amazon.com/dp/B0CLH9BQ22?tag=eloabder-20&linkCode=osi&th=1&psc=1"><img src="https://m.media-amazon.com/images/I/31rR+aA0rBL._SL500_.jpg" alt="Product Image"></a><p>Bella All Natural Extreme Detox Powder - Mango</p><p>$35.00 ($2.48 / Ounce)</p><a href="https://www.amazon.com/dp/B0CLH9BQ22?tag=eloabder-20&linkCode=osi&th=1&psc=1">View Product</a></div><div class="product"><a href="https://www.amazon.com/dp/B095H6GR19?tag=eloabder-20&linkCode=osi&th=1&psc=1"><img src="https://m.media-amazon.com/images/I/41cAOGEXneL._SL500_.jpg" alt="Product Image"></a><p>Colon Cleanser Detox for Weight Flush - 15 Day Intestinal Cleanse Pills & Probiotic - Fast Natural Laxative for Constipation Relief - Bowel Movement Supplements for Stomach Bloating, Gut Loss Support</p><p>$9.95 ($0.33 / Count)</p><a href="https://www.amazon.com/dp/B095H6GR19?tag=eloabder-20&linkCode=osi&th=1&psc=1">View Product</a></div><div class="product"><a href="https://www.amazon.com/dp/B01AVJGHW4?tag=eloabder-20&linkCode=osi&th=1&psc=1"><img src="https://m.media-amazon.com/images/I/51xGQHea+JL._SL500_.jpg" alt="Product Image"></a><p>Century Systems The Cleaner Detox, Powerful 7-Day Complete Internal Cleansing Formula for Men, Support Digestive Health, 52 Vegetarian Capsules</p><p>$11.75 ($0.23 / Count)</p><a href="https://www.amazon.com/dp/B01AVJGHW4?tag=eloabder-20&linkCode=osi&th=1&psc=1">View Product</a></div><div class="product"><a href="https://www.amazon.com/dp/B016BAO0LW?tag=eloabder-20&linkCode=osi&th=1&psc=1"><img src="https://m.media-amazon.com/images/I/41CEuhtv5jL._SL500_.jpg" alt="Product Image"></a><p>Detox Cleanse | Purely Inspired 7 Day Cleanse and Detox Pills | Acai Berry Cleanse | Whole Body Cleanse Detox for Women & Men | Body Detox with Senna Leaf & Digestive Enzymes | 42 Acai Berry Capsules</p><p>$11.23 ($0.27 / Count)</p><a href="https://www.amazon.com/dp/B016BAO0LW?tag=eloabder-20&linkCode=osi&th=1&psc=1">View Product</a></div><div class="product"><a href="https://www.amazon.com/dp/B07D4372Y8?tag=eloabder-20&linkCode=osi&th=1&psc=1"><img src="https://m.media-amazon.com/images/I/41BJ0OX9gML._SL500_.jpg" alt="Product Image"></a><p>Herbal Nitro My Gentle Detox - Fast, Gentle Constipation Relief in 1 Day - All-Natural Colon Cleanse Detox Pills for Women & Men - Helps Reduce Bloating, Gas, Irregularity - 30 Capsules</p><p>$27.97 ($0.93 / Count)</p><a href="https://www.amazon.com/dp/B07D4372Y8?tag=eloabder-20&linkCode=osi&th=1&psc=1">View Product</a></div><div class="product"><a href="https://www.amazon.com/dp/B0C9N21MB9?tag=eloabder-20&linkCode=osi&th=1&psc=1"><img src="https://m.media-amazon.com/images/I/41VtUHf8FIL._SL500_.jpg" alt="Product Image"></a><p>Bronson Liver Detox Advanced Detox & Cleansing Formula Supports Health Liver Function with Milk Thistle, Dandelion Root, Turmeric, Artichoke Leaf & More, Non-GMO, 60 Vegetarian Capsules</p><p>$8.99 ($0.15 / Count)</p><a href="https://www.amazon.com/dp/B0C9N21MB9?tag=eloabder-20&linkCode=osi&th=1&psc=1">View Product</a></div><div class="product"><a href="https://www.amazon.com/dp/B005P0SI36?tag=eloabder-20&linkCode=osi&th=1&psc=1"><img src="https://m.media-amazon.com/images/I/41O6fy3UcdL._SL500_.jpg" alt="Product Image"></a><p>Herbal Clean QCarbo32 Same-Day Premium Detox Drink, Grape Flavor, 32 Fl Oz</p><p>$32.95 ($1.03 / Fl Oz)</p><a href="https://www.amazon.com/dp/B005P0SI36?tag=eloabder-20&linkCode=osi&th=1&psc=1">View Product</a></div><div class="product"><a href="https://www.amazon.com/dp/B001982OBK?tag=eloabder-20&linkCode=osi&th=1&psc=1"><img src="https://m.media-amazon.com/images/I/310UDR061PL._SL500_.jpg" alt="Product Image"></a><p>Detoxify – Mega Clean Herbal Detox Cleanse Drink – Full body cleanse detox for women and men - Same day results - Plus sticker</p><p>$43.99 ($1.37 / Fl Oz)</p><a href="https://www.amazon.com/dp/B001982OBK?tag=eloabder-20&linkCode=osi&th=1&psc=1">View Product</a></div><div class="product"><a href="https://www.amazon.com/dp/B0BZD387D3?tag=eloabder-20&linkCode=osi&th=1&psc=1"><img src="https://m.media-amazon.com/images/I/51OVxGt0+pL._SL500_.jpg" alt="Product Image"></a><p>Complete Body Cleanse - Natural, Healthy Cleansing Support for Liver, Urinary Tract, Kidney, Digestive System - Made in United States - 42 Vegan Caps</p><p>$28.49 ($0.68 / Count)</p><a href="https://www.amazon.com/dp/B0BZD387D3?tag=eloabder-20&linkCode=osi&th=1&psc=1">View Product</a></div>
<div class="product"><a href="https://www.amazon.com/dp/B00ISAPPLI?tag=eloabder-20&linkCode=osi&th=1&psc=1"><img src="https://m.media-amazon.com/images/I/417-h8k4YML._SL500_.jpg" alt="Product Image"></a><p>Dr. Tobias Colon 14 Day Cleanse, Advanced Gut Cleanse Detox for Women & Men with Cascara Sagrada, Psyllium Husk & Senna Leaf, Non-GMO Colon Cleanse, 28 Capsules 1-2 Daily</p><p>$19.99 ($0.71 / Count)</p><a href="https://www.amazon.com/dp/B00ISAPPLI?tag=eloabder-20&linkCode=osi&th=1&psc=1">View Product</a></div><div class="product"><a href="https://www.amazon.com/dp/B08DP57QF5?tag=eloabder-20&linkCode=osi&th=1&psc=1"><img src="https://m.media-amazon.com/images/I/41fG9e3QHeL._SL500_.jpg" alt="Product Image"></a><p>Inno Cleanse - Waist Trimming Complex | Digestive System Support & Aid | Reduced Bloating | Improves Energy Levels | Gluten Free, Vegan Friendly</p><p>$43.99 ($0.73 / Count)</p><a href="https://www.amazon.com/dp/B08DP57QF5?tag=eloabder-20&linkCode=osi&th=1&psc=1">View Product</a></div><div class="product"><a href="https://www.amazon.com/dp/B076QGVCTJ?tag=eloabder-20&linkCode=osi&th=1&psc=1"><img src="https://m.media-amazon.com/images/I/51mTNryXDDL._SL500_.jpg" alt="Product Image"></a><p>CLEANSE on the go - 3 Day Juice Cleanse - Just Add Water - 21 Powder Packets</p><p>$64.95 ($64.95 / Count)</p><a href="https://www.amazon.com/dp/B076QGVCTJ?tag=eloabder-20&linkCode=osi&th=1&psc=1">View Product</a></div><div class="product"><a href="https://www.amazon.com/dp/B0CPVVYG5D?tag=eloabder-20&linkCode=osi&th=1&psc=1"><img src="https://m.media-amazon.com/images/I/41L2n+A9vjL._SL500_.jpg" alt="Product Image"></a><p>Milamiamor 15 Day Cleanse - Gut and Colon Support - Advanced Gut Cleanse Detox for Women & Men with Senna, Cascara Sagrada & Psyllium Husk - Non-GMO - Made in USA - 30 Capsules</p><p>$16.99 ($0.57 / Count)</p><a href="https://www.amazon.com/dp/B0CPVVYG5D?tag=eloabder-20&linkCode=osi&th=1&psc=1">View Product</a></div><div class="product"><a href="https://www.amazon.com/dp/B095H6GR19?tag=eloabder-20&linkCode=osi&th=1&psc=1"><img src="https://m.media-amazon.com/images/I/41cAOGEXneL._SL500_.jpg" alt="Product Image"></a><p>Colon Cleanser Detox for Weight Flush - 15 Day Intestinal Cleanse Pills & Probiotic - Fast Natural Laxative for Constipation Relief - Bowel Movement Supplements for Stomach Bloating, Gut Loss Support</p><p>$9.95 ($0.33 / Count)</p><a href="https://www.amazon.com/dp/B095H6GR19?tag=eloabder-20&linkCode=osi&th=1&psc=1">View Product</a></div><div class="product"><a href="https://www.amazon.com/dp/B01AVJGHW4?tag=eloabder-20&linkCode=osi&th=1&psc=1"><img src="https://m.media-amazon.com/images/I/51xGQHea+JL._SL500_.jpg" alt="Product Image"></a><p>Century Systems The Cleaner Detox, Powerful 7-Day Complete Internal Cleansing Formula for Men, Support Digestive Health, 52 Vegetarian Capsules</p><p>$11.75 ($0.23 / Count)</p><a href="https://www.amazon.com/dp/B01AVJGHW4?tag=eloabder-20&linkCode=osi&th=1&psc=1">View Product</a></div><div class="product"><a href="https://www.amazon.com/dp/B016BAO0LW?tag=eloabder-20&linkCode=osi&th=1&psc=1"><img src="https://m.media-amazon.com/images/I/41CEuhtv5jL._SL500_.jpg" alt="Product Image"></a><p>Detox Cleanse | Purely Inspired 7 Day Cleanse and Detox Pills | Acai Berry Cleanse | Whole Body Cleanse Detox for Women & Men | Body Detox with Senna Leaf & Digestive Enzymes | 42 Acai Berry Capsules</p><p>$11.23 ($0.27 / Count)</p><a href="https://www.amazon.com/dp/B016BAO0LW?tag=eloabder-20&linkCode=osi&th=1&psc=1">View Product</a></div><div class="product"><a href="https://www.amazon.com/dp/B06XJGM923?tag=eloabder-20&linkCode=osi&th=1&psc=1"><img src="https://m.media-amazon.com/images/I/5148-tD3ipL._SL500_.jpg" alt="Product Image"></a><p>3 Day Juice Cleanse by Raw Fountain, All Natural Raw Detox Cleanse, Liquid Juice Diet, Cold Pressed Fruit and Vegetable Juices, Tasty and Energizing, 18 Bottles 12oz, 3 Ginger Shots</p><p>$107.99 ($0.49 / Fl Oz)</p><a href="https://www.amazon.com/dp/B06XJGM923?tag=eloabder-20&linkCode=osi&th=1&psc=1">View Product</a></div><div class="product"><a href="https://www.amazon.com/dp/B077GFFF7L?tag=eloabder-20&linkCode=osi&th=1&psc=1"><img src="https://m.media-amazon.com/images/I/41K6Y+M6IwL._SL500_.jpg" alt="Product Image"></a><p>COUNTRY FARMS Super Cleanse, Super Juice Cleanse, Supports Healthy Digestive System, 34 Fruits and Vegetables with Aloe, Promotes Natural Detoxification, Drink Powder, 14 Servings, 9.88 Ounce</p><p>$15.90 ($1.61 / Ounce)</p><a href="https://www.amazon.com/dp/B077GFFF7L?tag=eloabder-20&linkCode=osi&th=1&psc=1">View Product</a></div><div class="product"><a href="https://www.amazon.com/dp/B000W6N3B0?tag=eloabder-20&linkCode=osi&th=1&psc=1"><img src="https://m.media-amazon.com/images/I/513eRgpwDzL._SL500_.jpg" alt="Product Image"></a><p>Nature's Secret Ultimate Cleanse 2-Part Total Body Detoxification & Elimination Supports Digestion, Wellness, Colon Health & Regularity - Multi-Herb Digestion & Multi-Fiber Cleanse - 240 Tablets</p><p>$26.24 ($0.11 / Count)</p><a href="https://www.amazon.com/dp/B000W6N3B0?tag=eloabder-20&linkCode=osi&th=1&psc=1">View Product</a></div>
<div class="product"><a href="https://www.amazon.com/dp/B0848WCZFM?tag=eloabder-20&linkCode=osi&th=1&psc=1"><img src="https://m.media-amazon.com/images/I/41Rzyzjg2UL._SL500_.jpg" alt="Product Image"></a><p>HealthA2Z Sleep Aid, Diphenhydramine Softgels, 50mg, Supports Deeper, Restful Sleeping, Non Habit-Forming (250 Counts)</p><p>$9.85 ($0.04 / Count)</p><a href="https://www.amazon.com/dp/B0848WCZFM?tag=eloabder-20&linkCode=osi&th=1&psc=1">View Product</a></div><div class="product"><a href="https://www.amazon.com/dp/B079HXLZGY?tag=eloabder-20&linkCode=osi&th=1&psc=1"><img src="https://m.media-amazon.com/images/I/51O0z0rymgL._SL500_.jpg" alt="Product Image"></a><p>Amazon Basic Care Nighttime Sleep Aid Tablets for Adults, Doxylamine Succinate 25 mg, 96 Count</p><p>$12.59 ($0.13 / Count)</p><a href="https://www.amazon.com/dp/B079HXLZGY?tag=eloabder-20&linkCode=osi&th=1&psc=1">View Product</a></div><div class="product"><a href="https://www.amazon.com/dp/B00NJ1BQZA?tag=eloabder-20&linkCode=osi&th=1&psc=1"><img src="https://m.media-amazon.com/images/I/41q8bT3bu0L._SL500_.jpg" alt="Product Image"></a><p>Relaxium Sleep Aid for Adults, Melatonin 5mg with Magnesium Glycinate, Sleep-Promoting Valerest & Ashwagandha, Non-Habit Forming Sleep Supplement, 60 Capsules, 30-Day Supply</p><p>$29.99 ($0.50 / count)</p><a href="https://www.amazon.com/dp/B00NJ1BQZA?tag=eloabder-20&linkCode=osi&th=1&psc=1">View Product</a></div><div class="product"><a href="https://www.amazon.com/dp/B08H766XS8?tag=eloabder-20&linkCode=osi&th=1&psc=1"><img src="https://m.media-amazon.com/images/I/4117Yuu9uhL._SL500_.jpg" alt="Product Image"></a><p>RXZELL Sleep Aid, Diphenhydramine HCl 50mg, 220 Softgels - Fall Asleep Faster, Deeper Restful Sleeping, Non Habit-Forming</p><p>$9.99 ($0.05 / Count)</p><a href="https://www.amazon.com/dp/B08H766XS8?tag=eloabder-20&linkCode=osi&th=1&psc=1">View Product</a></div><div class="product"><a href="https://www.amazon.com/dp/B07BZW88NY?tag=eloabder-20&linkCode=osi&th=1&psc=1"><img src="https://m.media-amazon.com/images/I/51HD9BxwlWL._SL500_.jpg" alt="Product Image"></a><p>Kirkland Signature Sleep Aid, 192 Tablets</p><p>$13.90 ($0.07 / Count)</p><a href="https://www.amazon.com/dp/B07BZW88NY?tag=eloabder-20&linkCode=osi&th=1&psc=1">View Product</a></div><div class="product"><a href="https://www.amazon.com/dp/B099JXNWYL?tag=eloabder-20&linkCode=osi&th=1&psc=1"><img src="https://m.media-amazon.com/images/I/41K+tJ73J2L._SL500_.jpg" alt="Product Image"></a><p>12-in-1 Melatonin Capsules - Melatonin 5mg Natural Sleep Aids for Adults - Magnesium Glycinate 500mg, Ashwagandha, L Theanine, Valerian Root, GABA, 5-HTP, Sleep Supplement for Adults, Pack of 1</p><p>$21.95 ($0.24 / Count)</p><a href="https://www.amazon.com/dp/B099JXNWYL?tag=eloabder-20&linkCode=osi&th=1&psc=1">View Product</a></div><div class="product"><a href="https://www.amazon.com/dp/B07PXT5LYR?tag=eloabder-20&linkCode=osi&th=1&psc=1"><img src="https://m.media-amazon.com/images/I/41Pu3C1zvML._SL500_.jpg" alt="Product Image"></a><p>Nature's Bounty Sleep3 Melatonin 10mg, Maximum Strength 100% Drug Free Sleep Aid, Dietary Supplement, L-Theanine & Nighttime Herbal Blend Time Release Technology, 60 Tri-Layered Tablets</p><p>$13.07 ($0.22 / Count)</p><a href="https://www.amazon.com/dp/B07PXT5LYR?tag=eloabder-20&linkCode=osi&th=1&psc=1">View Product</a></div><div class="product"><a href="https://www.amazon.com/dp/B08Y74HSSH?tag=eloabder-20&linkCode=osi&th=1&psc=1"><img src="https://m.media-amazon.com/images/I/41WtHEKTuML._SL500_.jpg" alt="Product Image"></a><p>ZzzQuil ULTRA, Sleep Aid, Nighttime Sleep Aid, 25 mg Doxylamine Succinate, From Makers of Nyquil, Non- Habit Forming, Fall Asleep Fast, Stay Asleep Longer, 48 Count</p><p>$19.63 ($0.41 / Count)</p><a href="https://www.amazon.com/dp/B08Y74HSSH?tag=eloabder-20&linkCode=osi&th=1&psc=1">View Product</a></div><div class="product"><a href="https://www.amazon.com/dp/B07T26RMVN?tag=eloabder-20&linkCode=osi&th=1&psc=1"><img src="https://m.media-amazon.com/images/I/41CrzdDrPxL._SL500_.jpg" alt="Product Image"></a><p>Rite Aid Natural Sleep Aid Caplets, Diphenhydramine HCl, 25mg - 200 Count | Sleeping Pills for Adults Extra Strength</p><p>$10.99 ($0.05 / Count)</p><a href="https://www.amazon.com/dp/B07T26RMVN?tag=eloabder-20&linkCode=osi&th=1&psc=1">View Product</a></div><div class="product"><a href="https://www.amazon.com/dp/B093ML2TLT?tag=eloabder-20&linkCode=osi&th=1&psc=1"><img src="https://m.media-amazon.com/images/I/41SyoP7FUKL._SL500_.jpg" alt="Product Image"></a><p>A+Health Nighttime Sleep Aid Diphenhydramine 50 mg Softgels Maximum Strength, 160 Count</p><p>$10.99 ($0.07 / Count)</p><a href="https://www.amazon.com/dp/B093ML2TLT?tag=eloabder-20&linkCode=osi&th=1&psc=1">View Product</a></div>
<div class="product"><a href="https://www.amazon.com/dp/B08LQZCR3L?tag=eloabder-20&linkCode=osi&th=1&psc=1"><img src="https://m.media-amazon.com/images/I/41HE+7tML2L._SL500_.jpg" alt="Product Image"></a><p>OLLY Ultra Strength Goodbye Stress Softgels, GABA, Ashwagandha, L-Theanine and Lemon Balm, Stress Relief Supplement - 60 Count</p><p>$18.38 ($0.31 / Count)</p><a href="https://www.amazon.com/dp/B08LQZCR3L?tag=eloabder-20&linkCode=osi&th=1&psc=1">View Product</a></div><div class="product"><a href="https://www.amazon.com/dp/B07PWMXMZ6?tag=eloabder-20&linkCode=osi&th=1&psc=1"><img src="https://m.media-amazon.com/images/I/41VD6DY7HqL._SL500_.jpg" alt="Product Image"></a><p>Nature's Bounty Anxiety & Stress Relief Ashwagandha Ksm-66 Tablets, 50 Count</p><p>$10.98 ($0.22 / Count)</p><a href="https://www.amazon.com/dp/B07PWMXMZ6?tag=eloabder-20&linkCode=osi&th=1&psc=1">View Product</a></div><div class="product"><a href="https://www.amazon.com/dp/B09SR84773?tag=eloabder-20&linkCode=osi&th=1&psc=1"><img src="https://m.media-amazon.com/images/I/41ZCNv-yCrL._SL500_.jpg" alt="Product Image"></a><p>Nature Made Wellblends Stress Relief Gummies, L theanine 200mg to Help Reduce Stress, with GABA 100mg, Same Day Stress Support, 40 Strawberry Flavor Gummies</p><p>$17.85 ($0.45 / Count)</p><a href="https://www.amazon.com/dp/B09SR84773?tag=eloabder-20&linkCode=osi&th=1&psc=1">View Product</a></div><div class="product"><a href="https://www.amazon.com/dp/B01M1HYRNJ?tag=eloabder-20&linkCode=osi&th=1&psc=1"><img src="https://m.media-amazon.com/images/I/41cyJuNhkJL._SL500_.jpg" alt="Product Image"></a><p>OLLY Goodbye Stress Gummy, GABA, L-Theanine, Lemon Balm, Stress Relief Supplement, Berry - 42 Count</p><p>$12.49 ($0.30 / Count)</p><a href="https://www.amazon.com/dp/B01M1HYRNJ?tag=eloabder-20&linkCode=osi&th=1&psc=1">View Product</a></div><div class="product"><a href="https://www.amazon.com/dp/B08VYWSVVF?tag=eloabder-20&linkCode=osi&th=1&psc=1"><img src="https://m.media-amazon.com/images/I/41Ho+8wPa0L._SL500_.jpg" alt="Product Image"></a><p>Boiron StressCalm for Relief of Stress, Anxiousness, Nervousness, Irritability, and Fatigue - 60 Count</p><p>$9.99 ($0.17 / Count)</p><a href="https://www.amazon.com/dp/B08VYWSVVF?tag=eloabder-20&linkCode=osi&th=1&psc=1">View Product</a></div><div class="product"><a href="https://www.amazon.com/dp/B07JDWTDPB?tag=eloabder-20&linkCode=osi&th=1&psc=1"><img src="https://m.media-amazon.com/images/I/41Suhu46BgL._SL500_.jpg" alt="Product Image"></a><p>UpNature Calm Essential Oil Roll On Blend - Self Care Gifts for Women - 100% Natural Relaxation Aromatherapy - Ideal Stocking Stuffers</p><p>$8.98 ($27.21 / Fl Oz)</p><a href="https://www.amazon.com/dp/B07JDWTDPB?tag=eloabder-20&linkCode=osi&th=1&psc=1">View Product</a></div><div class="product"><a href="https://www.amazon.com/dp/B06ZYHJYD5?tag=eloabder-20&linkCode=osi&th=1&psc=1"><img src="https://m.media-amazon.com/images/I/41Ybvou207L._SL500_.jpg" alt="Product Image"></a><p>Organic Ashwagandha 2,100 mg - 100 Vegan Capsules Pure Organic Ashwagandha Powder and Root Extract - Stress Relief, Mood Enhancer</p><p>$16.95 ($0.17 / Count)</p><a href="https://www.amazon.com/dp/B06ZYHJYD5?tag=eloabder-20&linkCode=osi&th=1&psc=1">View Product</a></div><div class="product"><a href="https://www.amazon.com/dp/B0BC5DGWC6?tag=eloabder-20&linkCode=osi&th=1&psc=1"><img src="https://m.media-amazon.com/images/I/41QkZSYQEeL._SL500_.jpg" alt="Product Image"></a><p>Stress Ease Essential Oil Roll On Blend 10ml - Natural Stress Relief Essential Oils Roll-On - Pure Lavender, Geranium and Frankincense Oil Blend - Stress Away - Nexon Botanics</p><p>$9.99 ($30.27 / Fl Oz)</p><a href="https://www.amazon.com/dp/B0BC5DGWC6?tag=eloabder-20&linkCode=osi&th=1&psc=1">View Product</a></div><div class="product"><a href="https://www.amazon.com/dp/B000OC1ETU?tag=eloabder-20&linkCode=osi&th=1&psc=1"><img src="https://m.media-amazon.com/images/I/51tdD9F9O4L._SL500_.jpg" alt="Product Image"></a><p>Bach RESCUE PASTILLES, Orange and Elderflower Flavor, Natural Stress Relief Lozenges, Homeopathic Flower Essence, Vegetarian, Gluten & Sugar-Free, Holiday Stocking Stuffer, 35 Count</p><p>$8.99 ($0.26 / Count)</p><a href="https://www.amazon.com/dp/B000OC1ETU?tag=eloabder-20&linkCode=osi&th=1&psc=1">View Product</a></div>
<div class="product"><a href="https://www.amazon.com/dp/B07PBZRDJN?tag=eloabder-20&linkCode=osi&th=1&psc=1"><img src="https://m.media-amazon.com/images/I/51mpObXjYwL._SL500_.jpg" alt="Product Image"></a><p>NEURIVA Plus Brain Supplement for Memory and Focus Clinically Tested Nootropics for Concentration for Mental Clarity, Cognitive Enhancement Vitamins B6, B12, Phosphatidylserine 30 Capsules</p><p>$39.97 ($1.33 / Count)</p><a href="https://www.amazon.com/dp/B07PBZRDJN?tag=eloabder-20&linkCode=osi&th=1&psc=1">View Product</a></div><div class="product"><a href="https://www.amazon.com/dp/B01JIKQDPS?tag=eloabder-20&linkCode=osi&th=1&psc=1"><img src="https://m.media-amazon.com/images/I/41Ezne379HL._SL500_.jpg" alt="Product Image"></a><p>Nootropics Brain Support Supplement - Mental Focus Nootropic Memory Supplement for Brain Health & and Performance Blend, with Energy and Vitamins DMAE Bacopa and Phosphatidylserine Capsule</p><p>$19.55 ($0.33 / Count)</p><a href="https://www.amazon.com/dp/B01JIKQDPS?tag=eloabder-20&linkCode=osi&th=1&psc=1">View Product</a></div><div class="product"><a href="https://www.amazon.com/dp/B078SJ9F5S?tag=eloabder-20&linkCode=osi&th=1&psc=1"><img src="https://m.media-amazon.com/images/I/41kM5+mO9kL._SL500_.jpg" alt="Product Image"></a><p>Genius Mushroom Supplement - Lions Mane, Cordyceps, Reishi - Brain Nootropic for Energy, Focus, Overall Wellness, & Immune Support, - 90 Veggie Pills</p><p>$21.95 ($0.24 / Count)</p><a href="https://www.amazon.com/dp/B078SJ9F5S?tag=eloabder-20&linkCode=osi&th=1&psc=1">View Product</a></div><div class="product"><a href="https://www.amazon.com/dp/B07Q5DZJTK?tag=eloabder-20&linkCode=osi&th=1&psc=1"><img src="https://m.media-amazon.com/images/I/414Ts8+w+YL._SL500_.jpg" alt="Product Image"></a><p>DR. EMIL NUTRITION 2100mg Organic Lions Mane Supplement Capsules - Focus, Mental Clarity & Cognition - Nootropic Lion's Mane Mushroom Supplement with Organic Lions Mane</p><p>$22.85 ($0.25 / Count)</p><a href="https://www.amazon.com/dp/B07Q5DZJTK?tag=eloabder-20&linkCode=osi&th=1&psc=1">View Product</a></div><div class="product"><a href="https://www.amazon.com/dp/B07H8N5VF6?tag=eloabder-20&linkCode=osi&th=1&psc=1"><img src="https://m.media-amazon.com/images/I/41BPGrNSadL._SL500_.jpg" alt="Product Image"></a><p>OLLY Laser Focus Gummy, Ginseng, Alpha GPC, B Vitamins, Berry Tangerine Flavor - 36 Count</p><p>$12.88 ($0.36 / Count)</p><a href="https://www.amazon.com/dp/B07H8N5VF6?tag=eloabder-20&linkCode=osi&th=1&psc=1">View Product</a></div><div class="product"><a href="https://www.amazon.com/dp/B07RP44QPT?tag=eloabder-20&linkCode=osi&th=1&psc=1"><img src="https://m.media-amazon.com/images/I/414Ge8If89L._SL500_.jpg" alt="Product Image"></a><p>Vital Vitamins Brain Supplements for Memory and Focus - Nootropic Brain Support - Memory, Clarity, Focus, Energy - Vitamin B12, Gingko Biloba, DMAE</p><p>$23.99 ($0.80 / Count)</p><a href="https://www.amazon.com/dp/B07RP44QPT?tag=eloabder-20&linkCode=osi&th=1&psc=1">View Product</a></div><div class="product"><a href="https://www.amazon.com/dp/B0BXTN1V7F?tag=eloabder-20&linkCode=osi&th=1&psc=1"><img src="https://m.media-amazon.com/images/I/513JW5FoUhL._SL500_.jpg" alt="Product Image"></a><p>NEURIVA Ultra Decaffeinated Clinically Tested Nootropic Brain Supplement for Mental Alertness, Memory, Focus & Concentration, Cognivive, Neurofactor, Phosphatidylserine, Vitamins B6 B12, 60 Capsules</p><p>$62.13 ($1.04 / Count)</p><a href="https://www.amazon.com/dp/B0BXTN1V7F?tag=eloabder-20&linkCode=osi&th=1&psc=1">View Product</a></div><div class="product"><a href="https://www.amazon.com/dp/B000WVW6YK?tag=eloabder-20&linkCode=osi&th=1&psc=1"><img src="https://m.media-amazon.com/images/I/418U02yuWpL._SL500_.jpg" alt="Product Image"></a><p>NOW Supplements, True Focus™ with Amino Acids, Ginkgo, DMAE + CoQ10 and Grape Seed Extract , 90 Veg Capsules</p><p>$13.30 ($0.15 / Count)</p><a href="https://www.amazon.com/dp/B000WVW6YK?tag=eloabder-20&linkCode=osi&th=1&psc=1">View Product</a></div><div class="product"><a href="https://www.amazon.com/dp/B0157EJZGI?tag=eloabder-20&linkCode=osi&th=1&psc=1"><img src="https://m.media-amazon.com/images/I/41dkN3unlXL._SL500_.jpg" alt="Product Image"></a><p>Zhou Neuro Peak Brain Support Supplement | Memory, Focus & Clarity Formula | DMAE, Rhodiola Rosea, Bacopa Monnieri, Ginkgo Biloba & More | 30 VegCaps</p><p>$11.82 ($0.39 / Count)</p><a href="https://www.amazon.com/dp/B0157EJZGI?tag=eloabder-20&linkCode=osi&th=1&psc=1">View Product</a></div><div class="product"><a href="https://www.amazon.com/dp/B0C8ZHNVHK?tag=eloabder-20&linkCode=osi&th=1&psc=1"><img src="https://m.media-amazon.com/images/I/51LyeYCadbL._SL500_.jpg" alt="Product Image"></a><p>Switch, Brain Boosting Nootropic Energy Supplement, Increase Mental Focus & Cognitive Function, Enhances Mood & Memory, Alpha GPC, Ashwagandha, Sugar Free Energy Powder-Keto</p><p>$49.99 ($8.91 / Ounce)</p><a href="https://www.amazon.com/dp/B0C8ZHNVHK?tag=eloabder-20&linkCode=osi&th=1&psc=1">View Product</a></div>
<div class="product"><a href="https://www.amazon.com/dp/B09X2CG92L?tag=eloabder-20&linkCode=osi&th=1&psc=1"><img src="https://m.media-amazon.com/images/I/41ebxpgEyDL._SL500_.jpg" alt="Product Image"></a><p>21,800mg Testosterone Booster for Men 8X Strength w. Ashwagandha, Tongkat Ali, Pycnogenol, Tribulus - Total T Male Enhancing Test Libido Booster + Muscle Builder Growth Testosterone Supplement for Men</p><p>$29.95 ($0.33 / Count)</p><a href="https://www.amazon.com/dp/B09X2CG92L?tag=eloabder-20&linkCode=osi&th=1&psc=1">View Product</a></div><div class="product"><a href="https://www.amazon.com/dp/B09W1R4JJ9?tag=eloabder-20&linkCode=osi&th=1&psc=1"><img src="https://m.media-amazon.com/images/I/51FMBwtAQZL._SL500_.jpg" alt="Product Image"></a><p>Force Factor Test X180 Gummies Testosterone Booster for Men with Tongkat Ali, Horny Goat Weed, Tribulus Terrestris, Fenugreek, & Black Maca, Supplement Men, Berry Punch, 60 Gummies, 1-Pack</p><p>$18.80 ($0.31 / Count)</p><a href="https://www.amazon.com/dp/B09W1R4JJ9?tag=eloabder-20&linkCode=osi&th=1&psc=1">View Product</a></div><div class="product"><a href="https://www.amazon.com/dp/B01KE592JU?tag=eloabder-20&linkCode=osi&th=1&psc=1"><img src="https://m.media-amazon.com/images/I/41H9Ng4ybQL._SL500_.jpg" alt="Product Image"></a><p>Multivitamin for Men - Daily Mens Multivitamins & Multiminerals Supplement for Energy, Focus and Performance. Mens Vitamins A, C, D, E & B12, Zinc, Calcium, Magnesium & More. Multi Vitamin Capsules</p><p>$22.97 ($0.38 / Count)</p><a href="https://www.amazon.com/dp/B01KE592JU?tag=eloabder-20&linkCode=osi&th=1&psc=1">View Product</a></div><div class="product"><a href="https://www.amazon.com/dp/B079H53D2B?tag=eloabder-20&linkCode=osi&th=1&psc=1"><img src="https://m.media-amazon.com/images/I/51Y4b2nfCYL._SL500_.jpg" alt="Product Image"></a><p>Physician's Choice Probiotics 60 Billion CFU - 10 Strains + Organic Prebiotics - Immune, Digestive & Gut Health - Supports Occasional Constipation, Diarrhea, Gas & Bloating - for Women & Men - 30ct</p><p>$21.58 ($0.72 / Count)</p><a href="https://www.amazon.com/dp/B079H53D2B?tag=eloabder-20&linkCode=osi&th=1&psc=1">View Product</a></div><div class="product"><a href="https://www.amazon.com/dp/B076PVXYQK?tag=eloabder-20&linkCode=osi&th=1&psc=1"><img src="https://m.media-amazon.com/images/I/51H+gxwn7UL._SL500_.jpg" alt="Product Image"></a><p>Super Strength 1590mg Horny Goat Weed 120 Capsules With Maca Arginine & Ginseng - Naturally Boost your Health, Workout Performance, Endurance & Energy, Joint Health For Men & Women (120C)</p><p>$13.99 ($0.12 / Count)</p><a href="https://www.amazon.com/dp/B076PVXYQK?tag=eloabder-20&linkCode=osi&th=1&psc=1">View Product</a></div><div class="product"><a href="https://www.amazon.com/dp/B07TYRTY26?tag=eloabder-20&linkCode=osi&th=1&psc=1"><img src="https://m.media-amazon.com/images/I/41y0PwcW6EL._SL500_.jpg" alt="Product Image"></a><p>Ancestral Supplements Mofo, Supplements for Men, Support for Test and Energy Levels and Overall Men's Health and Wellness, Non-GMO Grass Fed Beef Organ Supplement with Liver, No Fillers, 180 Capsules</p><p>$62.00 ($0.34 / Count)</p><a href="https://www.amazon.com/dp/B07TYRTY26?tag=eloabder-20&linkCode=osi&th=1&psc=1">View Product</a></div><div class="product"><a href="https://www.amazon.com/dp/B01FKP3Q7S?tag=eloabder-20&linkCode=osi&th=1&psc=1"><img src="https://m.media-amazon.com/images/I/413pONqgwjL._SL500_.jpg" alt="Product Image"></a><p>OLLY Men's Multivitamin Gummy, Vitamins A, C, D, E, B, Zinc, Blackberry Flavor, 45 Day Supply - 90 Count</p><p>$12.49 ($0.14 / Count)</p><a href="https://www.amazon.com/dp/B01FKP3Q7S?tag=eloabder-20&linkCode=osi&th=1&psc=1">View Product</a></div><div class="product"><a href="https://www.amazon.com/dp/B0CLJ62HJN?tag=eloabder-20&linkCode=osi&th=1&psc=1"><img src="https://m.media-amazon.com/images/I/51fzZ1f4aKL._SL500_.jpg" alt="Product Image"></a><p>Probiotics for Men, 500 Billion CFU 12 Strains Mens Probiotic with Turmeric Cranberry & Goji, Gut Health for Men, Probiotics for Men Digestive Health, Bloating, Immune & Overall Health, 30-Day Supply</p><p>$23.90 ($0.40 / Count)</p><a href="https://www.amazon.com/dp/B0CLJ62HJN?tag=eloabder-20&linkCode=osi&th=1&psc=1">View Product</a></div><div class="product"><a href="https://www.amazon.com/dp/B01MQ1JLWY?tag=eloabder-20&linkCode=osi&th=1&psc=1"><img src="https://m.media-amazon.com/images/I/41O5MqjxlDL._SL500_.jpg" alt="Product Image"></a><p>Prime Labs - Men's Testosterone Booster - Stamina, Endurance, & Strength Booster - 60 Caplets</p><p>$21.99 ($0.37 / Count)</p><a href="https://www.amazon.com/dp/B01MQ1JLWY?tag=eloabder-20&linkCode=osi&th=1&psc=1">View Product</a></div><div class="product"><a href="https://www.amazon.com/dp/B0BG94RWYN?tag=eloabder-20&linkCode=osi&th=1&psc=1"><img src="https://m.media-amazon.com/images/I/41k1yrK-eGL._SL500_.jpg" alt="Product Image"></a><p>Sea Moss 3000mg Black Seed Oil 2000mg Ashwagandha 1000mg Turmeric 1000mg Bladderwrack 1000mg Burdock 1000mg & Vitamin C & D3 with Elderberry Manuka Dandelion Yellow Dock Iodine Chlorophyll ACV</p><p>$23.96 ($0.40 / Count)</p><a href="https://www.amazon.com/dp/B0BG94RWYN?tag=eloabder-20&linkCode=osi&th=1&psc=1">View Product</a></div>
<div class="product"><a href="https://www.amazon.com/dp/B0D5FZGY8W?tag=eloabder-20&linkCode=osi&th=1&psc=1"><img src="https://m.media-amazon.com/images/I/51gWW6a+5uL._SL500_.jpg" alt="Product Image"></a><p>URO Vaginal Probiotics for Women pH Balance with Prebiotics & Lactobacillus Probiotic Blend - Women's Vaginal Health Supplement - Promote Healthy Vaginal Odor & Vaginal Flora, 60 Count (Pack of 1)</p><p>$28.79 ($0.48 / Count)</p><a href="https://www.amazon.com/dp/B0D5FZGY8W?tag=eloabder-20&linkCode=osi&th=1&psc=1">View Product</a></div><div class="product"><a href="https://www.amazon.com/dp/B0BL2GM261?tag=eloabder-20&linkCode=osi&th=1&psc=1"><img src="https://m.media-amazon.com/images/I/31nzULQJHwL._SL500_.jpg" alt="Product Image"></a><p>Health by Habit Womens Multi Supplement (60 Capsules) - 23 Essential Vitamins and Minerals, Supports General Health & Wellness, Non-GMO, Sugar Free (1 Pack)</p><p>$10.48 ($0.17 / Count)</p><a href="https://www.amazon.com/dp/B0BL2GM261?tag=eloabder-20&linkCode=osi&th=1&psc=1">View Product</a></div><div class="product"><a href="https://www.amazon.com/dp/B092CS29NR?tag=eloabder-20&linkCode=osi&th=1&psc=1"><img src="https://m.media-amazon.com/images/I/41mHol7tOzL._SL500_.jpg" alt="Product Image"></a><p>OLLY Happy Hoo-Ha Capsules, Probiotic for Women, Vaginal Health and pH Balance, 10 Billion CFU, Gluten Free - 25 Count</p><p>$16.88 ($0.68 / Count)</p><a href="https://www.amazon.com/dp/B092CS29NR?tag=eloabder-20&linkCode=osi&th=1&psc=1">View Product</a></div><div class="product"><a href="https://www.amazon.com/dp/B07B8BSGPL?tag=eloabder-20&linkCode=osi&th=1&psc=1"><img src="https://m.media-amazon.com/images/I/51fhicydrEL._SL500_.jpg" alt="Product Image"></a><p>Physician's Choice Probiotics for Women - PH Balance, Digestive, UT, & Feminine Health - 50 Billion CFU - 6 Unique Strains for Women - Organic Prebiotics, Cranberry Extract+ - Women Probiotic - 30 CT</p><p>$21.58 ($0.72 / Count)</p><a href="https://www.amazon.com/dp/B07B8BSGPL?tag=eloabder-20&linkCode=osi&th=1&psc=1">View Product</a></div><div class="product"><a href="https://www.amazon.com/dp/B014G4AY1A?tag=eloabder-20&linkCode=osi&th=1&psc=1"><img src="https://m.media-amazon.com/images/I/41Sw6ljhdlL._SL500_.jpg" alt="Product Image"></a><p>OLLY Women's Multivitamin Gummy, Vitamins A, D, C, E, Biotin, Folic Acid, Adult Chewable Vitamin, Berry Flavor, 45 Day Supply - 90 Count (Packaging May Vary)</p><p>$11.99 ($0.13 / Count)</p><a href="https://www.amazon.com/dp/B014G4AY1A?tag=eloabder-20&linkCode=osi&th=1&psc=1">View Product</a></div><div class="product"><a href="https://www.amazon.com/dp/B08JHPZVPC?tag=eloabder-20&linkCode=osi&th=1&psc=1"><img src="https://m.media-amazon.com/images/I/31VsL7VAvZL._SL500_.jpg" alt="Product Image"></a><p>Revive MD Women's Health | Vitamin Health Supplement for Women | Hormonal Balancing - Hair, Skin Nail Support</p><p>$39.99 ($0.44 / Count)</p><a href="https://www.amazon.com/dp/B08JHPZVPC?tag=eloabder-20&linkCode=osi&th=1&psc=1">View Product</a></div><div class="product"><a href="https://www.amazon.com/dp/B012RFVHSO?tag=eloabder-20&linkCode=osi&th=1&psc=1"><img src="https://m.media-amazon.com/images/I/51As5g4VfnL._SL500_.jpg" alt="Product Image"></a><p>OLLY Probiotic + Prebiotic Gummy, Digestive Support and Gut Health, 500 Million CFUs, Fiber, Adult Chewable Supplement for Men and Women, Peach, 30 Day Supply - 30 Count</p><p>$12.49 ($0.42 / Count)</p><a href="https://www.amazon.com/dp/B012RFVHSO?tag=eloabder-20&linkCode=osi&th=1&psc=1">View Product</a></div><div class="product"><a href="https://www.amazon.com/dp/B0BL1MXV78?tag=eloabder-20&linkCode=osi&th=1&psc=1"><img src="https://m.media-amazon.com/images/I/31djY+cfT5L._SL500_.jpg" alt="Product Image"></a><p>Health by Habit Libido Blend (60 Capsules) - Natural Aphrodisiac Blend with Maca, Ashwagandha, Vegan, Non-GMO, Sugar-Free (1 Pack)</p><p>$7.57 ($0.13 / Count)</p><a href="https://www.amazon.com/dp/B0BL1MXV78?tag=eloabder-20&linkCode=osi&th=1&psc=1">View Product</a></div><div class="product"><a href="https://www.amazon.com/dp/B006I7AT78?tag=eloabder-20&linkCode=osi&th=1&psc=1"><img src="https://m.media-amazon.com/images/I/41v96+mT7-L._SL500_.jpg" alt="Product Image"></a><p>Nature's Way Women's Probiotic Pearls, Supports Vaginal and Digestive Health*, 1 Billion Live Cultures, No Refrigeration Required, 30 Softgels (Packaging May Vary)</p><p>$11.81 ($0.39 / Count)</p><a href="https://www.amazon.com/dp/B006I7AT78?tag=eloabder-20&linkCode=osi&th=1&psc=1">View Product</a></div>
<div class="product"><a href="https://www.amazon.com/dp/B0BWZTV1V7?tag=eloabder-20&linkCode=osi&th=1&psc=1"><img src="https://m.media-amazon.com/images/I/412B7e7oK+L._SL500_.jpg" alt="Product Image"></a><p>Nature's Bounty Hair Growth Supplement, 1 Per Day, Clinically Shown to Support Thicker, Fuller Hair, with Biotin, Silicon & Arginine, 30 Capsules</p><p>$16.98 ($0.57 / Count)</p><a href="https://www.amazon.com/dp/B0BWZTV1V7?tag=eloabder-20&linkCode=osi&th=1&psc=1">View Product</a></div><div class="product"><a href="https://www.amazon.com/dp/B0CWS5QP8F?tag=eloabder-20&linkCode=osi&th=1&psc=1"><img src="https://m.media-amazon.com/images/I/51qHqbsqtaL._SL500_.jpg" alt="Product Image"></a><p>MaryRuth's Liquid Multivitamin + Lustriva® Hair Growth | Biotin 10000mcg | Vitamin D | B Vitamins | Clinically Tested for Thicker Hair, Wrinkles, Fine Lines, Skin Care | Ages 18+ | 15.22 Fl Oz</p><p>$39.95 ($2.62 / Fl Oz)</p><a href="https://www.amazon.com/dp/B0CWS5QP8F?tag=eloabder-20&linkCode=osi&th=1&psc=1">View Product</a></div><div class="product"><a href="https://www.amazon.com/dp/B07L8KPCFY?tag=eloabder-20&linkCode=osi&th=1&psc=1"><img src="https://m.media-amazon.com/images/I/31NkOtXpn0L._SL500_.jpg" alt="Product Image"></a><p>Hello Lovely! Hair Vitamins Gummy with Biotin 5000 mcg Vitamin E & C Support Hair Growth, Premium Vegetarian Non-GMO, for Stronger Beautiful Hair, Skin & Nails Supplement - 60 Bear Gummies</p><p>$14.92 ($0.25 / Count)</p><a href="https://www.amazon.com/dp/B07L8KPCFY?tag=eloabder-20&linkCode=osi&th=1&psc=1">View Product</a></div><div class="product"><a href="https://www.amazon.com/dp/B08LQZNF8H?tag=eloabder-20&linkCode=osi&th=1&psc=1"><img src="https://m.media-amazon.com/images/I/31dVsgRqciL._SL500_.jpg" alt="Product Image"></a><p>OLLY Ultra Strength Hair Softgels, Supports Hair Health, Biotin, Keratin, Vitamin D, B12, Hair Supplement, 30 Day Supply - 30 Count (Packaging May Vary)</p><p>$19.86 ($0.66 / Count)</p><a href="https://www.amazon.com/dp/B08LQZNF8H?tag=eloabder-20&linkCode=osi&th=1&psc=1">View Product</a></div><div class="product"><a href="https://www.amazon.com/dp/B009SZXM4E?tag=eloabder-20&linkCode=osi&th=1&psc=1"><img src="https://m.media-amazon.com/images/I/418wJuLSwhL._SL500_.jpg" alt="Product Image"></a><p>Nature's Bounty Biotin, Supports Healthy Hair, Skin and Nails, 10,000 mcg, Rapid Release Softgels, 120 Ct</p><p>$9.99 ($0.08 / Count)</p><a href="https://www.amazon.com/dp/B009SZXM4E?tag=eloabder-20&linkCode=osi&th=1&psc=1">View Product</a></div><div class="product"><a href="https://www.amazon.com/dp/B0D2JFRTJY?tag=eloabder-20&linkCode=osi&th=1&psc=1"><img src="https://m.media-amazon.com/images/I/415HdLpj8pL._SL500_.jpg" alt="Product Image"></a><p>InstaRelief® Hair Growth with Lustriva® - Clinically Shown to Grow Thicker, Healthier Hair in 3 Weeks, Reduce Wrinkles and Fine Lines, with Biotin, Silicon, and Arginine, 60 Tablets</p><p>$26.98 ($0.45 / Count)</p><a href="https://www.amazon.com/dp/B0D2JFRTJY?tag=eloabder-20&linkCode=osi&th=1&psc=1">View Product</a></div><div class="product"><a href="https://www.amazon.com/dp/B0072F8D7S?tag=eloabder-20&linkCode=osi&th=1&psc=1"><img src="https://m.media-amazon.com/images/I/41j4CBYG0SL._SL500_.jpg" alt="Product Image"></a><p>Nature's Bounty Advanced Hair, Skin & Nails, Argan-Infused Vitamin Supplement with Biotin and Hyaluronic Acid, 150 Rapid Release Softgels</p><p>$10.99 ($0.07 / Count)</p><a href="https://www.amazon.com/dp/B0072F8D7S?tag=eloabder-20&linkCode=osi&th=1&psc=1">View Product</a></div><div class="product"><a href="https://www.amazon.com/dp/B0D379XS3Z?tag=eloabder-20&linkCode=osi&th=1&psc=1"><img src="https://m.media-amazon.com/images/I/41ZnobZ4taL._SL500_.jpg" alt="Product Image"></a><p>WONDERCOW Hair Skin and Nails Vitamins w/Bovine Colostrum, Collagen, Hyaluronic Acid, Biotin, Zinc, & Lactoferrin┃Supports Faster Hair Growth, Stronger Nails and Glowing Skin (30 Servings, Capsule)</p><p>$39.99 ($0.44 / Count)</p><a href="https://www.amazon.com/dp/B0D379XS3Z?tag=eloabder-20&linkCode=osi&th=1&psc=1">View Product</a></div><div class="product"><a href="https://www.amazon.com/dp/B07FJQ32BG?tag=eloabder-20&linkCode=osi&th=1&psc=1"><img src="https://m.media-amazon.com/images/I/51fT9SGmIyL._SL500_.jpg" alt="Product Image"></a><p>PURE RESEARCH Liquid Biotin & Collagen Hair Growth Drops 60,000mcg - Biotin and Liquid Collagen Supplement for Men & Women - Glowing Skin Support, Healthy Hair & Nail Growth - 2oz</p><p>$21.89 ($10.94 / Fl Oz)</p><a href="https://www.amazon.com/dp/B07FJQ32BG?tag=eloabder-20&linkCode=osi&th=1&psc=1">View Product</a></div>
<div class="product"><a href="https://www.amazon.com/dp/B07FB65182?tag=eloabder-20&linkCode=osi&th=1&psc=1"><img src="https://m.media-amazon.com/images/I/41Dof1D4sQL._SL500_.jpg" alt="Product Image"></a><p>Life Extension Skin Restoring Ceramides - Promotes Hydration & Encourages Healthy Ceramide Levels in Skin - Once-Daily Oral Supplement - Non-GMO, Gluten-Free – 30 Liquid Vegetarian Capsules</p><p>$18.75 ($0.62 / Count)</p><a href="https://www.amazon.com/dp/B07FB65182?tag=eloabder-20&linkCode=osi&th=1&psc=1">View Product</a></div><div class="product"><a href="https://www.amazon.com/dp/B07SRVJBSJ?tag=eloabder-20&linkCode=osi&th=1&psc=1"><img src="https://m.media-amazon.com/images/I/415Fg7XSFDL._SL500_.jpg" alt="Product Image"></a><p>Horbäach Hair Skin and Nails Vitamins | 300 Softgels | with Biotin and Collagen | Infused with Argan Oil and Coconut Oil | Non-GMO, Gluten Free Supplement</p><p>$16.99 ($0.06 / Count)</p><a href="https://www.amazon.com/dp/B07SRVJBSJ?tag=eloabder-20&linkCode=osi&th=1&psc=1">View Product</a></div><div class="product"><a href="https://www.amazon.com/dp/B0072F8D7S?tag=eloabder-20&linkCode=osi&th=1&psc=1"><img src="https://m.media-amazon.com/images/I/41j4CBYG0SL._SL500_.jpg" alt="Product Image"></a><p>Nature's Bounty Advanced Hair, Skin & Nails, Argan-Infused Vitamin Supplement with Biotin and Hyaluronic Acid, 150 Rapid Release Softgels</p><p>$10.99 ($0.07 / Count)</p><a href="https://www.amazon.com/dp/B0072F8D7S?tag=eloabder-20&linkCode=osi&th=1&psc=1">View Product</a></div><div class="product"><a href="https://www.amazon.com/dp/B01F7W03PM?tag=eloabder-20&linkCode=osi&th=1&psc=1"><img src="https://m.media-amazon.com/images/I/41bu2ppNdZL._SL500_.jpg" alt="Product Image"></a><p>OLLY Glowing Skin Gummy, 25 Day Supply (50 Count), Plump Berry, Hyaluronic Acid, Collagen, Sea Buckthorn, Chewable Supplement (Packaging May Vary)</p><p>$12.88 ($0.26 / Count)</p><a href="https://www.amazon.com/dp/B01F7W03PM?tag=eloabder-20&linkCode=osi&th=1&psc=1">View Product</a></div><div class="product"><a href="https://www.amazon.com/dp/B06ZZ5MGYH?tag=eloabder-20&linkCode=osi&th=1&psc=1"><img src="https://m.media-amazon.com/images/I/41ghRQjvjkL._SL500_.jpg" alt="Product Image"></a><p>OLLY Flawless Complexion Gummy, Clear and Healthy Skin Support, Vitamins E, A, Zinc, Chewable Supplement, Berry - 50 Count (Pack of 1)</p><p>$12.88 ($0.26 / Count)</p><a href="https://www.amazon.com/dp/B06ZZ5MGYH?tag=eloabder-20&linkCode=osi&th=1&psc=1">View Product</a></div><div class="product"><a href="https://www.amazon.com/dp/B0D379XS3Z?tag=eloabder-20&linkCode=osi&th=1&psc=1"><img src="https://m.media-amazon.com/images/I/41ZnobZ4taL._SL500_.jpg" alt="Product Image"></a><p>WONDERCOW Hair Skin and Nails Vitamins w/Bovine Colostrum, Collagen, Hyaluronic Acid, Biotin, Zinc, & Lactoferrin┃Supports Faster Hair Growth, Stronger Nails and Glowing Skin (30 Servings, Capsule)</p><p>$39.99 ($0.44 / Count)</p><a href="https://www.amazon.com/dp/B0D379XS3Z?tag=eloabder-20&linkCode=osi&th=1&psc=1">View Product</a></div><div class="product"><a href="https://www.amazon.com/dp/B0B3GBJJGW?tag=eloabder-20&linkCode=osi&th=1&psc=1"><img src="https://m.media-amazon.com/images/I/41h5D2kKYEL._SL500_.jpg" alt="Product Image"></a><p>Collagen Pills 1000mg Biotin 10000mcg Keratin Saw Palmetto 2500mg Hyaluronic Acid - Hair Skin and Nails Vitamins and DHT Blocker with Vitamin E Folic Acid Pumpkin Seed MSM - 90 Count</p><p>$29.95 ($0.33 / Count)</p><a href="https://www.amazon.com/dp/B0B3GBJJGW?tag=eloabder-20&linkCode=osi&th=1&psc=1">View Product</a></div><div class="product"><a href="https://www.amazon.com/dp/B07WZVX3L1?tag=eloabder-20&linkCode=osi&th=1&psc=1"><img src="https://m.media-amazon.com/images/I/41FQaGyTUlL._SL500_.jpg" alt="Product Image"></a><p>Vital Vitamins Collagen for Women & Men - Type I, II, III, V, X Multi Collagen Pills - Grass Fed, Non-GMO - 150 Capsules</p><p>$22.85 ($0.15 / Count)</p><a href="https://www.amazon.com/dp/B07WZVX3L1?tag=eloabder-20&linkCode=osi&th=1&psc=1">View Product</a></div><div class="product"><a href="https://www.amazon.com/dp/B00EEOGIWC?tag=eloabder-20&linkCode=osi&th=1&psc=1"><img src="https://m.media-amazon.com/images/I/41nrfhmSAUL._SL500_.jpg" alt="Product Image"></a><p>Phytoceramides 350mg per softgel - Plant Derived Ceramides for Healthy Skin and Hydration - Non GMO with No Fillers or Synthetic Vitamins - 30 Liquid softgels</p><p>$19.95 ($0.66 / Count)</p><a href="https://www.amazon.com/dp/B00EEOGIWC?tag=eloabder-20&linkCode=osi&th=1&psc=1">View Product</a></div>
<div class="product"><a href="https://www.amazon.com/dp/B00F644LTQ?tag=eloabder-20&linkCode=osi&th=1&psc=1"><img src="https://m.media-amazon.com/images/I/31+v2SZDagL._SL500_.jpg" alt="Product Image"></a><p>Cuccio Naturale Revitalizing- Hydrating Oil For Repaired Cuticles Overnight - Remedy For Damaged Skin And Thin Nails - Paraben /Cruelty-Free Formula - Milk And Honey - 2.5 Oz</p><p>$9.28 ($3.71 / Fl Oz)</p><a href="https://www.amazon.com/dp/B00F644LTQ?tag=eloabder-20&linkCode=osi&th=1&psc=1">View Product</a></div><div class="product"><a href="https://www.amazon.com/dp/B009SZXM4E?tag=eloabder-20&linkCode=osi&th=1&psc=1"><img src="https://m.media-amazon.com/images/I/418wJuLSwhL._SL500_.jpg" alt="Product Image"></a><p>Nature's Bounty Biotin, Supports Healthy Hair, Skin and Nails, 10,000 mcg, Rapid Release Softgels, 120 Ct</p><p>$9.99 ($0.08 / Count)</p><a href="https://www.amazon.com/dp/B009SZXM4E?tag=eloabder-20&linkCode=osi&th=1&psc=1">View Product</a></div><div class="product"><a href="https://www.amazon.com/dp/B0072F8D7S?tag=eloabder-20&linkCode=osi&th=1&psc=1"><img src="https://m.media-amazon.com/images/I/41j4CBYG0SL._SL500_.jpg" alt="Product Image"></a><p>Nature's Bounty Advanced Hair, Skin & Nails, Argan-Infused Vitamin Supplement with Biotin and Hyaluronic Acid, 150 Rapid Release Softgels</p><p>$10.99 ($0.07 / Count)</p><a href="https://www.amazon.com/dp/B0072F8D7S?tag=eloabder-20&linkCode=osi&th=1&psc=1">View Product</a></div><div class="product"><a href="https://www.amazon.com/dp/B00006MMU6?tag=eloabder-20&linkCode=osi&th=1&psc=1"><img src="https://m.media-amazon.com/images/I/41ItG2Bl1RL._SL500_.jpg" alt="Product Image"></a><p>NONYX Fungal Nail Clarifying Gel | Rids Nails of Fungus by Removing Keratin Debris Where Nail Fungus Grows | 90% of Toenails Improved Using this Toenail Fungus Treatment | 4 oz</p><p>$19.98 ($5.00 / Fl Oz)</p><a href="https://www.amazon.com/dp/B00006MMU6?tag=eloabder-20&linkCode=osi&th=1&psc=1">View Product</a></div><div class="product"><a href="https://www.amazon.com/dp/B000EH0NEC?tag=eloabder-20&linkCode=osi&th=1&psc=1"><img src="https://m.media-amazon.com/images/I/41XaFeLycBL._SL500_.jpg" alt="Product Image"></a><p>Nutra Nail 5 to 7 Day Growth Treatment - Fast Keratin Nail Hardener & Nail Strengthener for Thin Nails, Brittle & Damaged (0.47 Fl Oz)</p><p>$14.97 ($31.85 / Fl Oz)</p><a href="https://www.amazon.com/dp/B000EH0NEC?tag=eloabder-20&linkCode=osi&th=1&psc=1">View Product</a></div><div class="product"><a href="https://www.amazon.com/dp/B01D6AQR7A?tag=eloabder-20&linkCode=osi&th=1&psc=1"><img src="https://m.media-amazon.com/images/I/41ot-3xB2JL._SL500_.jpg" alt="Product Image"></a><p>Nature Made Hair Skin and Nails with Biotin 2500 mcg, Dietary Supplement For Healthy Hair Skin and Nails Support, 120 Softgels, 120 Day Supply</p><p>$18.72 ($0.16 / Count)</p><a href="https://www.amazon.com/dp/B01D6AQR7A?tag=eloabder-20&linkCode=osi&th=1&psc=1">View Product</a></div><div class="product"><a href="https://www.amazon.com/dp/B0D354DJQH?tag=eloabder-20&linkCode=osi&th=1&psc=1"><img src="https://m.media-amazon.com/images/I/31Q9PLna2VL._SL500_.jpg" alt="Product Image"></a><p>HABIT Hair, Skin & Nails Supplement (60 Capsules) - New Look, Supports Skin Hydration, Hair & Nail Strength, Biotin 2000mcg, Vitamin A & C, Hyaluronic Acid, Rosehip, Vegan, Non-GMO (1 Pack)</p><p>$7.88 ($0.13 / Count)</p><a href="https://www.amazon.com/dp/B0D354DJQH?tag=eloabder-20&linkCode=osi&th=1&psc=1">View Product</a></div><div class="product"><a href="https://www.amazon.com/dp/B0085FE170?tag=eloabder-20&linkCode=osi&th=1&psc=1"><img src="https://m.media-amazon.com/images/I/41VE8qwdVUL._SL500_.jpg" alt="Product Image"></a><p>Jason Nail Saver, Tea Tree, 0.5 Oz</p><p>$7.21 ($14.42 / Fl Oz)</p><a href="https://www.amazon.com/dp/B0085FE170?tag=eloabder-20&linkCode=osi&th=1&psc=1">View Product</a></div>
<div class="product"><a href="https://www.amazon.com/dp/B07FZ85R1Y?tag=eloabder-20&linkCode=osi&th=1&psc=1"><img src="https://m.media-amazon.com/images/I/51NlAN37ewL._SL500_.jpg" alt="Product Image"></a><p>Areds 2 Eye Vitamins - Lutein, Zeaxanthin & Bilberry Extract - Supports Eye Strain, Dry Eyes, and Vision Health - 2 Award-Winning Clinically Proven Eye Vitamin Ingredients - Carotenoid Blend</p><p>$23.97 ($0.40 / Count)</p><a href="https://www.amazon.com/dp/B07FZ85R1Y?tag=eloabder-20&linkCode=osi&th=1&psc=1">View Product</a></div><div class="product"><a href="https://www.amazon.com/dp/B0C4J8G4SB?tag=eloabder-20&linkCode=osi&th=1&psc=1"><img src="https://m.media-amazon.com/images/I/51VNHCxN5pL._SL500_.jpg" alt="Product Image"></a><p>Eye Health Vitamins with Bilberry 6000mg Lutein & Zeaxanthin 40mg Lycopene 40mg Resveratrol 3000mg Grape Seed Extract 6000mg Omega 3 4000mg Astaxanthin - Eye Vitamin - 60 Capsules</p><p>$29.95 ($0.50 / Count)</p><a href="https://www.amazon.com/dp/B0C4J8G4SB?tag=eloabder-20&linkCode=osi&th=1&psc=1">View Product</a></div><div class="product"><a href="https://www.amazon.com/dp/B00DJUK8IM?tag=eloabder-20&linkCode=osi&th=1&psc=1"><img src="https://m.media-amazon.com/images/I/51LPoH2nRnL._SL500_.jpg" alt="Product Image"></a><p>Ocuvite Eye Vitamin & Mineral Supplement, Contains Zinc, Vitamins C, E, Omega 3, Lutein, & Zeaxanthin, 90 Softgels (Packaging May Vary)</p><p>$23.47 ($0.26 / Count)</p><a href="https://www.amazon.com/dp/B00DJUK8IM?tag=eloabder-20&linkCode=osi&th=1&psc=1">View Product</a></div><div class="product"><a href="https://www.amazon.com/dp/B07LDFC8HG?tag=eloabder-20&linkCode=osi&th=1&psc=1"><img src="https://m.media-amazon.com/images/I/51bsD9T+2AL._SL500_.jpg" alt="Product Image"></a><p>NATURELO Eye Vitamins - AREDS 2 Formula Nutrients with Lutein, Zeaxanthin, Vitamin C, E, Zinc, Plus DHA - Supplement for Dry Eyes, Healthy Vision, Eye Support - 60 Vegan Capsules</p><p>$27.95 ($0.47 / Count)</p><a href="https://www.amazon.com/dp/B07LDFC8HG?tag=eloabder-20&linkCode=osi&th=1&psc=1">View Product</a></div><div class="product"><a href="https://www.amazon.com/dp/B00DJUK8HS?tag=eloabder-20&linkCode=osi&th=1&psc=1"><img src="https://m.media-amazon.com/images/I/51oBE3IVUkL._SL500_.jpg" alt="Product Image"></a><p>PreserVision AREDS 2 Eye Vitamin & Mineral Supplement, Contains Lutein, Vitamin C, Zeaxanthin, Zinc & Vitamin E, 120 Softgels (Packaging May Vary)</p><p>$31.15 ($0.26 / Count)</p><a href="https://www.amazon.com/dp/B00DJUK8HS?tag=eloabder-20&linkCode=osi&th=1&psc=1">View Product</a></div><div class="product"><a href="https://www.amazon.com/dp/B00R1MQYKU?tag=eloabder-20&linkCode=osi&th=1&psc=1"><img src="https://m.media-amazon.com/images/I/411iGreLHaL._SL500_.jpg" alt="Product Image"></a><p>PURE SYNERGY Eye Protector | 100% Natural, Vegan Eye Health Supplement | Advanced Eye Nutrients with Organic Astaxanthin, Lutein, & Zeaxanthin | for Healthy Vision (60 Capsules)</p><p>$40.00 ($0.67 / Count)</p><a href="https://www.amazon.com/dp/B00R1MQYKU?tag=eloabder-20&linkCode=osi&th=1&psc=1">View Product</a></div><div class="product"><a href="https://www.amazon.com/dp/B0CGRYBQ2J?tag=eloabder-20&linkCode=osi&th=1&psc=1"><img src="https://m.media-amazon.com/images/I/51Hxps2kajL._SL500_.jpg" alt="Product Image"></a><p>Garden of Life Herbals Eye Health Supplement with Sunflower & Safflower Oil, Lutein, Zeaxanthin & Black Currant for Dry Eyes & Healthy Vision Support – Non-GMO, Gluten-Free, Berry Flavor, 30 Servings</p><p>$28.20 ($0.94 / Count)</p><a href="https://www.amazon.com/dp/B0CGRYBQ2J?tag=eloabder-20&linkCode=osi&th=1&psc=1">View Product</a></div><div class="product"><a href="https://www.amazon.com/dp/B0D1YTTB7L?tag=eloabder-20&linkCode=osi&th=1&psc=1"><img src="https://m.media-amazon.com/images/I/51Aqqv8Pw-L._SL500_.jpg" alt="Product Image"></a><p>NEW AGE Eye Health Vitamins with Bilberry 6000mg Lutein & Zeaxanthin 40mg Lycopene 40mg Resveratrol 3000mg Grape Seed Extract 6000mg Astaxanthin - Eye Vitamin -120 Count</p><p>$32.95 ($0.27 / Count)</p><a href="https://www.amazon.com/dp/B0D1YTTB7L?tag=eloabder-20&linkCode=osi&th=1&psc=1">View Product</a></div><div class="product"><a href="https://www.amazon.com/dp/B01HFREINK?tag=eloabder-20&linkCode=osi&th=1&psc=1"><img src="https://m.media-amazon.com/images/I/41oabUYNEhL._SL500_.jpg" alt="Product Image"></a><p>Life Extension MacuGuard Ocular Support with Saffron – Eye Health Supplement for Healthy Vision – with lutein, meso-zeaxanthin, zeaxanthin, saffron – Gluten-free, Non-GMO – 60 softgels</p><p>$18.00 ($0.30 / Count)</p><a href="https://www.amazon.com/dp/B01HFREINK?tag=eloabder-20&linkCode=osi&th=1&psc=1">View Product</a></div>
<div class="product"><a href="https://www.amazon.com/dp/B07S1BZXVW?tag=eloabder-20&linkCode=osi&th=1&psc=1"><img src="https://m.media-amazon.com/images/I/41KfCe6maEL._SL500_.jpg" alt="Product Image"></a><p>HealthA2Z® Allergy Relief | Cetirizine 10mg | All Day Allergy Relief | Indoor & Outdoor | Relief from Itchy Throat, Sneezing, Runny Noses (250 Count (Pack of 1))</p><p>$8.75 ($0.04 / Count)</p><a href="https://www.amazon.com/dp/B07S1BZXVW?tag=eloabder-20&linkCode=osi&th=1&psc=1">View Product</a></div><div class="product"><a href="https://www.amazon.com/dp/B074F19XB8?tag=eloabder-20&linkCode=osi&th=1&psc=1"><img src="https://m.media-amazon.com/images/I/412oY-CSVJL._SL500_.jpg" alt="Product Image"></a><p>Amazon Basic Care Complete Allergy Relief, Diphenhydramine HCl 25 mg, Relieves Symptoms, Antihistamine Tablets, 400 Count</p><p>$7.64 ($0.02 / Count)</p><a href="https://www.amazon.com/dp/B074F19XB8?tag=eloabder-20&linkCode=osi&th=1&psc=1">View Product</a></div><div class="product"><a href="https://www.amazon.com/dp/B087CBHR9W?tag=eloabder-20&linkCode=osi&th=1&psc=1"><img src="https://m.media-amazon.com/images/I/41+XRnnkAXL._SL500_.jpg" alt="Product Image"></a><p>HealthA2Z Fexofenadine Hydrochloride 180mg, Antihistamine for Allergy Relief, Non-Drowsy, 24-Hour Antihistamine for Allergy Relief (120 Count (Pack of 1))</p><p>$21.25 ($0.18 / Count)</p><a href="https://www.amazon.com/dp/B087CBHR9W?tag=eloabder-20&linkCode=osi&th=1&psc=1">View Product</a></div><div class="product"><a href="https://www.amazon.com/dp/B00HE66ZUC?tag=eloabder-20&linkCode=osi&th=1&psc=1"><img src="https://m.media-amazon.com/images/I/510MmBSuAfL._SL500_.jpg" alt="Product Image"></a><p>GoodSense Allergy Relief Loratadine Tablets 10 mg, Compare to Claritin, Antihistamine, 24 Hour Allergy Relief, 365 Count</p><p>$12.99 ($0.04 / Count)</p><a href="https://www.amazon.com/dp/B00HE66ZUC?tag=eloabder-20&linkCode=osi&th=1&psc=1">View Product</a></div><div class="product"><a href="https://www.amazon.com/dp/B074F18H5N?tag=eloabder-20&linkCode=osi&th=1&psc=1"><img src="https://m.media-amazon.com/images/I/41SMpawpNjL._SL500_.jpg" alt="Product Image"></a><p>Amazon Basic Care Allergy Relief Loratadine Tablets 10 mg, 300 Count</p><p>$16.72 ($0.06 / Count)</p><a href="https://www.amazon.com/dp/B074F18H5N?tag=eloabder-20&linkCode=osi&th=1&psc=1">View Product</a></div><div class="product"><a href="https://www.amazon.com/dp/B083VVT61S?tag=eloabder-20&linkCode=osi&th=1&psc=1"><img src="https://m.media-amazon.com/images/I/41BJ8O5m3RL._SL500_.jpg" alt="Product Image"></a><p>Amazon Basic Care 24 Hour Allergy Relief, Levocetirizine Dihydrochloride Tablets, 5 mg, Antihistamine, Relieves Sneezing, Runny Nose, Itchy Nose or Throat and Itchy, Watery Eyes, 80 Count</p><p>$16.31 ($0.20 / Count)</p><a href="https://www.amazon.com/dp/B083VVT61S?tag=eloabder-20&linkCode=osi&th=1&psc=1">View Product</a></div><div class="product"><a href="https://www.amazon.com/dp/B087Z6TKD9?tag=eloabder-20&linkCode=osi&th=1&psc=1"><img src="https://m.media-amazon.com/images/I/41hMESBq3wL._SL500_.jpg" alt="Product Image"></a><p>HealthA2Z® Allergy Relief | Loratadine 10mg | Antihistamine | Non-Drowsy | Relief from Itchy Throat, Sneezing, Runny Noses | 24-Hours Allergy Medicine (300 Tablets)</p><p>$12.45 ($0.04 / Count)</p><a href="https://www.amazon.com/dp/B087Z6TKD9?tag=eloabder-20&linkCode=osi&th=1&psc=1">View Product</a></div><div class="product"><a href="https://www.amazon.com/dp/B002ZX8X2C?tag=eloabder-20&linkCode=osi&th=1&psc=1"><img src="https://m.media-amazon.com/images/I/41ZzxDs5LOL._SL500_.jpg" alt="Product Image"></a><p>berkley jensen 24 Hour Allergy Relief (365-Count), 10 mg Cetirizine Hydrochloride Antihistamine - Fast Allergy Medicine for Indoor & Outdoor Allergies, Easy-Swallow Tablets, Compare to Zyrtec</p><p>$15.48 ($0.04 / Count)</p><a href="https://www.amazon.com/dp/B002ZX8X2C?tag=eloabder-20&linkCode=osi&th=1&psc=1">View Product</a></div><div class="product"><a href="https://www.amazon.com/dp/B07KFPLDGB?tag=eloabder-20&linkCode=osi&th=1&psc=1"><img src="https://m.media-amazon.com/images/I/41OAP+hMYjL._SL500_.jpg" alt="Product Image"></a><p>ValuMeds 24-Hour Allergy Medicine (300-Count) Antihistamine for Pollen, Hay Fever, Dry, Itchy Eyes, Allergies | Cetirizine HCl 10mg Caplets, Compare to Zyrtec</p><p>$19.99 ($0.07 / Count)</p><a href="https://www.amazon.com/dp/B07KFPLDGB?tag=eloabder-20&linkCode=osi&th=1&psc=1">View Product</a></div><div class="product"><a href="https://www.amazon.com/dp/B07TBPNT1F?tag=eloabder-20&linkCode=osi&th=1&psc=1"><img src="https://m.media-amazon.com/images/I/41I4wuxq+WL._SL500_.jpg" alt="Product Image"></a><p>Rite Aid Antihistamine Allergy Relief with Diphenhydramine | Allergy Medicine | Easy-to-Swallow Small Tablet Size Allergy Relief | Common Cold & Respiratory Allergy Medication (365 Count)</p><p>$13.99 ($0.04 / Count)</p><a href="https://www.amazon.com/dp/B07TBPNT1F?tag=eloabder-20&linkCode=osi&th=1&psc=1">View Product</a></div>
<div class="product"><a href="https://www.amazon.com/dp/B074F2H9VT?tag=eloabder-20&linkCode=osi&th=1&psc=1"><img src="https://m.media-amazon.com/images/I/31h55XAq3BL._SL500_.jpg" alt="Product Image"></a><p>Amazon Basic Care Extra Strength Pain Relief, Acetaminophen Caplets, 500 mg, 200 Count</p><p>$4.79 ($0.02 / Count)</p><a href="https://www.amazon.com/dp/B074F2H9VT?tag=eloabder-20&linkCode=osi&th=1&psc=1">View Product</a></div><div class="product"><a href="https://www.amazon.com/dp/B0BTMWW333?tag=eloabder-20&linkCode=osi&th=1&psc=1"><img src="https://m.media-amazon.com/images/I/515qvsGXGOL._SL500_.jpg" alt="Product Image"></a><p>Absorbine Jr. PRO Maximum Strength Lidocaine Roll-On for Fast Nerve and Muscle Pain Relief</p><p>$12.97 ($5.19 / Ounce)</p><a href="https://www.amazon.com/dp/B0BTMWW333?tag=eloabder-20&linkCode=osi&th=1&psc=1">View Product</a></div><div class="product"><a href="https://www.amazon.com/dp/B01AB4U6PI?tag=eloabder-20&linkCode=osi&th=1&psc=1"><img src="https://m.media-amazon.com/images/I/41rff0KTJnL._SL500_.jpg" alt="Product Image"></a><p>Salonpas Pain Relieving Patch for Back, Neck, Shoulder, Knee Pain and Muscle Soreness - 8 Hour Pain Relief - 60 Count</p><p>$10.34 ($0.17 / Count)</p><a href="https://www.amazon.com/dp/B01AB4U6PI?tag=eloabder-20&linkCode=osi&th=1&psc=1">View Product</a></div><div class="product"><a href="https://www.amazon.com/dp/B00L45KPG4?tag=eloabder-20&linkCode=osi&th=1&psc=1"><img src="https://m.media-amazon.com/images/I/41H-+cQjC8L._SL500_.jpg" alt="Product Image"></a><p>Bayer Extra Strength 500mg Aspirin Plus Caffeine for Powerful Pain Relief, 200 Coated Caplets</p><p>$17.17 ($0.09 / Count)</p><a href="https://www.amazon.com/dp/B00L45KPG4?tag=eloabder-20&linkCode=osi&th=1&psc=1">View Product</a></div><div class="product"><a href="https://www.amazon.com/dp/B074F297T8?tag=eloabder-20&linkCode=osi&th=1&psc=1"><img src="https://m.media-amazon.com/images/I/41LYjDMDVUL._SL500_.jpg" alt="Product Image"></a><p>Amazon Basic Care Ibuprofen Tablets 200 mg, Pain Reliever/Fever Reducer, Body Aches, Headache, Arthritis Pain Relief and More, 500 Count (Pack of 1)</p><p>$9.01 ($0.02 / Count)</p><a href="https://www.amazon.com/dp/B074F297T8?tag=eloabder-20&linkCode=osi&th=1&psc=1">View Product</a></div><div class="product"><a href="https://www.amazon.com/dp/B01HI7WP0U?tag=eloabder-20&linkCode=osi&th=1&psc=1"><img src="https://m.media-amazon.com/images/I/41W2gWWMMvL._SL500_.jpg" alt="Product Image"></a><p>Tylenol Extra Strength Acetaminophen Rapid Release Gels, Pain Reliever & Fever Reducer, 100 ct</p><p>$10.60 ($0.11 / Count)</p><a href="https://www.amazon.com/dp/B01HI7WP0U?tag=eloabder-20&linkCode=osi&th=1&psc=1">View Product</a></div><div class="product"><a href="https://www.amazon.com/dp/B01LXFEY6H?tag=eloabder-20&linkCode=osi&th=1&psc=1"><img src="https://m.media-amazon.com/images/I/31hLnewBXIL._SL500_.jpg" alt="Product Image"></a><p>Biofreeze Pain Relief Gel, Arthritis Pain Reliver, Knee & Lower Back Pain Relief, Sore Muscle Relief, Neck Pain Relief, Pharmacist Recommended, FSA Eligible, 3 FL OZ Biofreeze Menthol Gel</p><p>$10.03 ($3.34 / Ounce)</p><a href="https://www.amazon.com/dp/B01LXFEY6H?tag=eloabder-20&linkCode=osi&th=1&psc=1">View Product</a></div><div class="product"><a href="https://www.amazon.com/dp/B074F2FSX4?tag=eloabder-20&linkCode=osi&th=1&psc=1"><img src="https://m.media-amazon.com/images/I/41NsmqTCfVL._SL500_.jpg" alt="Product Image"></a><p>Amazon Basic Care Naproxen Sodium Tablets 220 mg, Pain Reliever/Fever Reducer (NSAID), Muscular Aches, Backache, Headache, Toothache, Minor Arthritis Pain Relief and More, 300 Count</p><p>$14.99 ($0.05 / Count)</p><a href="https://www.amazon.com/dp/B074F2FSX4?tag=eloabder-20&linkCode=osi&th=1&psc=1">View Product</a></div><div class="product"><a href="https://www.amazon.com/dp/B0077VYSYY?tag=eloabder-20&linkCode=osi&th=1&psc=1"><img src="https://m.media-amazon.com/images/I/41SHrlfMFdL._SL500_.jpg" alt="Product Image"></a><p>Tylenol 8 Hour Arthritis Pain Tablets with Acetaminophen for Joint Pain, 100 ct</p><p>$9.99 ($0.10 / Count)</p><a href="https://www.amazon.com/dp/B0077VYSYY?tag=eloabder-20&linkCode=osi&th=1&psc=1">View Product</a></div>
<div class="product"><a href="https://www.amazon.com/dp/B000069EYA?tag=eloabder-20&linkCode=osi&th=1&psc=1"><img src="https://m.media-amazon.com/images/I/51aUpEuI0cL._SL500_.jpg" alt="Product Image"></a><p>First Aid Only 299 Piece All-Purpose First Aid Emergency Kit (FAO-442)</p><p>$20.58</p><a href="https://www.amazon.com/dp/B000069EYA?tag=eloabder-20&linkCode=osi&th=1&psc=1">View Product</a></div><div class="product"><a href="https://www.amazon.com/dp/B0B8Z3VD43?tag=eloabder-20&linkCode=osi&th=1&psc=1"><img src="https://m.media-amazon.com/images/I/51ApEh5sEWL._SL500_.jpg" alt="Product Image"></a><p>Car First Aid Kits 275Pcs Survival Gear Home Travel Size Small Emergency Kit Tactical Hiking EVA Camping Essentials Backpack Sports Office Boat Urgent Accident</p><p>$18.99 ($0.07 / Count)</p><a href="https://www.amazon.com/dp/B0B8Z3VD43?tag=eloabder-20&linkCode=osi&th=1&psc=1">View Product</a></div><div class="product"><a href="https://www.amazon.com/dp/B07KRMQ8W6?tag=eloabder-20&linkCode=osi&th=1&psc=1"><img src="https://m.media-amazon.com/images/I/31-2HjYAfiL._SL500_.jpg" alt="Product Image"></a><p>Bactine MAX First Aid Spray - Pain Relief Cleansing Spray with 4% Lidocaine - Numbing Lidocaine Spray Kills 99.9% of Germs - Pain + Itch Relief for Minor Cuts & Scrapes, Burns & Bug Bites - 5oz</p><p>$5.30 ($1.06 / Fl Oz)</p><a href="https://www.amazon.com/dp/B07KRMQ8W6?tag=eloabder-20&linkCode=osi&th=1&psc=1">View Product</a></div><div class="product"><a href="https://www.amazon.com/dp/B08P28JYCR?tag=eloabder-20&linkCode=osi&th=1&psc=1"><img src="https://m.media-amazon.com/images/I/51m0p4thWvL._SL500_.jpg" alt="Product Image"></a><p>First Aid Only OSHA-Compliant All-Purpose 100-Person Emergency First Aid Kit for Home, Work, and Travel, 335 Pieces</p><p>$35.91</p><a href="https://www.amazon.com/dp/B08P28JYCR?tag=eloabder-20&linkCode=osi&th=1&psc=1">View Product</a></div><div class="product"><a href="https://www.amazon.com/dp/B0C9M3VMD5?tag=eloabder-20&linkCode=osi&th=1&psc=1"><img src="https://m.media-amazon.com/images/I/51Ef845LRAL._SL500_.jpg" alt="Product Image"></a><p>Poygik Premium 420 Piece Large First Aid Kit for Home, Car, Travel, Camping, Truck, Hiking, Sports, Office, Vehicle & Outdoor Emergencies - Emergency Medical Kits, Businesses & Home Medical Supplies</p><p>$46.95 ($46.95 / Count)</p><a href="https://www.amazon.com/dp/B0C9M3VMD5?tag=eloabder-20&linkCode=osi&th=1&psc=1">View Product</a></div><div class="product"><a href="https://www.amazon.com/dp/B0CTWC3BMM?tag=eloabder-20&linkCode=osi&th=1&psc=1"><img src="https://m.media-amazon.com/images/I/41ZkaH5xAyL._SL500_.jpg" alt="Product Image"></a><p>Welly First Aid Kit - Adhesive Bandages in Flexible Fabric and Waterproof, Singe Use Ointments (Triple Antibiotic, Cleansing Wipes and Hydrocortisone) - 70 Count</p><p>$13.99 ($0.20 / Count)</p><a href="https://www.amazon.com/dp/B0CTWC3BMM?tag=eloabder-20&linkCode=osi&th=1&psc=1">View Product</a></div><div class="product"><a href="https://www.amazon.com/dp/B01LX9UR77?tag=eloabder-20&linkCode=osi&th=1&psc=1"><img src="https://m.media-amazon.com/images/I/51A7ljiKvAL._SL500_.jpg" alt="Product Image"></a><p>Ever Ready First Aid Self Adherent Cohesive Bandages 3" x 5 Yards - 6 Count, Rainbow Colors</p><p>$9.95 ($1.66 / Count)</p><a href="https://www.amazon.com/dp/B01LX9UR77?tag=eloabder-20&linkCode=osi&th=1&psc=1">View Product</a></div><div class="product"><a href="https://www.amazon.com/dp/B0C17MKP1S?tag=eloabder-20&linkCode=osi&th=1&psc=1"><img src="https://m.media-amazon.com/images/I/41If81FeQFL._SL500_.jpg" alt="Product Image"></a><p>Mini First Aid Kit, 100 Pieces Water-Resistant Hard Shell Small Case - Perfect for Travel, Outdoor, Home, Office, Camping, Hiking, Car (Red)</p><p>$12.99 ($0.13 / Count)</p><a href="https://www.amazon.com/dp/B0C17MKP1S?tag=eloabder-20&linkCode=osi&th=1&psc=1">View Product</a></div>
<div class="product"><a href="https://www.amazon.com/dp/B0019FHWPQ?tag=eloabder-20&linkCode=osi&th=1&psc=1"><img src="https://m.media-amazon.com/images/I/31Qs02lFNDL._SL500_.jpg" alt="Product Image"></a><p>Medline Skintegrity Wound Cleanser, 8 ounce Spray Bottle, for wound cleaning, debridement, removing protein, pressure injuries, infected wounds, spray can be adjusted from mist to stream,White</p><p>$9.99 ($1.25 / Ounce)</p><a href="https://www.amazon.com/dp/B0019FHWPQ?tag=eloabder-20&linkCode=osi&th=1&psc=1">View Product</a></div><div class="product"><a href="https://www.amazon.com/dp/B07KRMQ8W6?tag=eloabder-20&linkCode=osi&th=1&psc=1"><img src="https://m.media-amazon.com/images/I/31-2HjYAfiL._SL500_.jpg" alt="Product Image"></a><p>Bactine MAX First Aid Spray - Pain Relief Cleansing Spray with 4% Lidocaine - Numbing Lidocaine Spray Kills 99.9% of Germs - Pain + Itch Relief for Minor Cuts & Scrapes, Burns & Bug Bites - 5oz</p><p>$5.30 ($1.06 / Fl Oz)</p><a href="https://www.amazon.com/dp/B07KRMQ8W6?tag=eloabder-20&linkCode=osi&th=1&psc=1">View Product</a></div><div class="product"><a href="https://www.amazon.com/dp/B09V3GHJYF?tag=eloabder-20&linkCode=osi&th=1&psc=1"><img src="https://m.media-amazon.com/images/I/41DjaWOgweL._SL500_.jpg" alt="Product Image"></a><p>Absorbine Silver Honey Rapid Wound Repair Ointment 2oz Tube, Medical Grade Manuka Honey & MicroSilver BG</p><p>$23.36 ($11.68 / Ounce)</p><a href="https://www.amazon.com/dp/B09V3GHJYF?tag=eloabder-20&linkCode=osi&th=1&psc=1">View Product</a></div><div class="product"><a href="https://www.amazon.com/dp/B007EBRA6A?tag=eloabder-20&linkCode=osi&th=1&psc=1"><img src="https://m.media-amazon.com/images/I/31XNtfz6-lL._SL500_.jpg" alt="Product Image"></a><p>Improved Medihoney Gel Wound and & Burn Dressing from Derma Sciences, 0.5 oz,</p><p>$7.65 ($15.30 / Fl Oz)</p><a href="https://www.amazon.com/dp/B007EBRA6A?tag=eloabder-20&linkCode=osi&th=1&psc=1">View Product</a></div><div class="product"><a href="https://www.amazon.com/dp/B07FYDFGVD?tag=eloabder-20&linkCode=osi&th=1&psc=1"><img src="https://m.media-amazon.com/images/I/515p26GgPxL._SL500_.jpg" alt="Product Image"></a><p>All Health Wound Care Kit, 40 Items | For Small to Medium Sized Wounds</p><p>$7.41</p><a href="https://www.amazon.com/dp/B07FYDFGVD?tag=eloabder-20&linkCode=osi&th=1&psc=1">View Product</a></div><div class="product"><a href="https://www.amazon.com/dp/B00EC6DE7Y?tag=eloabder-20&linkCode=osi&th=1&psc=1"><img src="https://m.media-amazon.com/images/I/41BlVTkyTCL._SL500_.jpg" alt="Product Image"></a><p>NeilMed Cleanse Sterile Saline Wound Wash, 6.3 Ounce</p><p>$5.98 ($1.00 / Fl Oz)</p><a href="https://www.amazon.com/dp/B00EC6DE7Y?tag=eloabder-20&linkCode=osi&th=1&psc=1">View Product</a></div><div class="product"><a href="https://www.amazon.com/dp/B00164IIUI?tag=eloabder-20&linkCode=osi&th=1&psc=1"><img src="https://m.media-amazon.com/images/I/51vsE2VasGL._SL500_.jpg" alt="Product Image"></a><p>Neosporin Original Antibiotic Ointment, 24-Hour Infection Prevention for Minor Wound, .5 oz</p><p>$4.87 ($9.74 / Ounce)</p><a href="https://www.amazon.com/dp/B00164IIUI?tag=eloabder-20&linkCode=osi&th=1&psc=1">View Product</a></div><div class="product"><a href="https://www.amazon.com/dp/B07964SRBL?tag=eloabder-20&linkCode=osi&th=1&psc=1"><img src="https://m.media-amazon.com/images/I/31BpDfWNr6L._SL500_.jpg" alt="Product Image"></a><p>Be Smart Get Prepared SILVEX Wound Gel</p><p>$8.12 ($16.24 / Ounce)</p><a href="https://www.amazon.com/dp/B07964SRBL?tag=eloabder-20&linkCode=osi&th=1&psc=1">View Product</a></div><div class="product"><a href="https://www.amazon.com/dp/B019660RPG?tag=eloabder-20&linkCode=osi&th=1&psc=1"><img src="https://m.media-amazon.com/images/I/41wsMk2hIZL._SL500_.jpg" alt="Product Image"></a><p>Vashe Wound Solution OTC | Pure Hypochlorous Acid-Preserved Wound Cleanser | Home Wound Care | Non-Cytotoxic and Skin-Neutral pH | 8.5 Fl Oz</p><p>$23.99</p><a href="https://www.amazon.com/dp/B019660RPG?tag=eloabder-20&linkCode=osi&th=1&psc=1">View Product</a></div><div class="product"><a href="https://www.amazon.com/dp/B09N1R2WSS?tag=eloabder-20&linkCode=osi&th=1&psc=1"><img src="https://m.media-amazon.com/images/I/31Y2u8YVFiL._SL500_.jpg" alt="Product Image"></a><p>Band-Aid Brand Pain Relieving Antiseptic Cleansing Spray, Pramoxine HCl, 8 fl. Oz</p><p>$8.48 ($1.06 / Fl Oz)</p><a href="https://www.amazon.com/dp/B09N1R2WSS?tag=eloabder-20&linkCode=osi&th=1&psc=1">View Product</a></div>
<div class="product"><a href="https://www.amazon.com/dp/B0B1N47758?tag=eloabder-20&linkCode=osi&th=1&psc=1"><img src="https://m.media-amazon.com/images/I/517wH3I79AL._SL500_.jpg" alt="Product Image"></a><p>LifeVac Yellow Travel Kit 2 Pack - Portable Suction Rescue Device, First Aid Kit for Kids and Adults, Portable Airway Suction Device for Children and Adults</p><p>$139.99 ($70.00 / Count)</p><a href="https://www.amazon.com/dp/B0B1N47758?tag=eloabder-20&linkCode=osi&th=1&psc=1">View Product</a></div>





<div class="product"><a href="https://www.amazon.com/dp/B08PC8JT3J?tag=eloabder-20&linkCode=osi&th=1&psc=1"><img src="https://m.media-amazon.com/images/I/51idsshbHDL._SL500_.jpg" alt="Product Image"></a><p>Inspire Adult Wet Wipes Adult Wash Cloths, Adult Wipes for Incontinence & Cleansing, 8"x12" 600 Count 12 packs of 50</p><p>$35.99 ($0.06 / Count)</p><a href="https://www.amazon.com/dp/B08PC8JT3J?tag=eloabder-20&linkCode=osi&th=1&psc=1">View Product</a></div><div class="product"><a href="https://www.amazon.com/dp/B09XQ7YPK7?tag=eloabder-20&linkCode=osi&th=1&psc=1"><img src="https://m.media-amazon.com/images/I/41kXzibW-CL._SL500_.jpg" alt="Product Image"></a><p>QuickChange Men's Incontinence Wrap, Maximum Absorbency Catheter Alternative for Males with Reduced Mobility | 17 Ounce Capacity, Adjustable Size, 50-Count</p><p>$59.99 ($1.20 / Count)</p><a href="https://www.amazon.com/dp/B09XQ7YPK7?tag=eloabder-20&linkCode=osi&th=1&psc=1">View Product</a></div><div class="product"><a href="https://www.amazon.com/dp/B093WPMHR6?tag=eloabder-20&linkCode=osi&th=1&psc=1"><img src="https://m.media-amazon.com/images/I/41w8i-oy11L._SL500_.jpg" alt="Product Image"></a><p>Amazon Basics Incontinence & Postpartum Underwear for Women, Maximum Absorbency, Large, 18 Count, Lavender (Previously Solimo)</p><p>$13.74 ($0.76 / Count)</p><a href="https://www.amazon.com/dp/B093WPMHR6?tag=eloabder-20&linkCode=osi&th=1&psc=1">View Product</a></div><div class="product"><a href="https://www.amazon.com/dp/B00JEMQ48C?tag=eloabder-20&linkCode=osi&th=1&psc=1"><img src="https://m.media-amazon.com/images/I/31Em5Ofa3CL._SL500_.jpg" alt="Product Image"></a><p>McKesson Perineal Skin Cleanser, Rinse-Free, Fresh Scent, 8 oz, 1 Count</p><p>$5.40 ($0.68 / Ounce)</p><a href="https://www.amazon.com/dp/B00JEMQ48C?tag=eloabder-20&linkCode=osi&th=1&psc=1">View Product</a></div><div class="product"><a href="https://www.amazon.com/dp/B081VRG3NK?tag=eloabder-20&linkCode=osi&th=1&psc=1"><img src="https://m.media-amazon.com/images/I/51ta38t5qwL._SL500_.jpg" alt="Product Image"></a><p>Chucks Pads Disposable [50-Pack] Underpads 23x36 Incontinence Chux Pads Absorbent Fluff Protective Bed Pads, Pee Pads for Babies, Kids, Adults & Elderly | Puppy Pads Large for Training Leak Proof</p><p>$18.99 ($0.38 / Count)</p><a href="https://www.amazon.com/dp/B081VRG3NK?tag=eloabder-20&linkCode=osi&th=1&psc=1">View Product</a></div><div class="product"><a href="https://www.amazon.com/dp/B0154QEQ4K?tag=eloabder-20&linkCode=osi&th=1&psc=1"><img src="https://m.media-amazon.com/images/I/51T-p8eok-L._SL500_.jpg" alt="Product Image"></a><p>Poise Incontinence Pads & Postpartum Incontinence Pads, 6 Drop Ultimate Absorbency, Long Length, 90 Count, Packaging May Vary</p><p>$45.84 ($0.51 / Count)</p><a href="https://www.amazon.com/dp/B0154QEQ4K?tag=eloabder-20&linkCode=osi&th=1&psc=1">View Product</a></div><div class="product"><a href="https://www.amazon.com/dp/B07VT713MY?tag=eloabder-20&linkCode=osi&th=1&psc=1"><img src="https://m.media-amazon.com/images/I/41cG03xuMgL._SL500_.jpg" alt="Product Image"></a><p>Inspire Waterproof Mattress Protector, Dark Colored to Hide Stains, Extra Large 34 x 54 – Quilted, Bed Pad for Incontinence Washable, for Adults and Kids Reusable Underpad | Waterproof Mattress Pad</p><p>$19.99</p><a href="https://www.amazon.com/dp/B07VT713MY?tag=eloabder-20&linkCode=osi&th=1&psc=1">View Product</a></div><div class="product"><a href="https://www.amazon.com/dp/B07ZJ59SZZ?tag=eloabder-20&linkCode=osi&th=1&psc=1"><img src="https://m.media-amazon.com/images/I/410WNpP4-DL._SL500_.jpg" alt="Product Image"></a><p>Conkote Heavy Absorbency Bed Pads, 34"X36" (4 Pack), Washable and Reusable Incontinence Underpads, Waterproof Sheet and Mattress Protectors</p><p>$27.98 ($7.00 / Count)</p><a href="https://www.amazon.com/dp/B07ZJ59SZZ?tag=eloabder-20&linkCode=osi&th=1&psc=1">View Product</a></div>
<div class="product"><a href="https://www.amazon.com/dp/B000QXH4PK?tag=eloabder-20&linkCode=osi&th=1&psc=1"><img src="https://m.media-amazon.com/images/I/41SXL+-YzcL._SL500_.jpg" alt="Product Image"></a><p>Listerine Cool Mint Pocketpaks Breath Strips Kills Bad Breath Germs, 24-Strip Pack, 3 Pack</p><p>$5.72 ($0.08 / Count)</p><a href="https://www.amazon.com/dp/B000QXH4PK?tag=eloabder-20&linkCode=osi&th=1&psc=1">View Product</a></div><div class="product"><a href="https://www.amazon.com/dp/B07MN8ZD21?tag=eloabder-20&linkCode=osi&th=1&psc=1"><img src="https://m.media-amazon.com/images/I/41k+ga9d6lL._SL500_.jpg" alt="Product Image"></a><p>Shower Body Wipes, 40 Individually Wrapped Personal Hygiene Body Wipes for Women and Men, Keep Clean After Gym Travel Camping Outdoors Sports</p><p>$31.99 ($0.80 / Count)</p><a href="https://www.amazon.com/dp/B07MN8ZD21?tag=eloabder-20&linkCode=osi&th=1&psc=1">View Product</a></div><div class="product"><a href="https://www.amazon.com/dp/B01NAPQ4QP?tag=eloabder-20&linkCode=osi&th=1&psc=1"><img src="https://m.media-amazon.com/images/I/4152qGLcyHL._SL500_.jpg" alt="Product Image"></a><p>DUDE Wipes - Flushable Wipes - 3 Pack, 144 Wipes - Unscented Extra-Large Adult Wet Wipes - Vitamin-E & Aloe - Septic and Sewer Safe</p><p>$8.98 ($0.06 / Count)</p><a href="https://www.amazon.com/dp/B01NAPQ4QP?tag=eloabder-20&linkCode=osi&th=1&psc=1">View Product</a></div><div class="product"><a href="https://www.amazon.com/dp/B07ND52767?tag=eloabder-20&linkCode=osi&th=1&psc=1"><img src="https://m.media-amazon.com/images/I/41XJ-oRrZCL._SL500_.jpg" alt="Product Image"></a><p>Nice 'N Clean Adult Flushable Wipes (3 x 60 Count) | Personal Cleansing Wipes Made from Plant-Based Fibers | Infused with Aloe & Vitamin E</p><p>$8.98 ($4.99 / 100 Sheets)</p><a href="https://www.amazon.com/dp/B07ND52767?tag=eloabder-20&linkCode=osi&th=1&psc=1">View Product</a></div><div class="product"><a href="https://www.amazon.com/dp/B091MBD3Q3?tag=eloabder-20&linkCode=osi&th=1&psc=1"><img src="https://m.media-amazon.com/images/I/51y96dNQUfL._SL500_.jpg" alt="Product Image"></a><p>GuruNanda Stainless Steel Tongue Scraper (Pack of 2), Fight Bad Breath, Medical Grade 100% Stainless Steel Tongue Cleaner, Tongue Scraper For Adults and Kids, Great For Oral Care, Travel Friendly</p><p>$4.97 ($2.48 / Count)</p><a href="https://www.amazon.com/dp/B091MBD3Q3?tag=eloabder-20&linkCode=osi&th=1&psc=1">View Product</a></div><div class="product"><a href="https://www.amazon.com/dp/B07T755C1P?tag=eloabder-20&linkCode=osi&th=1&psc=1"><img src="https://m.media-amazon.com/images/I/41ChCZkZDzL._SL500_.jpg" alt="Product Image"></a><p>Vagisil Feminine Wash for Intimate Area Hygiene, Scentsitive Scents, pH Balanced and Gynecologist Tested, White Jasmine, 12 oz (Pack of 3)</p><p>$12.29 ($0.34 / Fl Oz)</p><a href="https://www.amazon.com/dp/B07T755C1P?tag=eloabder-20&linkCode=osi&th=1&psc=1">View Product</a></div><div class="product"><a href="https://www.amazon.com/dp/B00IRKRK9O?tag=eloabder-20&linkCode=osi&th=1&psc=1"><img src="https://m.media-amazon.com/images/I/51oNh1DLVjL._SL500_.jpg" alt="Product Image"></a><p>TheraBreath Fresh Breath Mouthwash, Icy Mint Flavor, Alcohol-Free, 16 Fl Oz (Pack of 2)</p><p>$15.34 ($0.48 / Fl Oz)</p><a href="https://www.amazon.com/dp/B00IRKRK9O?tag=eloabder-20&linkCode=osi&th=1&psc=1">View Product</a></div><div class="product"><a href="https://www.amazon.com/dp/B0BYSJ59PH?tag=eloabder-20&linkCode=osi&th=1&psc=1"><img src="https://m.media-amazon.com/images/I/41fN7Aq0YsL._SL500_.jpg" alt="Product Image"></a><p>Portable Peri Bottle for Postpartum & Perineal Care: Easy@Home Handheld Bidet Perfect for Personal Hygiene Cleaning & Travel Friendly | 380ml Leakproof & Convenient Design | EPB-01 Purple</p><p>$13.99 ($13.99 / Count)</p><a href="https://www.amazon.com/dp/B0BYSJ59PH?tag=eloabder-20&linkCode=osi&th=1&psc=1">View Product</a></div>
<div class="product"><a href="https://www.amazon.com/dp/B0BK2SC18T?tag=eloabder-20&linkCode=osi&th=1&psc=1"><img src="https://m.media-amazon.com/images/I/51Nxx4BICdL._SL500_.jpg" alt="Product Image"></a><p>GuruNanda Teeth Whitening Strips, 7 Day Treatments, Enamel-Safe Teeth Whitening for Sensitive Teeth, Non-Slip, Dry Strip Technology</p><p>$9.97 ($0.71 / Count)</p><a href="https://www.amazon.com/dp/B0BK2SC18T?tag=eloabder-20&linkCode=osi&th=1&psc=1">View Product</a></div><div class="product"><a href="https://www.amazon.com/dp/B000QXH4PK?tag=eloabder-20&linkCode=osi&th=1&psc=1"><img src="https://m.media-amazon.com/images/I/41SXL+-YzcL._SL500_.jpg" alt="Product Image"></a><p>Listerine Cool Mint Pocketpaks Breath Strips Kills Bad Breath Germs, 24-Strip Pack, 3 Pack</p><p>$5.72 ($0.08 / Count)</p><a href="https://www.amazon.com/dp/B000QXH4PK?tag=eloabder-20&linkCode=osi&th=1&psc=1">View Product</a></div><div class="product"><a href="https://www.amazon.com/dp/B00CC6XSRC?tag=eloabder-20&linkCode=osi&th=1&psc=1"><img src="https://m.media-amazon.com/images/I/41OKKVbMN-L._SL500_.jpg" alt="Product Image"></a><p>Colgate Extra Clean Toothbrush, Medium Bulk Toothbrush Pack, Adult Medium Bristle Toothbrushes with Ergonomic Handle and Circular Cleaning Bristles, Helps Remove Surface Stains, 6 Pack</p><p>$4.96 ($0.83 / Count)</p><a href="https://www.amazon.com/dp/B00CC6XSRC?tag=eloabder-20&linkCode=osi&th=1&psc=1">View Product</a></div><div class="product"><a href="https://www.amazon.com/dp/B091MBD3Q3?tag=eloabder-20&linkCode=osi&th=1&psc=1"><img src="https://m.media-amazon.com/images/I/51y96dNQUfL._SL500_.jpg" alt="Product Image"></a><p>GuruNanda Stainless Steel Tongue Scraper (Pack of 2), Fight Bad Breath, Medical Grade 100% Stainless Steel Tongue Cleaner, Tongue Scraper For Adults and Kids, Great For Oral Care, Travel Friendly</p><p>$4.97 ($2.48 / Count)</p><a href="https://www.amazon.com/dp/B091MBD3Q3?tag=eloabder-20&linkCode=osi&th=1&psc=1">View Product</a></div><div class="product"><a href="https://www.amazon.com/dp/B0758F8KDC?tag=eloabder-20&linkCode=osi&th=1&psc=1"><img src="https://m.media-amazon.com/images/I/51JvxvVlcIL._SL500_.jpg" alt="Product Image"></a><p>TheraBreath Healthy Gums Mouthwash Clean Mint, Antigingivitis, Dentist Formulated, 16 Fl Oz (2-Pack)</p><p>$17.64 ($0.55 / Fl Oz)</p><a href="https://www.amazon.com/dp/B0758F8KDC?tag=eloabder-20&linkCode=osi&th=1&psc=1">View Product</a></div><div class="product"><a href="https://www.amazon.com/dp/B0B2P9YMFG?tag=eloabder-20&linkCode=osi&th=1&psc=1"><img src="https://m.media-amazon.com/images/I/41pSS7wzBYL._SL500_.jpg" alt="Product Image"></a><p>Teeth Whitening Kit Gel Pen Strips - Ollm Specially Formulated for Sensitive Teeth, Gum, Braces Care 32X LED Light Tooth Whitener, Professional Oral Beauty Products Dental Tools 2 Mouth Trays</p><p>$29.99 ($29.99 / Fl Oz)</p><a href="https://www.amazon.com/dp/B0B2P9YMFG?tag=eloabder-20&linkCode=osi&th=1&psc=1">View Product</a></div><div class="product"><a href="https://www.amazon.com/dp/B0BVFXGMLW?tag=eloabder-20&linkCode=osi&th=1&psc=1"><img src="https://m.media-amazon.com/images/I/51yKUfC6wPL._SL500_.jpg" alt="Product Image"></a><p>GuruNanda Coconut Oil Pulling (Mickey D), Fresh Breath & Whitening Mouthwash, 7 Essential Oils & Vitamins for Healthy Teeth & Gums, Alcohol-Free, 8 oz</p><p>$14.99 ($1.87 / Fl Oz)</p><a href="https://www.amazon.com/dp/B0BVFXGMLW?tag=eloabder-20&linkCode=osi&th=1&psc=1">View Product</a></div>            </div>
              
            <!-- Bouton flottant -->
            <button class="floating-button" onclick="window.location.href='https://www.iasmarket.us'">HOME</button>
            <div class="pagination">
            <a href="https://iasmarket.github.io/HealthPersonalCare/1">Back</a>
                  </div>
              
                      <!-- Ajoutez plus de liens si nécessaire -->
                  </div>
                  <script>
                      function updateTime() {
                          const optionsDate = {
                              timeZone: 'America/Los_Angeles',
                              year: 'numeric',
                              month: 'long',
                              day: 'numeric',
                              weekday: 'long'
                          };
                          const optionsTime = {
                              timeZone: 'America/Los_Angeles',
                              hour: '2-digit',
                              minute: '2-digit',
                              second: '2-digit'
                          };
              
                          const now = new Date();
                          const formatterDate = new Intl.DateTimeFormat('en-US', optionsDate);
                          const formatterTime = new Intl.DateTimeFormat('en-US', optionsTime);
              
                          const formattedDate = formatterDate.format(now);
                          const formattedTime = formatterTime.format(now);
              
                          document.getElementById('comment').textContent = "As an AMAZON Associate, I earn from qualifying purchases.";
                          document.getElementById('date').textContent = formattedDate;
                          document.getElementById('time').textContent = formattedTime;
                      }
              
                      updateTime();
                      setInterval(updateTime, 1000);
                  </script>
              </body>
              
              </html>
                      