<!DOCTYPE html>
<html lang="en">

<head>
    <meta charset="UTF-8">
    <meta http-equiv="X-UA-Compatible" content="IE=edge">
    <meta name="viewport" content="width=device-width, initial-scale=1.0">
    <title>Amazon Product Page</title>
    <style>
        body {
            background-color: black;
            color: white;
        }

        .datetime {
            text-align: center;
            color: gray;
        }

        .date, .time {
            font-size: 48px;
        }

        .container {
            display: flex;
            flex-wrap: wrap;
            justify-content: center;
            align-items: center;
            min-height: calc(100vh - 7cm);
        }

        .product {
            width: calc(100% / 4);
            margin-bottom: 20px;
            text-align: center;
            border: 1px solid red;
            border-radius: 10px;
            overflow: hidden;
            padding: 10px;
            display: flex;
            flex-direction: column;
            background-color: black;
            color: white;
        }

        .product .content {
            height: 200px;
            overflow: hidden;
        }

        .product img {
            width: 100%;
            height: auto;
            display: block;
        }

        .product .description {
            margin-top: 10px;
        }

        .product .more-link {
            margin-top: 5px;
            cursor: pointer;
            color: blue;
        }
        .pagination {
            text-align: center;
            margin: 20px 0;
        }

        .pagination a {
            color: white;
            padding: 8px 16px;
            text-decoration: none;
            background-color: gray;
            margin: 0 4px;
            border-radius: 4px;
        }

        .pagination a:hover {
            background-color: #575757;
        }
        @media (min-width: 768px) and (max-width: 991px) {
            .product {
                width: calc(100% / 3);
            }
        }

        @media (max-width: 767px) {
            .product {
                width: 100%;
            }
        }

        /* Style pour le bouton flottant */
        .floating-button {
            position: fixed;
            bottom: 20px;
            right: 20px;
            background-color: red;
            color: white;
            border: none;
            border-radius: 50%;
            width: 60px;
            height: 60px;
            text-align: center;
            font-size: 18px;
            cursor: pointer;
            z-index: 1000;
            box-shadow: 0 4px 8px rgba(0, 0, 0, 0.2);
        }
    </style>
</head>

<body>
    <div class="datetime">
        <div class="date" id="comment"></div>
        <div class="date" id="date"></div>
        <div class="time" id="time"></div>
    </div>

    <div class="container">
      

<div class="product"><a href="https://www.amazon.com/dp/B07FZ85R1Y?tag=eloabder-20&linkCode=osi&th=1&psc=1"><img src="https://m.media-amazon.com/images/I/51NlAN37ewL._SL500_.jpg" alt="Product Image"></a><p>Areds 2 Eye Vitamins - Lutein, Zeaxanthin & Bilberry Extract - Supports Eye Strain, Dry Eyes, and Vision Health - 2 Award-Winning Clinically Proven Eye Vitamin Ingredients - Carotenoid Blend</p><p>$23.97 ($0.40 / Count)</p><a href="https://www.amazon.com/dp/B07FZ85R1Y?tag=eloabder-20&linkCode=osi&th=1&psc=1">View Product</a></div><div class="product"><a href="https://www.amazon.com/dp/B0C4J8G4SB?tag=eloabder-20&linkCode=osi&th=1&psc=1"><img src="https://m.media-amazon.com/images/I/51VNHCxN5pL._SL500_.jpg" alt="Product Image"></a><p>Eye Health Vitamins with Bilberry 6000mg Lutein & Zeaxanthin 40mg Lycopene 40mg Resveratrol 3000mg Grape Seed Extract 6000mg Omega 3 4000mg Astaxanthin - Eye Vitamin - 60 Capsules</p><p>$29.95 ($0.50 / Count)</p><a href="https://www.amazon.com/dp/B0C4J8G4SB?tag=eloabder-20&linkCode=osi&th=1&psc=1">View Product</a></div><div class="product"><a href="https://www.amazon.com/dp/B00DJUK8IM?tag=eloabder-20&linkCode=osi&th=1&psc=1"><img src="https://m.media-amazon.com/images/I/51LPoH2nRnL._SL500_.jpg" alt="Product Image"></a><p>Ocuvite Eye Vitamin & Mineral Supplement, Contains Zinc, Vitamins C, E, Omega 3, Lutein, & Zeaxanthin, 90 Softgels (Packaging May Vary)</p><p>$23.47 ($0.26 / Count)</p><a href="https://www.amazon.com/dp/B00DJUK8IM?tag=eloabder-20&linkCode=osi&th=1&psc=1">View Product</a></div><div class="product"><a href="https://www.amazon.com/dp/B0CGRYBQ2J?tag=eloabder-20&linkCode=osi&th=1&psc=1"><img src="https://m.media-amazon.com/images/I/51Hxps2kajL._SL500_.jpg" alt="Product Image"></a><p>Garden of Life Herbals Eye Health Supplement with Sunflower & Safflower Oil, Lutein, Zeaxanthin & Black Currant for Dry Eyes & Healthy Vision Support – Non-GMO, Gluten-Free, Berry Flavor, 30 Servings</p><p>$28.34 ($0.94 / Count)</p><a href="https://www.amazon.com/dp/B0CGRYBQ2J?tag=eloabder-20&linkCode=osi&th=1&psc=1">View Product</a></div><div class="product"><a href="https://www.amazon.com/dp/B07Y6Q6TFF?tag=eloabder-20&linkCode=osi&th=1&psc=1"><img src="https://m.media-amazon.com/images/I/518zmodQYgL._SL500_.jpg" alt="Product Image"></a><p>UpNourish AREDS 2+ - Advanced Eye Vitamin Supplement for Macular Health and Dry Eye - Lutein, Zeaxanthin, Saffron, Astaxanthin & DHA - Supports Eye Strain, Pressure, Night Vision - 120 softgels</p><p>$24.99 ($0.21 / Count)</p><a href="https://www.amazon.com/dp/B07Y6Q6TFF?tag=eloabder-20&linkCode=osi&th=1&psc=1">View Product</a></div><div class="product"><a href="https://www.amazon.com/dp/B07JNK257G?tag=eloabder-20&linkCode=osi&th=1&psc=1"><img src="https://m.media-amazon.com/images/I/41HuGBuDqaL._SL500_.jpg" alt="Product Image"></a><p>EyeScience Macular Health Beyond AREDS2 Formula, Advanced Ocular Vitamin - Containing Lutein, Zeaxanthin, Bilberry, and Vitamins C, D, E, and B6 (60 Day Supply)</p><p>$54.99 ($0.46 / Count)</p><a href="https://www.amazon.com/dp/B07JNK257G?tag=eloabder-20&linkCode=osi&th=1&psc=1">View Product</a></div><div class="product"><a href="https://www.amazon.com/dp/B007Z4EKQE?tag=eloabder-20&linkCode=osi&th=1&psc=1"><img src="https://m.media-amazon.com/images/I/315eIHyBj6L._SL500_.jpg" alt="Product Image"></a><p>EyePromise Restore Supplement - 60 Softgel Capsules Containing Lutein, Vitamin C, Vitamin D, Vitamin E, Omega-3 Fish Oil, and Zeaxanthin - A Patented Complete Eye Health Formula</p><p>$40.95 ($0.68 / Count)</p><a href="https://www.amazon.com/dp/B007Z4EKQE?tag=eloabder-20&linkCode=osi&th=1&psc=1">View Product</a></div><div class="product"><a href="https://www.amazon.com/dp/B004R66K9I?tag=eloabder-20&linkCode=osi&th=1&psc=1"><img src="https://m.media-amazon.com/images/I/41wdjw9An4L._SL500_.jpg" alt="Product Image"></a><p>Puritan's Pride Lutein 40 Mg with Zeaxanthin, Helps Support Eye Health*, Whole Bean, 60 Ct,</p><p>$8.08 ($0.13 / Count)</p><a href="https://www.amazon.com/dp/B004R66K9I?tag=eloabder-20&linkCode=osi&th=1&psc=1">View Product</a></div>


<div class="product"><a href="https://www.amazon.com/dp/B0C9M3VMD5?tag=eloabder-20&linkCode=osi&th=1&psc=1"><img src="https://m.media-amazon.com/images/I/51Ef845LRAL._SL500_.jpg" alt="Product Image"></a><p>Poygik Premium 420 Piece Large First Aid Kit for Home, Car, Travel, Camping, Truck, Hiking, Sports, Office, Vehicle & Outdoor Emergencies - Emergency Medical Kits, Businesses & Home Medical Supplies</p><p>$46.95 ($46.95 / Count)</p><a href="https://www.amazon.com/dp/B0C9M3VMD5?tag=eloabder-20&linkCode=osi&th=1&psc=1">View Product</a></div><div class="product"><a href="https://www.amazon.com/dp/B08127GKPR?tag=eloabder-20&linkCode=osi&th=1&psc=1"><img src="https://m.media-amazon.com/images/I/51IJV3GwkxL._SL500_.jpg" alt="Product Image"></a><p>Care Science First Aid Kit, 110 Pieces | Professional Use for Travel, Work, School, Home, Car, Survival, Camping, Hiking, and More</p><p>$9.99 ($0.09 / Count)</p><a href="https://www.amazon.com/dp/B08127GKPR?tag=eloabder-20&linkCode=osi&th=1&psc=1">View Product</a></div><div class="product"><a href="https://www.amazon.com/dp/B0B41MYSGP?tag=eloabder-20&linkCode=osi&th=1&psc=1"><img src="https://m.media-amazon.com/images/I/51TXjQQrgWL._SL500_.jpg" alt="Product Image"></a><p>Johnson & Johnson Travel Ready Portable Emergency First Aid Kit for Minor Wound Care with Assorted Adhesive Bandages, Gauze Pads & More, Ideal for Travel, Car & On-The-Go, 80 pc</p><p>$8.16 ($0.10 / Count)</p><a href="https://www.amazon.com/dp/B0B41MYSGP?tag=eloabder-20&linkCode=osi&th=1&psc=1">View Product</a></div><div class="product"><a href="https://www.amazon.com/dp/B006RNSPYM?tag=eloabder-20&linkCode=osi&th=1&psc=1"><img src="https://m.media-amazon.com/images/I/41oaygM+6-L._SL500_.jpg" alt="Product Image"></a><p>First Aid Only 9302-25M 25-Person Contractor's Emergency First Aid Kit for Home Renovation, Job Sites, and Construction Vehicles, 178 Pieces</p><p>$25.59</p><a href="https://www.amazon.com/dp/B006RNSPYM?tag=eloabder-20&linkCode=osi&th=1&psc=1">View Product</a></div><div class="product"><a href="https://www.amazon.com/dp/B07KRMQ8W6?tag=eloabder-20&linkCode=osi&th=1&psc=1"><img src="https://m.media-amazon.com/images/I/31-2HjYAfiL._SL500_.jpg" alt="Product Image"></a><p>Bactine MAX First Aid Spray - Pain Relief Cleansing Spray with 4% Lidocaine - Numbing Lidocaine Spray Kills 99.9% of Germs - Pain + Itch Relief for Minor Cuts & Scrapes, Burns & Bug Bites - 5oz</p><p>$4.42 ($0.88 / Fl Oz)</p><a href="https://www.amazon.com/dp/B07KRMQ8W6?tag=eloabder-20&linkCode=osi&th=1&psc=1">View Product</a></div><div class="product"><a href="https://www.amazon.com/dp/B096X2NK1B?tag=eloabder-20&linkCode=osi&th=1&psc=1"><img src="https://m.media-amazon.com/images/I/41Qyy+jNITL._SL500_.jpg" alt="Product Image"></a><p>330 Piece First Aid Kit, Premium Waterproof Compact Trauma Medical Kits for Any Emergencies, Ideal for Home, Office, Car, Travel, Outdoor, Camping, Hiking, Boating (Red)</p><p>$45.99 ($0.14 / Count)</p><a href="https://www.amazon.com/dp/B096X2NK1B?tag=eloabder-20&linkCode=osi&th=1&psc=1">View Product</a></div><div class="product"><a href="https://www.amazon.com/dp/B00164IIUI?tag=eloabder-20&linkCode=osi&th=1&psc=1"><img src="https://m.media-amazon.com/images/I/51vsE2VasGL._SL500_.jpg" alt="Product Image"></a><p>Neosporin Original First Aid Antibiotic Ointment with Bacitracin Zinc For Infection Protection, Wound Care Treatment & Scar Appearance Minimizer for Minor Cuts, Scrapes and Burns,.5 oz</p><p>$4.87 ($9.74 / Ounce)</p><a href="https://www.amazon.com/dp/B00164IIUI?tag=eloabder-20&linkCode=osi&th=1&psc=1">View Product</a></div><div class="product"><a href="https://www.amazon.com/dp/B0C17MKP1S?tag=eloabder-20&linkCode=osi&th=1&psc=1"><img src="https://m.media-amazon.com/images/I/41If81FeQFL._SL500_.jpg" alt="Product Image"></a><p>Mini First Aid Kit, 100 Pieces Water-Resistant Hard Shell Small Case - Perfect for Travel, Outdoor, Home, Office, Camping, Hiking, Car (Red)</p><p>$12.99 ($0.13 / Count)</p><a href="https://www.amazon.com/dp/B0C17MKP1S?tag=eloabder-20&linkCode=osi&th=1&psc=1">View Product</a></div>
<div class="product"><a href="https://www.amazon.com/dp/B007EBRA6A?tag=eloabder-20&linkCode=osi&th=1&psc=1"><img src="https://m.media-amazon.com/images/I/31XNtfz6-lL._SL500_.jpg" alt="Product Image"></a><p>Improved Medihoney Gel Wound and & Burn Dressing from Derma Sciences, 0.5 oz,</p><p>$7.99 ($15.98 / Fl Oz)</p><a href="https://www.amazon.com/dp/B007EBRA6A?tag=eloabder-20&linkCode=osi&th=1&psc=1">View Product</a></div><div class="product"><a href="https://www.amazon.com/dp/B07964SRBL?tag=eloabder-20&linkCode=osi&th=1&psc=1"><img src="https://m.media-amazon.com/images/I/31BpDfWNr6L._SL500_.jpg" alt="Product Image"></a><p>Be Smart Get Prepared SILVEX Wound Gel</p><p>$8.12 ($16.24 / Ounce)</p><a href="https://www.amazon.com/dp/B07964SRBL?tag=eloabder-20&linkCode=osi&th=1&psc=1">View Product</a></div><div class="product"><a href="https://www.amazon.com/dp/B00N2VOLF4?tag=eloabder-20&linkCode=osi&th=1&psc=1"><img src="https://m.media-amazon.com/images/I/31k3xbO6c2L._SL500_.jpg" alt="Product Image"></a><p>terrasil Wound Care 3X - Healing Ointment for Cuts, Burns, Blisters, Rashes, Scars, Bed Sores, & Diabetic Ulcers. Natural Skin Care Treatment, Dermatologist-Tested, Hypoallergenic Approved (.5oz)</p><p>$24.00 ($48.98 / Ounce)</p><a href="https://www.amazon.com/dp/B00N2VOLF4?tag=eloabder-20&linkCode=osi&th=1&psc=1">View Product</a></div><div class="product"><a href="https://www.amazon.com/dp/B019660RPG?tag=eloabder-20&linkCode=osi&th=1&psc=1"><img src="https://m.media-amazon.com/images/I/41wsMk2hIZL._SL500_.jpg" alt="Product Image"></a><p>Vashe Wound Solution OTC | Pure Hypochlorous Acid-Preserved Wound Cleanser | Home Wound Care | Non-Cytotoxic and Skin-Neutral pH | 8.5 Fl Oz</p><p>$23.99</p><a href="https://www.amazon.com/dp/B019660RPG?tag=eloabder-20&linkCode=osi&th=1&psc=1">View Product</a></div><div class="product"><a href="https://www.amazon.com/dp/B09V3GHJYF?tag=eloabder-20&linkCode=osi&th=1&psc=1"><img src="https://m.media-amazon.com/images/I/41DjaWOgweL._SL500_.jpg" alt="Product Image"></a><p>Absorbine Silver Honey Rapid Wound Repair Ointment 2oz Tube, Medical Grade Manuka Honey & MicroSilver BG</p><p>$23.36 ($11.68 / Ounce)</p><a href="https://www.amazon.com/dp/B09V3GHJYF?tag=eloabder-20&linkCode=osi&th=1&psc=1">View Product</a></div><div class="product"><a href="https://www.amazon.com/dp/B00EC6DE7Y?tag=eloabder-20&linkCode=osi&th=1&psc=1"><img src="https://m.media-amazon.com/images/I/41BlVTkyTCL._SL500_.jpg" alt="Product Image"></a><p>NeilMed Cleanse Sterile Saline Wound Wash, 6.3 Ounce</p><p>$5.98 ($1.00 / Fl Oz)</p><a href="https://www.amazon.com/dp/B00EC6DE7Y?tag=eloabder-20&linkCode=osi&th=1&psc=1">View Product</a></div><div class="product"><a href="https://www.amazon.com/dp/B07FYDFGVD?tag=eloabder-20&linkCode=osi&th=1&psc=1"><img src="https://m.media-amazon.com/images/I/515p26GgPxL._SL500_.jpg" alt="Product Image"></a><p>All Health Wound Care Kit, 40 Items | For Small to Medium Sized Wounds</p><p>$7.47</p><a href="https://www.amazon.com/dp/B07FYDFGVD?tag=eloabder-20&linkCode=osi&th=1&psc=1">View Product</a></div><div class="product"><a href="https://www.amazon.com/dp/B0019FHWPQ?tag=eloabder-20&linkCode=osi&th=1&psc=1"><img src="https://m.media-amazon.com/images/I/31Qs02lFNDL._SL500_.jpg" alt="Product Image"></a><p>Medline Skintegrity Wound Cleanser, 8 ounce Spray Bottle, for wound cleaning, debridement, removing protein, pressure injuries, infected wounds, spray can be adjusted from mist to stream,White</p><p>$9.99 ($1.25 / Ounce)</p><a href="https://www.amazon.com/dp/B0019FHWPQ?tag=eloabder-20&linkCode=osi&th=1&psc=1">View Product</a></div>
<div class="product"><a href="https://www.amazon.com/dp/B0B1N47758?tag=eloabder-20&linkCode=osi&th=1&psc=1"><img src="https://m.media-amazon.com/images/I/517wH3I79AL._SL500_.jpg" alt="Product Image"></a><p>LifeVac Yellow Travel Kit 2 Pack - Portable Suction Rescue Device, First Aid Kit for Kids and Adults, Portable Airway Suction Device for Children and Adults</p><p>$139.99 ($70.00 / Count)</p><a href="https://www.amazon.com/dp/B0B1N47758?tag=eloabder-20&linkCode=osi&th=1&psc=1">View Product</a></div>



<div class="product"><a href="https://www.amazon.com/dp/B0CZ6PVVSP?tag=eloabder-20&linkCode=osi&th=1&psc=1"><img src="https://m.media-amazon.com/images/I/41Edr6RdDDL._SL500_.jpg" alt="Product Image"></a><p>Nieteyrue Updated Vaginial Cream Applicators (40 Packs) Disposable Dosage Markings Plastic Individually Wrapped Fit to Most Cream, Gels, Lub-ric-ants, Feminine Care Vaginial Applicators</p><p>$16.99 ($0.42 / Count)</p><a href="https://www.amazon.com/dp/B0CZ6PVVSP?tag=eloabder-20&linkCode=osi&th=1&psc=1">View Product</a></div><div class="product"><a href="https://www.amazon.com/dp/B0D2L35LLP?tag=eloabder-20&linkCode=osi&th=1&psc=1"><img src="https://m.media-amazon.com/images/I/41SAiDtZfHL._SL500_.jpg" alt="Product Image"></a><p>(16 Pcs) Hearing Aid Wax Guard Filter for Starkey Prowax Minifit Hear Clear Accessories,Starkey Prowax Filters(1.5mm) Hearing Aids Supplies,Ear Replacement Parts Cleaning Kit Tool（2 Pack）</p><p>$7.99 ($0.50 / Count)</p><a href="https://www.amazon.com/dp/B0D2L35LLP?tag=eloabder-20&linkCode=osi&th=1&psc=1">View Product</a></div>
<div class="product"><a href="https://www.amazon.com/dp/B0CDZJ9JJC?tag=eloabder-20&linkCode=osi&th=1&psc=1"><img src="https://m.media-amazon.com/images/I/51eaQ4M7l3L._SL500_.jpg" alt="Product Image"></a><p>Charmin Ultra Soft Toilet Paper 6 Mega Rolls = 24 Regular Rolls</p><p>$7.97 ($0.59 / 100 Sheets)</p><a href="https://www.amazon.com/dp/B0CDZJ9JJC?tag=eloabder-20&linkCode=osi&th=1&psc=1">View Product</a></div><div class="product"><a href="https://www.amazon.com/dp/B07BGLT25K?tag=eloabder-20&linkCode=osi&th=1&psc=1"><img src="https://m.media-amazon.com/images/I/51E4cTD1y1L._SL500_.jpg" alt="Product Image"></a><p>Scott ComfortPlus Toilet Paper, 12 Double Rolls, 231 Sheets per Roll, Septic-Safe, 1-Ply Toilet Tissue</p><p>$5.99 ($0.22 / 100 Sheets)</p><a href="https://www.amazon.com/dp/B07BGLT25K?tag=eloabder-20&linkCode=osi&th=1&psc=1">View Product</a></div><div class="product"><a href="https://www.amazon.com/dp/B0CKK43XXS?tag=eloabder-20&linkCode=osi&th=1&psc=1"><img src="https://m.media-amazon.com/images/I/51H5mXFgbsL._SL500_.jpg" alt="Product Image"></a><p>Scott Paper Towels, Choose-A-Sheet, 6 Double Rolls = 12 Regular Rolls (100 Sheets Per Roll)</p><p>$6.84 ($1.14 / 100 Sheets)</p><a href="https://www.amazon.com/dp/B0CKK43XXS?tag=eloabder-20&linkCode=osi&th=1&psc=1">View Product</a></div><div class="product"><a href="https://www.amazon.com/dp/B0BB3JGBH5?tag=eloabder-20&linkCode=osi&th=1&psc=1"><img src="https://m.media-amazon.com/images/I/51qDQ2GH7sL._SL500_.jpg" alt="Product Image"></a><p>Quilted Northern Ultra Plush Toilet Paper, 6 Mega Rolls = 24 Regular Rolls, 3X Thicker*, 3 Ply Soft Toilet Tissue</p><p>$6.98 ($0.46 / 100 Sheets)</p><a href="https://www.amazon.com/dp/B0BB3JGBH5?tag=eloabder-20&linkCode=osi&th=1&psc=1">View Product</a></div><div class="product"><a href="https://www.amazon.com/dp/B09NW81TH8?tag=eloabder-20&linkCode=osi&th=1&psc=1"><img src="https://m.media-amazon.com/images/I/31qATnww2+L._SL500_.jpg" alt="Product Image"></a><p>Angel Soft Toilet Paper, 16 Mega Rolls = 64 Regular Rolls, Soft and Strong Toilet Tissue</p><p>$12.49 ($0.24 / 100 Sheets)</p><a href="https://www.amazon.com/dp/B09NW81TH8?tag=eloabder-20&linkCode=osi&th=1&psc=1">View Product</a></div><div class="product"><a href="https://www.amazon.com/dp/B0CH8LDMMS?tag=eloabder-20&linkCode=osi&th=1&psc=1"><img src="https://m.media-amazon.com/images/I/51nChMBC32L._SL500_.jpg" alt="Product Image"></a><p>AIDEA Laundry Detergent Sheets, Eco-Friendly Laundry Detergent, Washer Sheets Detergent, No Plastic Jug, Laundry Soap Sheets For Travel, Home Washing, Fresh Scent-(160 Loads) 80 Sheets</p><p>$6.99 ($0.04 / Load)</p><a href="https://www.amazon.com/dp/B0CH8LDMMS?tag=eloabder-20&linkCode=osi&th=1&psc=1">View Product</a></div>
<div class="product"><a href="https://www.amazon.com/dp/B086PHR52V?tag=eloabder-20&linkCode=osi&th=1&psc=1"><img src="https://m.media-amazon.com/images/I/519QOCq89xL._SL500_.jpg" alt="Product Image"></a><p>Viva Naturals Elderberry with Vitamin C and Zinc for Adults - 5 in 1 Sambucus Black Elderberry Capsules with Vitamin D3 5000 IU, Elderberries Immune Support Supplement 2 Months Supply Pills</p><p>$24.95 ($0.21 / Count)</p><a href="https://www.amazon.com/dp/B086PHR52V?tag=eloabder-20&linkCode=osi&th=1&psc=1">View Product</a></div><div class="product"><a href="https://www.amazon.com/dp/B08RPB34NR?tag=eloabder-20&linkCode=osi&th=1&psc=1"><img src="https://m.media-amazon.com/images/I/51GlheVabKL._SL500_.jpg" alt="Product Image"></a><p>8 in 1 Immune Support Booster Supplement with Echinacea, Vitamin C and Zinc 50mg, Vitamin D 5000 IU, Turmeric Curcumin & Ginger, B6, Elderberry 120 Count (Pack of 2)</p><p>$27.95 ($0.23 / Count)</p><a href="https://www.amazon.com/dp/B08RPB34NR?tag=eloabder-20&linkCode=osi&th=1&psc=1">View Product</a></div><div class="product"><a href="https://www.amazon.com/dp/B07JGW2JKF?tag=eloabder-20&linkCode=osi&th=1&psc=1"><img src="https://m.media-amazon.com/images/I/412JKfC+qLL._SL500_.jpg" alt="Product Image"></a><p>Amazon Basics Adult Multivitamin, 150 Gummies, 75-Day Supply, Mixed Berry & Cherry (Previously Solimo)</p><p>$8.42 ($0.06 / Count)</p><a href="https://www.amazon.com/dp/B07JGW2JKF?tag=eloabder-20&linkCode=osi&th=1&psc=1">View Product</a></div><div class="product"><a href="https://www.amazon.com/dp/B007L0DPE0?tag=eloabder-20&linkCode=osi&th=1&psc=1"><img src="https://m.media-amazon.com/images/I/41u67LVdJFL._SL500_.jpg" alt="Product Image"></a><p>Vitafusion Womens Multivitamin Gummies, Berry Flavored Daily Vitamins for Women With Vitamins A, C, D, E, B-6 and B-12, America’s Number 1 Gummy Vitamin Brand, 75 Days Supply, 150 Count</p><p>$11.99 ($0.08 / Count)</p><a href="https://www.amazon.com/dp/B007L0DPE0?tag=eloabder-20&linkCode=osi&th=1&psc=1">View Product</a></div><div class="product"><a href="https://www.amazon.com/dp/B00DS5BGDY?tag=eloabder-20&linkCode=osi&th=1&psc=1"><img src="https://m.media-amazon.com/images/I/41zXI0XuNYL._SL500_.jpg" alt="Product Image"></a><p>Nature Made Vitamin B12 1000 mcg, Dietary Supplement for Energy Metabolism Support, 150 Softgels, 150 Day Supply</p><p>$9.98 ($0.07 / Count)</p><a href="https://www.amazon.com/dp/B00DS5BGDY?tag=eloabder-20&linkCode=osi&th=1&psc=1">View Product</a></div><div class="product"><a href="https://www.amazon.com/dp/B004U3Y8OM?tag=eloabder-20&linkCode=osi&th=1&psc=1"><img src="https://m.media-amazon.com/images/I/41FAeb-VvJL._SL500_.jpg" alt="Product Image"></a><p>Nature Made Vitamin D3 1000 IU (25 mcg), Dietary Supplement for Bone, Teeth, Muscle and Immune Health Support, 300 Softgels, 300 Day Supply</p><p>$12.35 ($0.04 / Count)</p><a href="https://www.amazon.com/dp/B004U3Y8OM?tag=eloabder-20&linkCode=osi&th=1&psc=1">View Product</a></div><div class="product"><a href="https://www.amazon.com/dp/B002QO00YO?tag=eloabder-20&linkCode=osi&th=1&psc=1"><img src="https://m.media-amazon.com/images/I/41SQ-7dbsHL._SL500_.jpg" alt="Product Image"></a><p>Nature Made Vitamin D3 2000 IU (50 mcg), Dietary Supplement for Bone, Teeth, Muscle and Immune Health Support, 90 Softgels, 90 Day Supply</p><p>$6.28 ($0.07 / Count)</p><a href="https://www.amazon.com/dp/B002QO00YO?tag=eloabder-20&linkCode=osi&th=1&psc=1">View Product</a></div><div class="product"><a href="https://www.amazon.com/dp/B09KCCVL9V?tag=eloabder-20&linkCode=osi&th=1&psc=1"><img src="https://m.media-amazon.com/images/I/419o0W0LJgL._SL500_.jpg" alt="Product Image"></a><p>Centrum Silver Women's Multivitamin for Women 50 Plus, Multivitamin/Multimineral Supplement with Vitamin D3, B Vitamins, Non-GMO Ingredients, Supports Memory and Cognition in Older Adults - 200 Ct</p><p>$15.99 ($0.08 / Count)</p><a href="https://www.amazon.com/dp/B09KCCVL9V?tag=eloabder-20&linkCode=osi&th=1&psc=1">View Product</a></div><div class="product"><a href="https://www.amazon.com/dp/B004QQ9LVS?tag=eloabder-20&linkCode=osi&th=1&psc=1"><img src="https://m.media-amazon.com/images/I/41YF4lk0WwL._SL500_.jpg" alt="Product Image"></a><p>SmartyPants Kids Multivitamin Gummies: Omega 3 Fish Oil (EPA/DHA), Vitamin D3, C, Vitamin B12, B6, Vitamin A, K & Zinc for Immune Support, Gluten Free, Three Fruit Flavors, 120 Count (30 Day Supply)</p><p>$19.81 ($0.17 / Count)</p><a href="https://www.amazon.com/dp/B004QQ9LVS?tag=eloabder-20&linkCode=osi&th=1&psc=1">View Product</a></div><div class="product"><a href="https://www.amazon.com/dp/B0000DJASY?tag=eloabder-20&linkCode=osi&th=1&psc=1"><img src="https://m.media-amazon.com/images/I/41PwuIsYASL._SL500_.jpg" alt="Product Image"></a><p>Nature Made Extra Strength Vitamin C 1000 mg, Dietary Supplement for Immune Support, 100 Tablets, 100 Day Supply</p><p>$9.50 ($0.10 / Count)</p><a href="https://www.amazon.com/dp/B0000DJASY?tag=eloabder-20&linkCode=osi&th=1&psc=1">View Product</a></div>
<div class="product"><a href="https://www.amazon.com/dp/B01DBTFO98?tag=eloabder-20&linkCode=osi&th=1&psc=1"><img src="https://m.media-amazon.com/images/I/61+VtB3+QPL._SL500_.jpg" alt="Product Image"></a><p>Turmeric Curcumin with Black Pepper Extract 1500mg - High Absorption Ultra Potent Turmeric Supplement with 95% Curcuminoids and BioPerine - Non GMO Turmeric Capsules for Joint Support - 90 Capsules</p><p>$18.79 ($0.21 / Count)</p><a href="https://www.amazon.com/dp/B01DBTFO98?tag=eloabder-20&linkCode=osi&th=1&psc=1">View Product</a></div><div class="product"><a href="https://www.amazon.com/dp/B0BG6TGKZS?tag=eloabder-20&linkCode=osi&th=1&psc=1"><img src="https://m.media-amazon.com/images/I/41aCogcx9OL._SL500_.jpg" alt="Product Image"></a><p>Clean Nutraceuticals Lions Mane 3000mg 20in1 Mushroom Supplement with Turkey Tail 2000mg Reishi 1000mg Cordyceps Chaga 1000mg Maitake Meshima Poria Cocos Shiitake Oyster Porcini Enoki 60 Count</p><p>$29.95 ($0.50 / Count)</p><a href="https://www.amazon.com/dp/B0BG6TGKZS?tag=eloabder-20&linkCode=osi&th=1&psc=1">View Product</a></div><div class="product"><a href="https://www.amazon.com/dp/B08YLTCDTN?tag=eloabder-20&linkCode=osi&th=1&psc=1"><img src="https://m.media-amazon.com/images/I/41aybXdjmLL._SL500_.jpg" alt="Product Image"></a><p>Nature's Bounty Zinc 50mg, Immune Support & Antioxidant Supplement, Promotes Skin Health 250 Caplets</p><p>$9.48 ($0.04 / Count)</p><a href="https://www.amazon.com/dp/B08YLTCDTN?tag=eloabder-20&linkCode=osi&th=1&psc=1">View Product</a></div><div class="product"><a href="https://www.amazon.com/dp/B07TK5K5TQ?tag=eloabder-20&linkCode=osi&th=1&psc=1"><img src="https://m.media-amazon.com/images/I/41S-Rt0xcrL._SL500_.jpg" alt="Product Image"></a><p>TRU NIAGEN Patented NAD+ Supplement for Anti Aging and Cell Regeneration, 300 mg Niagen, 30 Servings | Supports Cellular Energy, Brain, Muscle | Nicotinamide Riboside (NR) Take 1 Daily | 1 Bottle</p><p>$45.90 ($1.53 / Count)</p><a href="https://www.amazon.com/dp/B07TK5K5TQ?tag=eloabder-20&linkCode=osi&th=1&psc=1">View Product</a></div><div class="product"><a href="https://www.amazon.com/dp/B08HHQWBBZ?tag=eloabder-20&linkCode=osi&th=1&psc=1"><img src="https://m.media-amazon.com/images/I/51LeIP217fL._SL500_.jpg" alt="Product Image"></a><p>NutriFlair Premium Berberine HCL 1200mg, 120 Capsules - plus Pure True Ceylon Cinnamon, Berberine HCI Root Supplements Pills - immune system, healthy weight management</p><p>$26.99 ($0.22 / Count)</p><a href="https://www.amazon.com/dp/B08HHQWBBZ?tag=eloabder-20&linkCode=osi&th=1&psc=1">View Product</a></div><div class="product"><a href="https://www.amazon.com/dp/B078SH8WGC?tag=eloabder-20&linkCode=osi&th=1&psc=1"><img src="https://m.media-amazon.com/images/I/51z5QG2DZKL._SL500_.jpg" alt="Product Image"></a><p>Turmeric Curcumin with BioPerine & Ginger 95% Curcuminoids 1950mg - Black Pepper Extract for Max Absorption, Nature's Joint Support Supplement, Herbal Turmeric Pills, Vegan Non-GMO - 120 Capsules</p><p>$16.82 ($0.14 / Count)</p><a href="https://www.amazon.com/dp/B078SH8WGC?tag=eloabder-20&linkCode=osi&th=1&psc=1">View Product</a></div><div class="product"><a href="https://www.amazon.com/dp/B0000DJAQU?tag=eloabder-20&linkCode=osi&th=1&psc=1"><img src="https://m.media-amazon.com/images/I/41c7alI7ydL._SL500_.jpg" alt="Product Image"></a><p>Nature Made Fish Oil 1200 mg Softgels, Fish Oil Supplements, Omega 3 Fish Oil for Healthy Heart Support, Omega 3 Supplement with 100 Softgels, 50 Day Supply</p><p>$9.99 ($0.10 / Count)</p><a href="https://www.amazon.com/dp/B0000DJAQU?tag=eloabder-20&linkCode=osi&th=1&psc=1">View Product</a></div><div class="product"><a href="https://www.amazon.com/dp/B01BMDAVIY?tag=eloabder-20&linkCode=osi&th=1&psc=1"><img src="https://m.media-amazon.com/images/I/31KIpekdbRL._SL500_.jpg" alt="Product Image"></a><p>NatureWise Curcumin Turmeric 2250mg | 95% Curcuminoids & BioPerine Black Pepper Extract | Advanced Absorption for Joint Support [2 Month Supply - 180 Count]</p><p>$21.49 ($0.12 / Count)</p><a href="https://www.amazon.com/dp/B01BMDAVIY?tag=eloabder-20&linkCode=osi&th=1&psc=1">View Product</a></div><div class="product"><a href="https://www.amazon.com/dp/B074QHCL9Z?tag=eloabder-20&linkCode=osi&th=1&psc=1"><img src="https://m.media-amazon.com/images/I/416o-Si5NIL._SL500_.jpg" alt="Product Image"></a><p>Nature Made Turmeric Curcumin 500 mg, Herbal Supplement for Antioxidant Support, 120 Capsules, 120 Day Supply</p><p>$17.28 ($0.14 / Count)</p><a href="https://www.amazon.com/dp/B074QHCL9Z?tag=eloabder-20&linkCode=osi&th=1&psc=1">View Product</a></div><div class="product"><a href="https://www.amazon.com/dp/B0CV9JW4DS?tag=eloabder-20&linkCode=osi&th=1&psc=1"><img src="https://m.media-amazon.com/images/I/51L8z3xzNsL._SL500_.jpg" alt="Product Image"></a><p>Zoyava Dynamic Vitality Bundle, Sea Moss and Shilajit Bundle, Sea Moss 7000mg, Black Seed Oil 4000mg, Ashwagandha 2000mg, Ginger & Shilajit 9000mg, Rhodiola Rosea 1000mg, Panax Ginseng (60 Count)</p><p>$31.99 ($0.53 / Count)</p><a href="https://www.amazon.com/dp/B0CV9JW4DS?tag=eloabder-20&linkCode=osi&th=1&psc=1">View Product</a></div>
<div class="product"><a href="https://www.amazon.com/dp/B01AB4U6PI?tag=eloabder-20&linkCode=osi&th=1&psc=1"><img src="https://m.media-amazon.com/images/I/41rff0KTJnL._SL500_.jpg" alt="Product Image"></a><p>Salonpas Pain Relieving Patch for Back, Neck, Shoulder, Knee Pain and Muscle Soreness - 8 Hour Pain Relief - 60 Count</p><p>$10.34 ($0.17 / Count)</p><a href="https://www.amazon.com/dp/B01AB4U6PI?tag=eloabder-20&linkCode=osi&th=1&psc=1">View Product</a></div><div class="product"><a href="https://www.amazon.com/dp/B0CTTF514L?tag=eloabder-20&linkCode=osi&th=1&psc=1"><img src="https://m.media-amazon.com/images/I/51akRPk18aL._SL500_.jpg" alt="Product Image"></a><p>Advil Targeted Relief Pain Relieving Cream with Massage Applicator, Up to 8 Hours of Powerful Relief of Joint Pain, Lower Back Pain and Muscle Pain, 2.5 oz</p><p>$13.63 ($5.45 / Ounce)</p><a href="https://www.amazon.com/dp/B0CTTF514L?tag=eloabder-20&linkCode=osi&th=1&psc=1">View Product</a></div><div class="product"><a href="https://www.amazon.com/dp/B084ZMMVQS?tag=eloabder-20&linkCode=osi&th=1&psc=1"><img src="https://m.media-amazon.com/images/I/51yLIRFzDGL._SL500_.jpg" alt="Product Image"></a><p>Voltaren Arthritis Pain Gel for Powerful Topical Arthritis Pain Relief - NEW Easy Open Cap - 100 g x 2</p><p>$26.36 ($3.77 / Ounce)</p><a href="https://www.amazon.com/dp/B084ZMMVQS?tag=eloabder-20&linkCode=osi&th=1&psc=1">View Product</a></div><div class="product"><a href="https://www.amazon.com/dp/B01ITWHT7C?tag=eloabder-20&linkCode=osi&th=1&psc=1"><img src="https://m.media-amazon.com/images/I/41KR-44GBTL._SL500_.jpg" alt="Product Image"></a><p>Salonpas Pain Relieving Patch, LARGE, 6 Count, for Back, Neck, Shoulder, Knee Pain and Muscle Soreness, 8 Hour Pain Relief</p><p>$5.23 ($0.87 / Count)</p><a href="https://www.amazon.com/dp/B01ITWHT7C?tag=eloabder-20&linkCode=osi&th=1&psc=1">View Product</a></div><div class="product"><a href="https://www.amazon.com/dp/B0CTTPJSYP?tag=eloabder-20&linkCode=osi&th=1&psc=1"><img src="https://m.media-amazon.com/images/I/51McdhdZDjL._SL500_.jpg" alt="Product Image"></a><p>Advil Targeted Relief Pain Relieving Cream, Up to 8 Hours of Powerful Relief of Joint Pain, Lower Back Pain and Muscle Pain - 2.3 oz</p><p>$10.98 ($4.77 / Ounce)</p><a href="https://www.amazon.com/dp/B0CTTPJSYP?tag=eloabder-20&linkCode=osi&th=1&psc=1">View Product</a></div><div class="product"><a href="https://www.amazon.com/dp/B074F2H9VT?tag=eloabder-20&linkCode=osi&th=1&psc=1"><img src="https://m.media-amazon.com/images/I/31h55XAq3BL._SL500_.jpg" alt="Product Image"></a><p>Amazon Basic Care Extra Strength Pain Relief, Acetaminophen Caplets, 500 mg, 200 Count</p><p>$4.79 ($0.02 / Count)</p><a href="https://www.amazon.com/dp/B074F2H9VT?tag=eloabder-20&linkCode=osi&th=1&psc=1">View Product</a></div><div class="product"><a href="https://www.amazon.com/dp/B00HCQEYCK?tag=eloabder-20&linkCode=osi&th=1&psc=1"><img src="https://m.media-amazon.com/images/I/51D8+ZSqZvL._SL500_.jpg" alt="Product Image"></a><p>Boiron Arnicare Gel for Soothing Relief of Joint Pain, Muscle Pain, Muscle Soreness, and Swelling from Bruises or Injury - Non-greasy and Fragrance-Free - 2.6 oz</p><p>$8.32 ($3.20 / Ounce)</p><a href="https://www.amazon.com/dp/B00HCQEYCK?tag=eloabder-20&linkCode=osi&th=1&psc=1">View Product</a></div><div class="product"><a href="https://www.amazon.com/dp/B0BTMWW333?tag=eloabder-20&linkCode=osi&th=1&psc=1"><img src="https://m.media-amazon.com/images/I/515qvsGXGOL._SL500_.jpg" alt="Product Image"></a><p>Absorbine Jr. PRO Maximum Strength Lidocaine Roll-On for Fast Nerve and Muscle Pain Relief</p><p>$12.97 ($5.19 / Ounce)</p><a href="https://www.amazon.com/dp/B0BTMWW333?tag=eloabder-20&linkCode=osi&th=1&psc=1">View Product</a></div><div class="product"><a href="https://www.amazon.com/dp/B01LXFEY6H?tag=eloabder-20&linkCode=osi&th=1&psc=1"><img src="https://m.media-amazon.com/images/I/31hLnewBXIL._SL500_.jpg" alt="Product Image"></a><p>Biofreeze Pain Relief Gel, Arthritis Pain Reliver, Knee & Lower Back Pain Relief, Sore Muscle Relief, Neck Pain Relief, Pharmacist Recommended, FSA Eligible, 3 FL OZ Biofreeze Menthol Gel</p><p>$10.35 ($3.45 / Ounce)</p><a href="https://www.amazon.com/dp/B01LXFEY6H?tag=eloabder-20&linkCode=osi&th=1&psc=1">View Product</a></div><div class="product"><a href="https://www.amazon.com/dp/B000WZOJCI?tag=eloabder-20&linkCode=osi&th=1&psc=1"><img src="https://m.media-amazon.com/images/I/31jVr3ExroL._SL500_.jpg" alt="Product Image"></a><p>Sombra Warm Pain Relief Gel, 8-Ounce</p><p>$24.09 ($3.01 / Ounce)</p><a href="https://www.amazon.com/dp/B000WZOJCI?tag=eloabder-20&linkCode=osi&th=1&psc=1">View Product</a></div>
<div class="product"><a href="https://www.amazon.com/dp/B09NWH8553?tag=eloabder-20&linkCode=osi&th=1&psc=1"><img src="https://m.media-amazon.com/images/I/515vtwhdqiL._SL500_.jpg" alt="Product Image"></a><p>Johnson & Johnson All-Purpose Portable Compact First Aid Kit for Minor Cuts, Scrapes, Sprains & Burns, Ideal for Home, Car, Travel, Camping and Outdoor Emergencies, 160 pieces</p><p>$15.55</p><a href="https://www.amazon.com/dp/B09NWH8553?tag=eloabder-20&linkCode=osi&th=1&psc=1">View Product</a></div><div class="product"><a href="https://www.amazon.com/dp/B000069EYA?tag=eloabder-20&linkCode=osi&th=1&psc=1"><img src="https://m.media-amazon.com/images/I/51aUpEuI0cL._SL500_.jpg" alt="Product Image"></a><p>First Aid Only 299 Piece All-Purpose First Aid Emergency Kit (FAO-442)</p><p>$17.49</p><a href="https://www.amazon.com/dp/B000069EYA?tag=eloabder-20&linkCode=osi&th=1&psc=1">View Product</a></div><div class="product"><a href="https://www.amazon.com/dp/B076FS9RYL?tag=eloabder-20&linkCode=osi&th=1&psc=1"><img src="https://m.media-amazon.com/images/I/51A3wOry1oL._SL500_.jpg" alt="Product Image"></a><p>General Medi 160 Piece First Aid Kit Bag Refill Kit - Includes Eyewash, Instant Cold Pack, Bandages,Emergency Blanket, Moleskin Pad, Gauze - Extra Replacement Medical Supplies for First Aid</p><p>$18.95</p><a href="https://www.amazon.com/dp/B076FS9RYL?tag=eloabder-20&linkCode=osi&th=1&psc=1">View Product</a></div><div class="product"><a href="https://www.amazon.com/dp/B0CMSVYQW5?tag=eloabder-20&linkCode=osi&th=1&psc=1"><img src="https://m.media-amazon.com/images/I/51R6OcPKsiL._SL500_.jpg" alt="Product Image"></a><p>AZEN 25 Pack Gauze Rolls Bandages, 3 in x 4.1 Yards, Premium Medical Supplies & First Aid Supplies, Bandage Wrap Vet Wrap, Mummy Wraps</p><p>$6.99 ($0.28 / Count)</p><a href="https://www.amazon.com/dp/B0CMSVYQW5?tag=eloabder-20&linkCode=osi&th=1&psc=1">View Product</a></div><div class="product"><a href="https://www.amazon.com/dp/B08P28JYCR?tag=eloabder-20&linkCode=osi&th=1&psc=1"><img src="https://m.media-amazon.com/images/I/51m0p4thWvL._SL500_.jpg" alt="Product Image"></a><p>First Aid Only OSHA-Compliant All-Purpose 100-Person Emergency First Aid Kit for Home, Work, and Travel, 335 Pieces</p><p>$35.65</p><a href="https://www.amazon.com/dp/B08P28JYCR?tag=eloabder-20&linkCode=osi&th=1&psc=1">View Product</a></div><div class="product"><a href="https://www.amazon.com/dp/B08P27LHJ4?tag=eloabder-20&linkCode=osi&th=1&psc=1"><img src="https://m.media-amazon.com/images/I/41Crt9xFJOL._SL500_.jpg" alt="Product Image"></a><p>First Aid Only 91248 OSHA-Compliant All-Purpose 50-Person Emergency First Aid Kit for Home, Work, and Travel, 260 Pieces</p><p>$21.99</p><a href="https://www.amazon.com/dp/B08P27LHJ4?tag=eloabder-20&linkCode=osi&th=1&psc=1">View Product</a></div><div class="product"><a href="https://www.amazon.com/dp/B0084GX1JO?tag=eloabder-20&linkCode=osi&th=1&psc=1"><img src="https://m.media-amazon.com/images/I/31BzSButj2S._SL500_.jpg" alt="Product Image"></a><p>First Aid Only FAE-7011 SmartCompliance Refill Burn Cream Packets, 10 Count</p><p>$3.99 ($0.40 / Count)</p><a href="https://www.amazon.com/dp/B0084GX1JO?tag=eloabder-20&linkCode=osi&th=1&psc=1">View Product</a></div><div class="product"><a href="https://www.amazon.com/dp/B093JSJ2ZF?tag=eloabder-20&linkCode=osi&th=1&psc=1"><img src="https://m.media-amazon.com/images/I/51zutl8x7pS._SL500_.jpg" alt="Product Image"></a><p>Ever Ready First Aid Disposable Cold Compress Therapy Instant Ice Pack for Injuries 4.5" x 7" - 6 Pack</p><p>$8.95 ($1.49 / Count)</p><a href="https://www.amazon.com/dp/B093JSJ2ZF?tag=eloabder-20&linkCode=osi&th=1&psc=1">View Product</a></div><div class="product"><a href="https://www.amazon.com/dp/B00CEK3D8U?tag=eloabder-20&linkCode=osi&th=1&psc=1"><img src="https://m.media-amazon.com/images/I/41JFciltbaL._SL500_.jpg" alt="Product Image"></a><p>First Aid Only 18-012 Hydrocortisone Cream Packets, 12 Count</p><p>$2.49 ($6.55 / Ounce)</p><a href="https://www.amazon.com/dp/B00CEK3D8U?tag=eloabder-20&linkCode=osi&th=1&psc=1">View Product</a></div><div class="product"><a href="https://www.amazon.com/dp/B01LX9UR77?tag=eloabder-20&linkCode=osi&th=1&psc=1"><img src="https://m.media-amazon.com/images/I/51A7ljiKvAL._SL500_.jpg" alt="Product Image"></a><p>Ever Ready First Aid Self Adherent Cohesive Bandages 3" x 5 Yards - 6 Count, Rainbow Colors</p><p>$9.95 ($1.66 / Count)</p><a href="https://www.amazon.com/dp/B01LX9UR77?tag=eloabder-20&linkCode=osi&th=1&psc=1">View Product</a></div>
<div class="product"><a href="https://www.amazon.com/dp/B0D1KXV9ZS?tag=eloabder-20&linkCode=osi&th=1&psc=1"><img src="https://m.media-amazon.com/images/I/311Liu9BWoL._SL500_.jpg" alt="Product Image"></a><p>Vagisil pH Balance Daily Freshening Wipes for Feminine Hygiene in Resealable Pouch, Gynecologist Tested & Hypoallergenic, 20 Wipes (Pack of 1)</p><p>$2.97 ($0.15 / Count)</p><a href="https://www.amazon.com/dp/B0D1KXV9ZS?tag=eloabder-20&linkCode=osi&th=1&psc=1">View Product</a></div><div class="product"><a href="https://www.amazon.com/dp/B000QXH4PK?tag=eloabder-20&linkCode=osi&th=1&psc=1"><img src="https://m.media-amazon.com/images/I/41SXL+-YzcL._SL500_.jpg" alt="Product Image"></a><p>Listerine Cool Mint Pocketpaks Breath Strips Kills Bad Breath Germs, 24-Strip Pack, 3 Pack</p><p>$5.72 ($0.08 / Count)</p><a href="https://www.amazon.com/dp/B000QXH4PK?tag=eloabder-20&linkCode=osi&th=1&psc=1">View Product</a></div><div class="product"><a href="https://www.amazon.com/dp/B0C7BF3ZPK?tag=eloabder-20&linkCode=osi&th=1&psc=1"><img src="https://m.media-amazon.com/images/I/41luSMM-7GL._SL500_.jpg" alt="Product Image"></a><p>Peri Bottle for Postpartum & Perineal Care,Portable Travel Bidet for Personal Hygiene Cleaning,16.9 OZ (1Green)</p><p>$14.49 ($14.49 / Count)</p><a href="https://www.amazon.com/dp/B0C7BF3ZPK?tag=eloabder-20&linkCode=osi&th=1&psc=1">View Product</a></div><div class="product"><a href="https://www.amazon.com/dp/B091MBD3Q3?tag=eloabder-20&linkCode=osi&th=1&psc=1"><img src="https://m.media-amazon.com/images/I/51y96dNQUfL._SL500_.jpg" alt="Product Image"></a><p>GuruNanda Tongue Scraper for Adults (2 Pack) with Travel Case, 420 Medical-Grade 100% Stainless Steel Tongue Cleaner, Aids in Fresh Breath & Oral Care</p><p>$4.97 ($2.48 / Count)</p><a href="https://www.amazon.com/dp/B091MBD3Q3?tag=eloabder-20&linkCode=osi&th=1&psc=1">View Product</a></div><div class="product"><a href="https://www.amazon.com/dp/B0CR9WN3Y1?tag=eloabder-20&linkCode=osi&th=1&psc=1"><img src="https://m.media-amazon.com/images/I/51quPRWZiIL._SL500_.jpg" alt="Product Image"></a><p>G.CATACC Dental Tools, Dental Pick Teeth Cleaning Tools, Dental Hygiene Kit, Plaque Remover for Teeth, Professional Stainless Steel Tooth Scraper Plaque Tartar Cleaner - with Case</p><p>$7.96</p><a href="https://www.amazon.com/dp/B0CR9WN3Y1?tag=eloabder-20&linkCode=osi&th=1&psc=1">View Product</a></div>
<div class="product"><a href="https://www.amazon.com/dp/B09F8FZ18G?tag=eloabder-20&linkCode=osi&th=1&psc=1"><img src="https://m.media-amazon.com/images/I/51WkgqQXqCL._SL500_.jpg" alt="Product Image"></a><p>Crest 3D White Advanced Luminous Mint Teeth Whitening Toothpaste, 3.7 oz Pack of 4 - Helps Remove Surface Stains, Whitens Teeth, Strengthens Tooth Enamel, Protects Against Cavities</p><p>$14.99 ($1.01 / Ounce)</p><a href="https://www.amazon.com/dp/B09F8FZ18G?tag=eloabder-20&linkCode=osi&th=1&psc=1">View Product</a></div><div class="product"><a href="https://www.amazon.com/dp/B005PLQIQ4?tag=eloabder-20&linkCode=osi&th=1&psc=1"><img src="https://m.media-amazon.com/images/I/51DOyE1fx2L._SL500_.jpg" alt="Product Image"></a><p>Crest + Scope Complete Whitening Toothpaste - Pack of 3, 5.4 Oz Tubes - Anticavity Fluoride Toothpaste - Fresh Breath, Kills Germs - Tartar Protection, Enamel Protection - Minty Fresh Flavor</p><p>$8.99 ($0.55 / Ounce)</p><a href="https://www.amazon.com/dp/B005PLQIQ4?tag=eloabder-20&linkCode=osi&th=1&psc=1">View Product</a></div><div class="product"><a href="https://www.amazon.com/dp/B01BNHREXE?tag=eloabder-20&linkCode=osi&th=1&psc=1"><img src="https://m.media-amazon.com/images/I/41J8piWJzLL._SL500_.jpg" alt="Product Image"></a><p>Colgate Baking Soda & Peroxide Toothpaste - Whitens Teeth, Fights Cavities & Removes Stains, Brisk Mint, 6 Ounce (Pack of 2)</p><p>$3.78 ($0.32 / Ounce)</p><a href="https://www.amazon.com/dp/B01BNHREXE?tag=eloabder-20&linkCode=osi&th=1&psc=1">View Product</a></div><div class="product"><a href="https://www.amazon.com/dp/B08S8QNW2K?tag=eloabder-20&linkCode=osi&th=1&psc=1"><img src="https://m.media-amazon.com/images/I/51uFURqklfL._SL500_.jpg" alt="Product Image"></a><p>Crest Complete Active Fresh + Whitening Toothpaste, 5.5oz (Pack of 4)</p><p>$10.99 ($0.50 / Ounce)</p><a href="https://www.amazon.com/dp/B08S8QNW2K?tag=eloabder-20&linkCode=osi&th=1&psc=1">View Product</a></div><div class="product"><a href="https://www.amazon.com/dp/B0BLJ68F9R?tag=eloabder-20&linkCode=osi&th=1&psc=1"><img src="https://m.media-amazon.com/images/I/51ccJX66fBL._SL500_.jpg" alt="Product Image"></a><p>Crest Pro-Health Clean Mint Toothpaste (4.3oz) Triple Pack</p><p>$8.97 ($0.70 / Ounce)</p><a href="https://www.amazon.com/dp/B0BLJ68F9R?tag=eloabder-20&linkCode=osi&th=1&psc=1">View Product</a></div><div class="product"><a href="https://www.amazon.com/dp/B07C1ZQ5ZY?tag=eloabder-20&linkCode=osi&th=1&psc=1"><img src="https://m.media-amazon.com/images/I/41RgpjDdTeL._SL500_.jpg" alt="Product Image"></a><p>Sensodyne Repair and Protect Whitening Toothpaste, Toothpaste for Sensitive Teeth and Cavity Prevention, 3.4 oz (Pack of 2)</p><p>$12.48 ($1.84 / Ounce)</p><a href="https://www.amazon.com/dp/B07C1ZQ5ZY?tag=eloabder-20&linkCode=osi&th=1&psc=1">View Product</a></div><div class="product"><a href="https://www.amazon.com/dp/B0CQKNQ2GR?tag=eloabder-20&linkCode=osi&th=1&psc=1"><img src="https://m.media-amazon.com/images/I/414VWUZJYvL._SL500_.jpg" alt="Product Image"></a><p>Crest 3D White Advanced Teeth Whitening Toothpaste, Radiant Mint, 3.3 oz, Pack of 3</p><p>$12.97 ($1.31 / Ounce)</p><a href="https://www.amazon.com/dp/B0CQKNQ2GR?tag=eloabder-20&linkCode=osi&th=1&psc=1">View Product</a></div><div class="product"><a href="https://www.amazon.com/dp/B082F1QH7S?tag=eloabder-20&linkCode=osi&th=1&psc=1"><img src="https://m.media-amazon.com/images/I/41QujaAN0gL._SL500_.jpg" alt="Product Image"></a><p>Colgate Optic White Advanced Hydrogen Peroxide Toothpaste, Teeth Whitening Toothpaste Pack, Enamel-Safe Formula, Helps Remove Tea, Coffee, and Wine Stains, Sparkling White, 3 Pack, 3.2 oz</p><p>$12.96 ($1.35 / Ounce)</p><a href="https://www.amazon.com/dp/B082F1QH7S?tag=eloabder-20&linkCode=osi&th=1&psc=1">View Product</a></div><div class="product"><a href="https://www.amazon.com/dp/B09VK1RKM8?tag=eloabder-20&linkCode=osi&th=1&psc=1"><img src="https://m.media-amazon.com/images/I/51Kb2dMe82L._SL500_.jpg" alt="Product Image"></a><p>Arm & Hammer Advance White Toothpaste, Clean Mint Flavor, Stain Defense Technology, 6 Ounce (Pack of 4)</p><p>$13.96 ($0.58 / Ounce)</p><a href="https://www.amazon.com/dp/B09VK1RKM8?tag=eloabder-20&linkCode=osi&th=1&psc=1">View Product</a></div>
<div class="product"><a href="https://www.amazon.com/dp/B00CC6XSRC?tag=eloabder-20&linkCode=osi&th=1&psc=1"><img src="https://m.media-amazon.com/images/I/41OKKVbMN-L._SL500_.jpg" alt="Product Image"></a><p>Colgate Extra Clean Toothbrush, Medium Bulk Toothbrush Pack, Adult Medium Bristle Toothbrushes with Ergonomic Handle and Circular Cleaning Bristles, Helps Remove Surface Stains, 6 Pack</p><p>$4.96 ($0.83 / Count)</p><a href="https://www.amazon.com/dp/B00CC6XSRC?tag=eloabder-20&linkCode=osi&th=1&psc=1">View Product</a></div><div class="product"><a href="https://www.amazon.com/dp/B06XK2M3H3?tag=eloabder-20&linkCode=osi&th=1&psc=1"><img src="https://m.media-amazon.com/images/I/41tntn0c7BL._SL500_.jpg" alt="Product Image"></a><p>Oral-B Vivid Dual Action Whitening Toothbrushes, Soft, 4 Count (Packaging and Product Color May Vary)</p><p>$7.69 ($1.92 / Count)</p><a href="https://www.amazon.com/dp/B06XK2M3H3?tag=eloabder-20&linkCode=osi&th=1&psc=1">View Product</a></div><div class="product"><a href="https://www.amazon.com/dp/B01KZ6V00W?tag=eloabder-20&linkCode=osi&th=1&psc=1"><img src="https://m.media-amazon.com/images/I/51+dIaobkXL._SL500_.jpg" alt="Product Image"></a><p>Oral-B CrossAction All In One Soft Toothbrushes, Deep Plaque Removal, Rounded Bristles Gentle on Teeth, Tongue and Cheek Cleaner, Gum Stimulators, 6 Count</p><p>$17.97 ($3.00 / Count)</p><a href="https://www.amazon.com/dp/B01KZ6V00W?tag=eloabder-20&linkCode=osi&th=1&psc=1">View Product</a></div><div class="product"><a href="https://www.amazon.com/dp/B08QWYMMYL?tag=eloabder-20&linkCode=osi&th=1&psc=1"><img src="https://m.media-amazon.com/images/I/41WAFKNB0iL._SL500_.jpg" alt="Product Image"></a><p>Amazon Basics Clean Plus Toothbrushes, Soft, Full, 10 Count, Assorted Colors (Previously Solimo)</p><p>$5.28 ($0.53 / Count)</p><a href="https://www.amazon.com/dp/B08QWYMMYL?tag=eloabder-20&linkCode=osi&th=1&psc=1">View Product</a></div><div class="product"><a href="https://www.amazon.com/dp/B07S9GV83R?tag=eloabder-20&linkCode=osi&th=1&psc=1"><img src="https://m.media-amazon.com/images/I/41ziiRLsaEL._SL500_.jpg" alt="Product Image"></a><p>Colgate 360 Optic White Advanced Whitening Toothbrush, Adult Medium Toothbrush with Whitening Cups, Helps Whiten Teeth and Removes Odor Causing Bacteria, 2 Pack</p><p>$6.96 ($3.48 / Count)</p><a href="https://www.amazon.com/dp/B07S9GV83R?tag=eloabder-20&linkCode=osi&th=1&psc=1">View Product</a></div><div class="product"><a href="https://www.amazon.com/dp/B09HSS29YD?tag=eloabder-20&linkCode=osi&th=1&psc=1"><img src="https://m.media-amazon.com/images/I/41nh2h+aUpL._SL500_.jpg" alt="Product Image"></a><p>Reach Essentials Toothbrush with Toothbrush Covers, Multi-Angled Medium Bristles, Contoured Handle, Tongue Scraper, 6 Count</p><p>$3.98 ($0.66 / Count)</p><a href="https://www.amazon.com/dp/B09HSS29YD?tag=eloabder-20&linkCode=osi&th=1&psc=1">View Product</a></div><div class="product"><a href="https://www.amazon.com/dp/B08JQCZ71B?tag=eloabder-20&linkCode=osi&th=1&psc=1"><img src="https://m.media-amazon.com/images/I/41Zvcj-EvDL._SL500_.jpg" alt="Product Image"></a><p>Reach Essentials Toothbrush with Toothbrush Caps, Multi-Zoned Angled Soft Bristles, Contoured Handle, Tongue Scraper, 6 Count</p><p>$3.98 ($0.66 / Count)</p><a href="https://www.amazon.com/dp/B08JQCZ71B?tag=eloabder-20&linkCode=osi&th=1&psc=1">View Product</a></div><div class="product"><a href="https://www.amazon.com/dp/B07MH9CH76?tag=eloabder-20&linkCode=osi&th=1&psc=1"><img src="https://m.media-amazon.com/images/I/41skjrL65LL._SL500_.jpg" alt="Product Image"></a><p>Oral-B Charcoal Toothbrushes, Medium 2ct</p><p>$5.67 ($2.84 / Count)</p><a href="https://www.amazon.com/dp/B07MH9CH76?tag=eloabder-20&linkCode=osi&th=1&psc=1">View Product</a></div><div class="product"><a href="https://www.amazon.com/dp/B005LB75NI?tag=eloabder-20&linkCode=osi&th=1&psc=1"><img src="https://m.media-amazon.com/images/I/41-l+TIj4rS._SL500_.jpg" alt="Product Image"></a><p>NIMBUS Extra Soft Toothbrushes (Regular Size Head), Periodontist Design Tapered Bristles for Sensitive Teeth & Receding Gums (5 Pack, Colors May Vary)</p><p>$18.99 ($3.80 / Count)</p><a href="https://www.amazon.com/dp/B005LB75NI?tag=eloabder-20&linkCode=osi&th=1&psc=1">View Product</a></div>
<div class="product"><a href="https://www.amazon.com/dp/B00IRKRK9O?tag=eloabder-20&linkCode=osi&th=1&psc=1"><img src="https://m.media-amazon.com/images/I/51oNh1DLVjL._SL500_.jpg" alt="Product Image"></a><p>TheraBreath Fresh Breath Mouthwash, Icy Mint Flavor, Alcohol-Free, 16 Fl Oz (Pack of 2)</p><p>$15.34 ($0.48 / Fl Oz)</p><a href="https://www.amazon.com/dp/B00IRKRK9O?tag=eloabder-20&linkCode=osi&th=1&psc=1">View Product</a></div><div class="product"><a href="https://www.amazon.com/dp/B08MFWB9DY?tag=eloabder-20&linkCode=osi&th=1&psc=1"><img src="https://m.media-amazon.com/images/I/41EFMnoVtWL._SL500_.jpg" alt="Product Image"></a><p>Listerine Cool Mint Mouthwash, Kills 99.9% of Germs That Cause Bad Breath, Plaque and Gingivitis, Antiseptic, Cool Mint Flavor, 1 L (Pack of 2)</p><p>$21.98 ($0.33 / Count)</p><a href="https://www.amazon.com/dp/B08MFWB9DY?tag=eloabder-20&linkCode=osi&th=1&psc=1">View Product</a></div><div class="product"><a href="https://www.amazon.com/dp/B0126XBQK6?tag=eloabder-20&linkCode=osi&th=1&psc=1"><img src="https://m.media-amazon.com/images/I/41nVZBcG4uL._SL500_.jpg" alt="Product Image"></a><p>Crest Pro-Health Advanced Mouthwash, Alcohol Free, Extra Whitening, Energizing Mint Flavor, 946 mL (32 fl oz)</p><p>$7.32 ($0.23 / Fl Oz)</p><a href="https://www.amazon.com/dp/B0126XBQK6?tag=eloabder-20&linkCode=osi&th=1&psc=1">View Product</a></div><div class="product"><a href="https://www.amazon.com/dp/B0B5Y2G4HH?tag=eloabder-20&linkCode=osi&th=1&psc=1"><img src="https://m.media-amazon.com/images/I/41KhoumiQGL._SL500_.jpg" alt="Product Image"></a><p>Listerine Freshburst Antiseptic Mouthwash for Bad Breath, Kills 99% of Germs That Cause Bad Breath & Fight Plaque & Gingivitis, ADA Accepted Mouthwash, Spearmint, 1 L, Pack of 2</p><p>$13.96 ($0.21 / Fl Oz)</p><a href="https://www.amazon.com/dp/B0B5Y2G4HH?tag=eloabder-20&linkCode=osi&th=1&psc=1">View Product</a></div><div class="product"><a href="https://www.amazon.com/dp/B09HH8SDR6?tag=eloabder-20&linkCode=osi&th=1&psc=1"><img src="https://m.media-amazon.com/images/I/31hUvGiWasL._SL500_.jpg" alt="Product Image"></a><p>Amazon Basics Antiseptic Mouthwash, Blue Mint, 1 Litre, 33.8 Fluid Ounces, 1-Pack (Previously Solimo)</p><p>$6.24 ($0.18 / Fl Oz)</p><a href="https://www.amazon.com/dp/B09HH8SDR6?tag=eloabder-20&linkCode=osi&th=1&psc=1">View Product</a></div><div class="product"><a href="https://www.amazon.com/dp/B003CP12O8?tag=eloabder-20&linkCode=osi&th=1&psc=1"><img src="https://m.media-amazon.com/images/I/41q24Q+sXGL._SL500_.jpg" alt="Product Image"></a><p>Crest Pro Health Multi-Protection Mouthwash with CPC (Cetylpyridinium Chloride), Clean Mint, 1L (33.8 fl oz)</p><p>$4.97 ($0.05 / Fl Oz)</p><a href="https://www.amazon.com/dp/B003CP12O8?tag=eloabder-20&linkCode=osi&th=1&psc=1">View Product</a></div><div class="product"><a href="https://www.amazon.com/dp/B0B5Y7KCS8?tag=eloabder-20&linkCode=osi&th=1&psc=1"><img src="https://m.media-amazon.com/images/I/51Dmtgp-2ZL._SL500_.jpg" alt="Product Image"></a><p>Listerine Total Care Anticavity Fluoride Mouthwash, Kills 99.9% of Germs That cause Bad Breath and Prevents Cavities, Fresh Mint Flavor, 1L (Pack of 2)</p><p>$15.96 ($0.24 / Fl Oz)</p><a href="https://www.amazon.com/dp/B0B5Y7KCS8?tag=eloabder-20&linkCode=osi&th=1&psc=1">View Product</a></div><div class="product"><a href="https://www.amazon.com/dp/B001ET76AI?tag=eloabder-20&linkCode=osi&th=1&psc=1"><img src="https://m.media-amazon.com/images/I/516FU3AGpJL._SL500_.jpg" alt="Product Image"></a><p>TheraBreath Fresh Breath Mouthwash, Mild Mint Flavor, Alcohol-Free, 16 Fl Oz (2-Pack)</p><p>$15.34 ($0.48 / Fl Oz)</p><a href="https://www.amazon.com/dp/B001ET76AI?tag=eloabder-20&linkCode=osi&th=1&psc=1">View Product</a></div><div class="product"><a href="https://www.amazon.com/dp/B0C881GLNM?tag=eloabder-20&linkCode=osi&th=1&psc=1"><img src="https://m.media-amazon.com/images/I/51C2ohy2RWL._SL500_.jpg" alt="Product Image"></a><p>Crest Pro-Health Advanced Mouthwash, Alcohol Free, Multi-Protection, Fresh Mint, 1 L (33.8 fl oz), Pack of 2</p><p>$10.97 ($0.16 / Fl Oz)</p><a href="https://www.amazon.com/dp/B0C881GLNM?tag=eloabder-20&linkCode=osi&th=1&psc=1">View Product</a></div>
<div class="product"><a href="https://www.amazon.com/dp/B0828J5DJ3?tag=eloabder-20&linkCode=osi&th=1&psc=1"><img src="https://m.media-amazon.com/images/I/419pebc+HXL._SL500_.jpg" alt="Product Image"></a><p>Edge Shaving Gel for Men, Sensitive Skin with Aloe, 7oz (3 Pack) - Shaving Gel For Men That Moisturizes, Protects, and Soothes To Help Reduce Skin Irritation (Packaging May Vary)</p><p>$9.71 ($0.46 / Ounce)</p><a href="https://www.amazon.com/dp/B0828J5DJ3?tag=eloabder-20&linkCode=osi&th=1&psc=1">View Product</a></div><div class="product"><a href="https://www.amazon.com/dp/B00NERPNYE?tag=eloabder-20&linkCode=osi&th=1&psc=1"><img src="https://m.media-amazon.com/images/I/41W0Es9KyqL._SL500_.jpg" alt="Product Image"></a><p>Gillette Series 3X Action Shave Gel, Sensitive Twin Pack, 7 Oz (Pack of 2)</p><p>$5.97 ($0.43 / Fl Oz)</p><a href="https://www.amazon.com/dp/B00NERPNYE?tag=eloabder-20&linkCode=osi&th=1&psc=1">View Product</a></div><div class="product"><a href="https://www.amazon.com/dp/B00O4QAF9C?tag=eloabder-20&linkCode=osi&th=1&psc=1"><img src="https://m.media-amazon.com/images/I/41RVD6l-hrL._SL500_.jpg" alt="Product Image"></a><p>NIVEA MEN Sensitive Shave Gel with Vitamin E, Soothing Chamomile and Witch Hazel Extracts, No Drying Alcohols, 3 Pack of 7 Oz Cans</p><p>$12.29 ($0.59 / Ounce)</p><a href="https://www.amazon.com/dp/B00O4QAF9C?tag=eloabder-20&linkCode=osi&th=1&psc=1">View Product</a></div><div class="product"><a href="https://www.amazon.com/dp/B001KYQF3Q?tag=eloabder-20&linkCode=osi&th=1&psc=1"><img src="https://m.media-amazon.com/images/I/31s+x9rJ-qL._SL500_.jpg" alt="Product Image"></a><p>eos Shea Better Shaving Cream- Pomegranate Raspberry, Women's Shave Cream, Skin Care, Doubles as an In-Shower Lotion, 24-Hour Hydration, 7 fl oz</p><p>$3.97 ($0.57 / Fl Oz)</p><a href="https://www.amazon.com/dp/B001KYQF3Q?tag=eloabder-20&linkCode=osi&th=1&psc=1">View Product</a></div><div class="product"><a href="https://www.amazon.com/dp/B001E5E9RK?tag=eloabder-20&linkCode=osi&th=1&psc=1"><img src="https://m.media-amazon.com/images/I/515y2aCFbpL._SL500_.jpg" alt="Product Image"></a><p>Gillette Foamy Shaving Cream, Sensitive Skin, 11 Ounce (Pack of 12)</p><p>$16.74 ($0.25 / Ounce)</p><a href="https://www.amazon.com/dp/B001E5E9RK?tag=eloabder-20&linkCode=osi&th=1&psc=1">View Product</a></div><div class="product"><a href="https://www.amazon.com/dp/B01ALAVIK4?tag=eloabder-20&linkCode=osi&th=1&psc=1"><img src="https://m.media-amazon.com/images/I/41VmDEGM01L._SL500_.jpg" alt="Product Image"></a><p>Gillette Satin Care Ultra Sensitive Shave Gel for Women, Pack of 2, 7oz Each, Frangrance Free</p><p>$5.27 ($0.38 / Fl Oz)</p><a href="https://www.amazon.com/dp/B01ALAVIK4?tag=eloabder-20&linkCode=osi&th=1&psc=1">View Product</a></div><div class="product"><a href="https://www.amazon.com/dp/B00MW3AIHI?tag=eloabder-20&linkCode=osi&th=1&psc=1"><img src="https://m.media-amazon.com/images/I/51Bxum4jbHL._SL500_.jpg" alt="Product Image"></a><p>Barbasol Thick and Rich Shaving Cream, Original 10 oz (Pack of 2)</p><p>$12.47 ($0.12 / Ounce)</p><a href="https://www.amazon.com/dp/B00MW3AIHI?tag=eloabder-20&linkCode=osi&th=1&psc=1">View Product</a></div><div class="product"><a href="https://www.amazon.com/dp/B00005338S?tag=eloabder-20&linkCode=osi&th=1&psc=1"><img src="https://m.media-amazon.com/images/I/31tOr1F5ErL._SL500_.jpg" alt="Product Image"></a><p>Gillette Foamy Regular Shaving Foam, 2 oz</p><p>$1.29 ($0.64 / Ounce)</p><a href="https://www.amazon.com/dp/B00005338S?tag=eloabder-20&linkCode=osi&th=1&psc=1">View Product</a></div><div class="product"><a href="https://www.amazon.com/dp/B00Q1L9Q0W?tag=eloabder-20&linkCode=osi&th=1&psc=1"><img src="https://m.media-amazon.com/images/I/41m5NDPkYuL._SL500_.jpg" alt="Product Image"></a><p>Barbasol Thick & Rich Shaving Cream, Original 10 oz (Value Pack of 3)</p><p>$14.50 ($4.83 / Count)</p><a href="https://www.amazon.com/dp/B00Q1L9Q0W?tag=eloabder-20&linkCode=osi&th=1&psc=1">View Product</a></div>
<div class="product"><a href="https://www.amazon.com/dp/B01H4KQYJY?tag=eloabder-20&linkCode=osi&th=1&psc=1"><img src="https://m.media-amazon.com/images/I/41p2XO+cG8S._SL500_.jpg" alt="Product Image"></a><p>Dorco 100 Piece Prime Double Edge Razor Blades</p><p>$11.25 ($0.11 / Count)</p><a href="https://www.amazon.com/dp/B01H4KQYJY?tag=eloabder-20&linkCode=osi&th=1&psc=1">View Product</a></div><div class="product"><a href="https://www.amazon.com/dp/B07CZCQ481?tag=eloabder-20&linkCode=osi&th=1&psc=1"><img src="https://m.media-amazon.com/images/I/51fV12qs95L._SL500_.jpg" alt="Product Image"></a><p>Amazon Basics 5-Blade MotionSphere Razor for Men with Dual Lubrication and Precision Trimmer, Handle & 16 Cartridges, Cartridges fit, Razor Handles only, 17 Piece Set, Black</p><p>$20.99 ($1.31 / Count)</p><a href="https://www.amazon.com/dp/B07CZCQ481?tag=eloabder-20&linkCode=osi&th=1&psc=1">View Product</a></div><div class="product"><a href="https://www.amazon.com/dp/B0039LMTAQ?tag=eloabder-20&linkCode=osi&th=1&psc=1"><img src="https://m.media-amazon.com/images/I/51tkDAVkmCL._SL500_.jpg" alt="Product Image"></a><p>Gillette Venus Sensitive Women's Disposable Razors - Single Package of 3 Razors</p><p>$6.94</p><a href="https://www.amazon.com/dp/B0039LMTAQ?tag=eloabder-20&linkCode=osi&th=1&psc=1">View Product</a></div><div class="product"><a href="https://www.amazon.com/dp/B0787JNN97?tag=eloabder-20&linkCode=osi&th=1&psc=1"><img src="https://m.media-amazon.com/images/I/41H+SqazA0L._SL500_.jpg" alt="Product Image"></a><p>BIC Soleil Smooth Colors Women's Disposable Razors With Aloe Vera and vitamin E Lubricating Strip for Enhanced Glide, With 3 Blades, 14 Count</p><p>$14.75 ($1.05 / Count)</p><a href="https://www.amazon.com/dp/B0787JNN97?tag=eloabder-20&linkCode=osi&th=1&psc=1">View Product</a></div><div class="product"><a href="https://www.amazon.com/dp/B0001LQGPG?tag=eloabder-20&linkCode=osi&th=1&psc=1"><img src="https://m.media-amazon.com/images/I/51V5N3IVEwL._SL500_.jpg" alt="Product Image"></a><p>Gillette Sensor3 Sensitive Men's Disposable Razor, 4 Razors</p><p>$6.97 ($1.74 / Count)</p><a href="https://www.amazon.com/dp/B0001LQGPG?tag=eloabder-20&linkCode=osi&th=1&psc=1">View Product</a></div><div class="product"><a href="https://www.amazon.com/dp/B000R2WYYQ?tag=eloabder-20&linkCode=osi&th=1&psc=1"><img src="https://m.media-amazon.com/images/I/51EexRfTCRL._SL500_.jpg" alt="Product Image"></a><p>BIC Single Blade Razor, Sensitive, 12 ct</p><p>$3.32 ($0.28 / Count)</p><a href="https://www.amazon.com/dp/B000R2WYYQ?tag=eloabder-20&linkCode=osi&th=1&psc=1">View Product</a></div><div class="product"><a href="https://www.amazon.com/dp/B07CYN88NJ?tag=eloabder-20&linkCode=osi&th=1&psc=1"><img src="https://m.media-amazon.com/images/I/41w0Vc7n8wL._SL500_.jpg" alt="Product Image"></a><p>Amazon Basics 5-Blade Razor for Women, Handle, 12 Cartridges & Shower Hanger (Cartridges fit Amazon Basics Razor Handles only) 14 Piece Set, Blue</p><p>$20.38 ($1.70 / Count)</p><a href="https://www.amazon.com/dp/B07CYN88NJ?tag=eloabder-20&linkCode=osi&th=1&psc=1">View Product</a></div><div class="product"><a href="https://www.amazon.com/dp/B0CP6JTQ4X?tag=eloabder-20&linkCode=osi&th=1&psc=1"><img src="https://m.media-amazon.com/images/I/51XrHMi-S5L._SL500_.jpg" alt="Product Image"></a><p>Gillette Sensor3 Comfort Men's Disposable Razors, 12 Razors</p><p>$14.97 ($1.25 / Count)</p><a href="https://www.amazon.com/dp/B0CP6JTQ4X?tag=eloabder-20&linkCode=osi&th=1&psc=1">View Product</a></div><div class="product"><a href="https://www.amazon.com/dp/B07DZYGDSF?tag=eloabder-20&linkCode=osi&th=1&psc=1"><img src="https://m.media-amazon.com/images/I/51mFm+GwEZL._SL500_.jpg" alt="Product Image"></a><p>Gillette Fusion ProGlide Razors, Men 1 Gillette Razor, 4 Razor Blade Refills, Shields Against Skin Irritation</p><p>$19.99 ($4.00 / Count)</p><a href="https://www.amazon.com/dp/B07DZYGDSF?tag=eloabder-20&linkCode=osi&th=1&psc=1">View Product</a></div><div class="product"><a href="https://www.amazon.com/dp/B003EMNITQ?tag=eloabder-20&linkCode=osi&th=1&psc=1"><img src="https://m.media-amazon.com/images/I/41aNcEj3ViL._SL500_.jpg" alt="Product Image"></a><p>Gillette Venus ComfortGlide White Tea Women's Razor Blade Refills, 6 Count</p><p>$21.97 ($3.66 / Count)</p><a href="https://www.amazon.com/dp/B003EMNITQ?tag=eloabder-20&linkCode=osi&th=1&psc=1">View Product</a></div>
<div class="product"><a href="https://www.amazon.com/dp/B072J2ZBPY?tag=eloabder-20&linkCode=osi&th=1&psc=1"><img src="https://m.media-amazon.com/images/I/41Th2KQyzlL._SL500_.jpg" alt="Product Image"></a><p>Degree Men UltraClear Antiperspirant Deodorant Black + White 72-Hour Sweat & Odor Protection Antiperspirant For Men With MotionSense Technology 2.7 Ounce (Pack of 4)</p><p>$19.73 ($1.83 / Ounce)</p><a href="https://www.amazon.com/dp/B072J2ZBPY?tag=eloabder-20&linkCode=osi&th=1&psc=1">View Product</a></div><div class="product"><a href="https://www.amazon.com/dp/B07GB3NVN1?tag=eloabder-20&linkCode=osi&th=1&psc=1"><img src="https://m.media-amazon.com/images/I/31BnXaLnMWL._SL500_.jpg" alt="Product Image"></a><p>Native Deodorant Contains Naturally Derived Ingredients, 72 Hour Odor Control | Deodorant for Women and Men, Aluminum Free with Baking Soda, Coconut Oil and Shea Butter | Coconut & Vanilla</p><p>$12.97 ($4.89 / Ounce)</p><a href="https://www.amazon.com/dp/B07GB3NVN1?tag=eloabder-20&linkCode=osi&th=1&psc=1">View Product</a></div><div class="product"><a href="https://www.amazon.com/dp/B00TPRG5D0?tag=eloabder-20&linkCode=osi&th=1&psc=1"><img src="https://m.media-amazon.com/images/I/61Ezqbe7QUL._SL500_.jpg" alt="Product Image"></a><p>Degree Men Original Antiperspirant Deodorant Cool Rush Twin Pack 48-Hour Sweat & Odor Protection Antiperspirant For Men 2.7 oz</p><p>$6.27 ($1.16 / Ounce)</p><a href="https://www.amazon.com/dp/B00TPRG5D0?tag=eloabder-20&linkCode=osi&th=1&psc=1">View Product</a></div><div class="product"><a href="https://www.amazon.com/dp/B08ZH6P1NY?tag=eloabder-20&linkCode=osi&th=1&psc=1"><img src="https://m.media-amazon.com/images/I/51D2Klixa3L._SL500_.jpg" alt="Product Image"></a><p>Speed Stick Men's Deodorant, Regular, 3 Ounce, 4 Pack</p><p>$8.97 ($0.75 / Ounce)</p><a href="https://www.amazon.com/dp/B08ZH6P1NY?tag=eloabder-20&linkCode=osi&th=1&psc=1">View Product</a></div><div class="product"><a href="https://www.amazon.com/dp/B0080PEM3S?tag=eloabder-20&linkCode=osi&th=1&psc=1"><img src="https://m.media-amazon.com/images/I/61a+r3V48HL._SL500_.jpg" alt="Product Image"></a><p>Degree Advanced Protection Antiperspirant Deodorant White Flowers & Lychee for 72-Hour Sweat & Odor Control for Women, with Body Heat Activated Technology, 2.6 oz</p><p>$4.99 ($1.92 / Ounce)</p><a href="https://www.amazon.com/dp/B0080PEM3S?tag=eloabder-20&linkCode=osi&th=1&psc=1">View Product</a></div><div class="product"><a href="https://www.amazon.com/dp/B002VUAM46?tag=eloabder-20&linkCode=osi&th=1&psc=1"><img src="https://m.media-amazon.com/images/I/51+tUdTWg0L._SL500_.jpg" alt="Product Image"></a><p>Degree Men Antiperspirant Deodorant Adventure Freshness and Odor Protection Deodorant for Men 2.7 Oz, (Pack of 4) Woodsy, Stick</p><p>$10.38 ($0.96 / Ounce)</p><a href="https://www.amazon.com/dp/B002VUAM46?tag=eloabder-20&linkCode=osi&th=1&psc=1">View Product</a></div><div class="product"><a href="https://www.amazon.com/dp/B01HTJTPZA?tag=eloabder-20&linkCode=osi&th=1&psc=1"><img src="https://m.media-amazon.com/images/I/618IrjjMkUL._SL500_.jpg" alt="Product Image"></a><p>Dove Advanced Care Antiperspirant Deodorant Stick Cool Essentials 4 ct for helping your skin barrier repair after shaving 72 hour odor control and sweat protection with Pro Ceramide Technology 2.6 oz</p><p>$16.98 ($1.63 / Ounce)</p><a href="https://www.amazon.com/dp/B01HTJTPZA?tag=eloabder-20&linkCode=osi&th=1&psc=1">View Product</a></div><div class="product"><a href="https://www.amazon.com/dp/B08NYHVJ5N?tag=eloabder-20&linkCode=osi&th=1&psc=1"><img src="https://m.media-amazon.com/images/I/51s98nEidOL._SL500_.jpg" alt="Product Image"></a><p>Old Spice Aluminum Free Deodorant for Men, High Endurance Sport, 24/7 Odor Protection, 3 Oz Each, (Pack Of 3)</p><p>$14.43 ($3.61 / Count)</p><a href="https://www.amazon.com/dp/B08NYHVJ5N?tag=eloabder-20&linkCode=osi&th=1&psc=1">View Product</a></div><div class="product"><a href="https://www.amazon.com/dp/B01HTJTMF8?tag=eloabder-20&linkCode=osi&th=1&psc=1"><img src="https://m.media-amazon.com/images/I/61k+x5yZyML._SL500_.jpg" alt="Product Image"></a><p>Dove Men + Care Antiperspirant Deodorant, 72hr Sweat & Odor Protection, Vitamin E, Triple Moisturizer, 4 Pack</p><p>$18.48 ($1.71 / Ounce)</p><a href="https://www.amazon.com/dp/B01HTJTMF8?tag=eloabder-20&linkCode=osi&th=1&psc=1">View Product</a></div><div class="product"><a href="https://www.amazon.com/dp/B08WYXNVQ7?tag=eloabder-20&linkCode=osi&th=1&psc=1"><img src="https://m.media-amazon.com/images/I/31n90+gYyKL._SL500_.jpg" alt="Product Image"></a><p>SALT & STONE Natural Deodorant - Santal & Vetiver | Extra Strength Natural Deodorant for Women & Men | Aluminum Free with Seaweed Extracts, Shea Butter & Probiotics | Free From Parabens & Sulfates</p><p>$20.00 ($7.69 / Ounce)</p><a href="https://www.amazon.com/dp/B08WYXNVQ7?tag=eloabder-20&linkCode=osi&th=1&psc=1">View Product</a></div>

<div class="product"><a href="https://www.amazon.com/dp/B00ADRH2OM?tag=eloabder-20&linkCode=osi&th=1&psc=1"><img src="https://m.media-amazon.com/images/I/413WPcPNDbL._SL500_.jpg" alt="Product Image"></a><p>OGX Thick & Full + Biotin & Collagen Volumizing Shampoo, Nutrient-Infused Hair Shampoo with Vitamin B7 Biotin Gives Hair Volume & Body for 72+ Hours, Sulfate-Free Surfactants, 13 fl. oz</p><p>$6.97 ($0.54 / Fl Oz)</p><a href="https://www.amazon.com/dp/B00ADRH2OM?tag=eloabder-20&linkCode=osi&th=1&psc=1">View Product</a></div><div class="product"><a href="https://www.amazon.com/dp/B082YG62JM?tag=eloabder-20&linkCode=osi&th=1&psc=1"><img src="https://m.media-amazon.com/images/I/31c5qlF0nYL._SL500_.jpg" alt="Product Image"></a><p>Acure Shampoo 100% Vegan, Ultra Hydrating Moisture & Omega Fatty Acids, , Yellow Argan Oil & Pumpkin, 8 Fl Oz</p><p>$9.99 ($1.25 / Fl Oz)</p><a href="https://www.amazon.com/dp/B082YG62JM?tag=eloabder-20&linkCode=osi&th=1&psc=1">View Product</a></div><div class="product"><a href="https://www.amazon.com/dp/B008J2GP9G?tag=eloabder-20&linkCode=osi&th=1&psc=1"><img src="https://m.media-amazon.com/images/I/31BkIKu3HgL._SL500_.jpg" alt="Product Image"></a><p>OGX Renewing + Argan Oil of Morocco Shampoo, Damage Repair Shampoo & Argan Oil to Help Strengthen & Repair Dry, Damaged Hair, Paraben-Free, Sulfate-Free Surfactants, 25.4 fl. oz</p><p>$12.28 ($0.48 / Fl Oz)</p><a href="https://www.amazon.com/dp/B008J2GP9G?tag=eloabder-20&linkCode=osi&th=1&psc=1">View Product</a></div><div class="product"><a href="https://www.amazon.com/dp/B00AINMFAC?tag=eloabder-20&linkCode=osi&th=1&psc=1"><img src="https://m.media-amazon.com/images/I/41D7x04cFtL._SL500_.jpg" alt="Product Image"></a><p>Nizoral Anti-Dandruff Shampoo with 1% Ketoconazole, Fresh Scent, 7 Fl Oz</p><p>$15.88 ($2.27 / Fl Oz)</p><a href="https://www.amazon.com/dp/B00AINMFAC?tag=eloabder-20&linkCode=osi&th=1&psc=1">View Product</a></div><div class="product"><a href="https://www.amazon.com/dp/B082YGK39W?tag=eloabder-20&linkCode=osi&th=1&psc=1"><img src="https://m.media-amazon.com/images/I/31ZzE6IMgGL._SL500_.jpg" alt="Product Image"></a><p>Acure Vivacious Volume Shampoo | Revitalize and Volumize: Mint and Echinacea Infused Regimen for Fine, Fragile Hair, 8 Fl Oz</p><p>$6.39</p><a href="https://www.amazon.com/dp/B082YGK39W?tag=eloabder-20&linkCode=osi&th=1&psc=1">View Product</a></div><div class="product"><a href="https://www.amazon.com/dp/B00OO0J9UY?tag=eloabder-20&linkCode=osi&th=1&psc=1"><img src="https://m.media-amazon.com/images/I/6111IvzP9vL._SL500_.jpg" alt="Product Image"></a><p>SheaMoisture Intensive Hydration Shampoo for Dry, Damaged Hair Manuka Honey and Mafura Oil Sulfate-Free 13 oz</p><p>$9.68 ($0.74 / Fl Oz)</p><a href="https://www.amazon.com/dp/B00OO0J9UY?tag=eloabder-20&linkCode=osi&th=1&psc=1">View Product</a></div><div class="product"><a href="https://www.amazon.com/dp/B08RG1LQGL?tag=eloabder-20&linkCode=osi&th=1&psc=1"><img src="https://m.media-amazon.com/images/I/31leNyYQAaL._SL500_.jpg" alt="Product Image"></a><p>365 By Whole Foods Market, Moisture & Shine Shampoo Lavender, 32 Fl Oz</p><p>$8.10 ($0.25 / Fl Oz)</p><a href="https://www.amazon.com/dp/B08RG1LQGL?tag=eloabder-20&linkCode=osi&th=1&psc=1">View Product</a></div><div class="product"><a href="https://www.amazon.com/dp/B08RG15SLJ?tag=eloabder-20&linkCode=osi&th=1&psc=1"><img src="https://m.media-amazon.com/images/I/413+ccliIaL._SL500_.jpg" alt="Product Image"></a><p>365 by Whole Foods Market, Volume & Thick Shampoo Rosemary Mint, 32 Fl Oz</p><p>$11.49 ($0.36 / Fl Oz)</p><a href="https://www.amazon.com/dp/B08RG15SLJ?tag=eloabder-20&linkCode=osi&th=1&psc=1">View Product</a></div>
<div class="product"><a href="https://www.amazon.com/dp/B0048F38DY?tag=eloabder-20&linkCode=osi&th=1&psc=1"><img src="https://m.media-amazon.com/images/I/41GrHa75nWL._SL500_.jpg" alt="Product Image"></a><p>OGX Renewing + Argan Oil of Morocco Conditioner, Repair Conditioner & Argan Oil Helps Strengthen & Repair Dry, Damaged Hair, Paraben-Free, Sulfate-Free Surfactants, 13 fl. oz</p><p>$6.97 ($0.54 / Fl Oz)</p><a href="https://www.amazon.com/dp/B0048F38DY?tag=eloabder-20&linkCode=osi&th=1&psc=1">View Product</a></div><div class="product"><a href="https://www.amazon.com/dp/B00OVQO66S?tag=eloabder-20&linkCode=osi&th=1&psc=1"><img src="https://m.media-amazon.com/images/I/61S7x6GUaFL._SL500_.jpg" alt="Product Image"></a><p>SheaMoisture Conditioner Intensive Hydration for Dry, Damaged Hair Manuka Honey and Mafura Oil to Nourish and Soften Hair 13 oz</p><p>$9.68 ($0.74 / Fl Oz)</p><a href="https://www.amazon.com/dp/B00OVQO66S?tag=eloabder-20&linkCode=osi&th=1&psc=1">View Product</a></div><div class="product"><a href="https://www.amazon.com/dp/B00ADR6M2U?tag=eloabder-20&linkCode=osi&th=1&psc=1"><img src="https://m.media-amazon.com/images/I/41m-SPUM-nL._SL500_.jpg" alt="Product Image"></a><p>OGX Thick & Full + Biotin & Collagen Volumizing Conditioner, Nutrient-Infused Conditioner with Vitamin B7 Biotin Gives Hair Volume & Body for 72+ Hours, Sulfate-Free Surfactants, 13 fl. Oz</p><p>$6.97 ($0.54 / Fl Oz)</p><a href="https://www.amazon.com/dp/B00ADR6M2U?tag=eloabder-20&linkCode=osi&th=1&psc=1">View Product</a></div><div class="product"><a href="https://www.amazon.com/dp/B000TG850M?tag=eloabder-20&linkCode=osi&th=1&psc=1"><img src="https://m.media-amazon.com/images/I/31TYCRS9xuL._SL500_.jpg" alt="Product Image"></a><p>OGX Nourishing + Coconut Milk Conditioner, Hydrating & Restoring Conditioner Moisturizes for Soft Hair After the First Use, Parabens-Free, Sulfate-Free Surfactants, 13 fl. Oz</p><p>$6.97 ($0.54 / Fl Oz)</p><a href="https://www.amazon.com/dp/B000TG850M?tag=eloabder-20&linkCode=osi&th=1&psc=1">View Product</a></div><div class="product"><a href="https://www.amazon.com/dp/B008OL3VW6?tag=eloabder-20&linkCode=osi&th=1&psc=1"><img src="https://m.media-amazon.com/images/I/31tIRt0xMJL._SL500_.jpg" alt="Product Image"></a><p>Avalon Organics Therapy Thickening Conditioner, Biotin B-Complex, 32 Oz</p><p>$17.38 ($0.54 / Ounce)</p><a href="https://www.amazon.com/dp/B008OL3VW6?tag=eloabder-20&linkCode=osi&th=1&psc=1">View Product</a></div><div class="product"><a href="https://www.amazon.com/dp/B0128QFSPK?tag=eloabder-20&linkCode=osi&th=1&psc=1"><img src="https://m.media-amazon.com/images/I/31lrVfnasLL._SL500_.jpg" alt="Product Image"></a><p>OGX Quenching + Coconut Curls Curl-Defining Conditioner, Nourishing Curly Hair Conditioner with Coconut /Citrus Oil & Honey, Paraben-Free with Sulfate-Free Surfactants, 13oz</p><p>$6.97 ($0.54 / Fl Oz)</p><a href="https://www.amazon.com/dp/B0128QFSPK?tag=eloabder-20&linkCode=osi&th=1&psc=1">View Product</a></div><div class="product"><a href="https://www.amazon.com/dp/B00V6GPXZO?tag=eloabder-20&linkCode=osi&th=1&psc=1"><img src="https://m.media-amazon.com/images/I/41PW2fckFML._SL500_.jpg" alt="Product Image"></a><p>SheaMoisture Conditioner 100% Pure Jamaican Black Castor Oil to Intensely Smooth and Nourish Hair with Shea Butter, Peppermint and Apple Cider Vinegar 13 oz</p><p>$9.68 ($0.74 / Fl Oz)</p><a href="https://www.amazon.com/dp/B00V6GPXZO?tag=eloabder-20&linkCode=osi&th=1&psc=1">View Product</a></div><div class="product"><a href="https://www.amazon.com/dp/B000VEJVCI?tag=eloabder-20&linkCode=osi&th=1&psc=1"><img src="https://m.media-amazon.com/images/I/21qrX8H4+-L._SL500_.jpg" alt="Product Image"></a><p>Paul Mitchell The Conditioner Original Leave-In, Balances Moisture, For All Hair Types, 16.9 fl. oz.</p><p>$21.00 ($1.24 / Fl Oz)</p><a href="https://www.amazon.com/dp/B000VEJVCI?tag=eloabder-20&linkCode=osi&th=1&psc=1">View Product</a></div>
<div class="product"><a href="https://www.amazon.com/dp/B0BZGRCBY4?tag=eloabder-20&linkCode=osi&th=1&psc=1"><img src="https://m.media-amazon.com/images/I/31qfcnEuzhL._SL500_.jpg" alt="Product Image"></a><p>eos Shea Better Body Lotion- Fresh & Cozy, 24-Hour Moisture Skin Care, Lightweight & Non-Greasy, Made with Natural Shea, Vegan, 16 Fl Oz (Pack of 1)</p><p>$8.98 ($0.56 / Fl Oz)</p><a href="https://www.amazon.com/dp/B0BZGRCBY4?tag=eloabder-20&linkCode=osi&th=1&psc=1">View Product</a></div>

<div class="product"><a href="https://www.amazon.com/dp/B0719GRD5R?tag=eloabder-20&linkCode=osi&th=1&psc=1"><img src="https://m.media-amazon.com/images/I/41YE7bBHNCL._SL500_.jpg" alt="Product Image"></a><p>Clean & Clear Deep Action Exfoliating Cleanser with Pro-Vitamin B5, Gentle Exfoliating Daily Face Scrub Cleans Deep Down to the Pore for Soft, Smooth, Hydrated Skin, Oil Free Face Wash, 7 FL OZ</p><p>$5.32 ($0.76 / Fl Oz)</p><a href="https://www.amazon.com/dp/B0719GRD5R?tag=eloabder-20&linkCode=osi&th=1&psc=1">View Product</a></div><div class="product"><a href="https://www.amazon.com/dp/B088S1685Y?tag=eloabder-20&linkCode=osi&th=1&psc=1"><img src="https://m.media-amazon.com/images/I/310l8Je7mSL._SL500_.jpg" alt="Product Image"></a><p>Neutrogena Skin Balancing Milky Cleanser with 2% Polyhydroxy Acid (PHA), Soothing & Moisturizing Face Wash for Dry & Sensitive Skin, Paraben-Free, Soap-Free, Sulfate-Free, 6.3 oz</p><p>$3.94 ($0.63 / Fl Oz)</p><a href="https://www.amazon.com/dp/B088S1685Y?tag=eloabder-20&linkCode=osi&th=1&psc=1">View Product</a></div><div class="product"><a href="https://www.amazon.com/dp/B000NWDSAE?tag=eloabder-20&linkCode=osi&th=1&psc=1"><img src="https://m.media-amazon.com/images/I/41X+HuMzv9L._SL500_.jpg" alt="Product Image"></a><p>Neutrogena Oil-Free Acne Face Scrub, 2% Salicylic Acid Acne Treatment Medicine, Daily Face Wash to help Prevent Breakouts, Oil Free Exfoliating Facial Cleanser for Acne-Prone Skin, 4.2 fl. oz</p><p>$7.29 ($1.73 / Fl Oz)</p><a href="https://www.amazon.com/dp/B000NWDSAE?tag=eloabder-20&linkCode=osi&th=1&psc=1">View Product</a></div><div class="product"><a href="https://www.amazon.com/dp/B000052ZB5?tag=eloabder-20&linkCode=osi&th=1&psc=1"><img src="https://m.media-amazon.com/images/I/31ItNDNYdIL._SL500_.jpg" alt="Product Image"></a><p>Neutrogena Deep Clean Daily Facial Cream Cleanser with Beta Hydroxy Acid to Remove Dirt, Oil & Makeup, Alcohol-Free, Oil-Free & Non-Comedogenic, 7 fl. oz</p><p>$6.49 ($0.87 / Fl Oz)</p><a href="https://www.amazon.com/dp/B000052ZB5?tag=eloabder-20&linkCode=osi&th=1&psc=1">View Product</a></div><div class="product"><a href="https://www.amazon.com/dp/B00006FE2Z?tag=eloabder-20&linkCode=osi&th=1&psc=1"><img src="https://m.media-amazon.com/images/I/310Nwq030fL._SL500_.jpg" alt="Product Image"></a><p>Neutrogena Deep Clean Gentle Daily Facial Scrub, Oil-Free Cleanser, 4.2 Fl Oz</p><p>$6.49 ($1.55 / Fl Oz)</p><a href="https://www.amazon.com/dp/B00006FE2Z?tag=eloabder-20&linkCode=osi&th=1&psc=1">View Product</a></div>

<div class="product"><a href="https://www.amazon.com/dp/B087781VTJ?tag=eloabder-20&linkCode=osi&th=1&psc=1"><img src="https://m.media-amazon.com/images/I/31OkRWcr12L._SL500_.jpg" alt="Product Image"></a><p>PURELL Advanced Hand Sanitizer Refreshing Gel, Clean Scent, 1 Liter Pump Bottle (Pack of 1) - 9632-04-CMR</p><p>$11.24 ($0.33 / Fl Oz)</p><a href="https://www.amazon.com/dp/B087781VTJ?tag=eloabder-20&linkCode=osi&th=1&psc=1">View Product</a></div><div class="product"><a href="https://www.amazon.com/dp/B0889WWM49?tag=eloabder-20&linkCode=osi&th=1&psc=1"><img src="https://m.media-amazon.com/images/I/51KTBSE1ZwL._SL500_.jpg" alt="Product Image"></a><p>Germ-X Original Hand Sanitizer, Moisturizing Gel with Vitamin E, Instant and No Rinse Formula, Back to School Supplies College, 8 Fl Oz Pump Bottle (Pack of 12)</p><p>$23.04 ($0.24 / Fl Oz)</p><a href="https://www.amazon.com/dp/B0889WWM49?tag=eloabder-20&linkCode=osi&th=1&psc=1">View Product</a></div><div class="product"><a href="https://www.amazon.com/dp/B08XZS6BGG?tag=eloabder-20&linkCode=osi&th=1&psc=1"><img src="https://m.media-amazon.com/images/I/51XpsRtfkiL._SL500_.jpg" alt="Product Image"></a><p>PURELL Advanced Hand Sanitizer Naturals with Plant Based Alcohol, Citrus Scent, 8 fl oz Pump Bottle (Pack of 4), 9626-06-ECDECO</p><p>$14.99 ($0.47 / Fl Oz)</p><a href="https://www.amazon.com/dp/B08XZS6BGG?tag=eloabder-20&linkCode=osi&th=1&psc=1">View Product</a></div><div class="product"><a href="https://www.amazon.com/dp/B08VL1MXNZ?tag=eloabder-20&linkCode=osi&th=1&psc=1"><img src="https://m.media-amazon.com/images/I/41EMtmcLMxL._SL500_.jpg" alt="Product Image"></a><p>PURELL PRIME DEFENSE Advanced Hand Sanitizer, 85%, Maximum Strength Formula, 12 fl oz Pump Bottles (Pack of 4) - 3699-06-EC2</p><p>$27.99 ($0.58 / Fl Oz)</p><a href="https://www.amazon.com/dp/B08VL1MXNZ?tag=eloabder-20&linkCode=osi&th=1&psc=1">View Product</a></div><div class="product"><a href="https://www.amazon.com/dp/B08R15JGNX?tag=eloabder-20&linkCode=osi&th=1&psc=1"><img src="https://m.media-amazon.com/images/I/41YXo-hwuXL._SL500_.jpg" alt="Product Image"></a><p>Amazon Basic Care - Aloe Vera Hand Sanitizer 62%, 12 fl oz (Pack of 6)</p><p>$15.09 ($0.21 / Fl Oz)</p><a href="https://www.amazon.com/dp/B08R15JGNX?tag=eloabder-20&linkCode=osi&th=1&psc=1">View Product</a></div><div class="product"><a href="https://www.amazon.com/dp/B08R14XP4D?tag=eloabder-20&linkCode=osi&th=1&psc=1"><img src="https://m.media-amazon.com/images/I/415ogBNctoL._SL500_.jpg" alt="Product Image"></a><p>Amazon Basic Care - Original Hand Sanitizer 62%, 12 fl oz (Pack of 6)</p><p>$19.95 ($0.28 / Fl Oz)</p><a href="https://www.amazon.com/dp/B08R14XP4D?tag=eloabder-20&linkCode=osi&th=1&psc=1">View Product</a></div><div class="product"><a href="https://www.amazon.com/dp/B00U2KYUAY?tag=eloabder-20&linkCode=osi&th=1&psc=1"><img src="https://m.media-amazon.com/images/I/516ldzLw1iL._SL500_.jpg" alt="Product Image"></a><p>PURELL Advanced Hand Sanitizer Soothing Gel, Fresh Scent, 8 fl oz Pump Bottle (Pack of 4), 9674-06-ECDECO</p><p>$14.99 ($0.47 / Fl Oz)</p><a href="https://www.amazon.com/dp/B00U2KYUAY?tag=eloabder-20&linkCode=osi&th=1&psc=1">View Product</a></div>
<div class="product"><a href="https://www.amazon.com/dp/B01N7TYBKS?tag=eloabder-20&linkCode=osi&th=1&psc=1"><img src="https://m.media-amazon.com/images/I/31PicytUhxL._SL500_.jpg" alt="Product Image"></a><p>MRS. MEYER'S CLEAN DAY Hand Lotion for Dry Hands, Non-Greasy Moisturizer Made with Essential Oils, Lavender, 12 oz</p><p>$10.80 ($0.90 / Fl Oz)</p><a href="https://www.amazon.com/dp/B01N7TYBKS?tag=eloabder-20&linkCode=osi&th=1&psc=1">View Product</a></div><div class="product"><a href="https://www.amazon.com/dp/B0BYQ34X6C?tag=eloabder-20&linkCode=osi&th=1&psc=1"><img src="https://m.media-amazon.com/images/I/61e61W8P89L._SL500_.jpg" alt="Product Image"></a><p>Vaseline Hand Sanitizer Lotion 2-in-1 Hydrating Skin Care 3 Ct Moisturizes and Eliminates Bacteria with Vitamin E 8 oz</p><p>$20.97 ($0.87 / Fl Oz)</p><a href="https://www.amazon.com/dp/B0BYQ34X6C?tag=eloabder-20&linkCode=osi&th=1&psc=1">View Product</a></div><div class="product"><a href="https://www.amazon.com/dp/B07QBN245V?tag=eloabder-20&linkCode=osi&th=1&psc=1"><img src="https://m.media-amazon.com/images/I/31N7vGLuV0L._SL500_.jpg" alt="Product Image"></a><p>Jergens Lavender Body Butter Body and Hand Lotion, Moisturizer for Women, 7 Fl Oz (Pack of 1), with Essential Oils for Indulgent Moisturization White</p><p>$7.72 ($1.10 / Fl Oz)</p><a href="https://www.amazon.com/dp/B07QBN245V?tag=eloabder-20&linkCode=osi&th=1&psc=1">View Product</a></div><div class="product"><a href="https://www.amazon.com/dp/B001PBOKRM?tag=eloabder-20&linkCode=osi&th=1&psc=1"><img src="https://m.media-amazon.com/images/I/31NR+HKsONL._SL500_.jpg" alt="Product Image"></a><p>Jergens Original Scent Dry Skin Lotion, Body and Hand Moisturizer for Long Lasting Skin Hydration, with HYDRALUCENCE blend and Cherry Almond Essence, 32 Ounce</p><p>$10.47 ($0.33 / Fl Oz)</p><a href="https://www.amazon.com/dp/B001PBOKRM?tag=eloabder-20&linkCode=osi&th=1&psc=1">View Product</a></div><div class="product"><a href="https://www.amazon.com/dp/B0CGR35JRD?tag=eloabder-20&linkCode=osi&th=1&psc=1"><img src="https://m.media-amazon.com/images/I/31ALnyy+p6L._SL500_.jpg" alt="Product Image"></a><p>Jergens Hand and Body Lotion, Ultra Healing Dry Skin Moisturizer, Fragrance Free Lotion, Sensitive Skin Lotion, 21 Oz</p><p>$7.47 ($0.36 / Fl Oz)</p><a href="https://www.amazon.com/dp/B0CGR35JRD?tag=eloabder-20&linkCode=osi&th=1&psc=1">View Product</a></div>
<div class="product"><a href="https://www.amazon.com/dp/B0BQWYRXPT?tag=eloabder-20&linkCode=osi&th=1&psc=1"><img src="https://m.media-amazon.com/images/I/411xH4LwE1L._SL500_.jpg" alt="Product Image"></a><p>Dermoplast Wound Wipes Medicated First Aid Cloths, Analgesic & Antiseptic Wipes for Treating Minor Cuts, Scrapes and Burns on The Go, Sting Free Formula, 10 Individual Cloths (Packaging May Vary)</p><p>$9.99 ($1.00 / Count)</p><a href="https://www.amazon.com/dp/B0BQWYRXPT?tag=eloabder-20&linkCode=osi&th=1&psc=1">View Product</a></div><div class="product"><a href="https://www.amazon.com/dp/B0057Z24WK?tag=eloabder-20&linkCode=osi&th=1&psc=1"><img src="https://m.media-amazon.com/images/I/41Np605ZC3L._SL500_.jpg" alt="Product Image"></a><p>BZK Antiseptic Towelettes, 100 Count (Pack of 1)</p><p>$7.97 ($0.08 / Count)</p><a href="https://www.amazon.com/dp/B0057Z24WK?tag=eloabder-20&linkCode=osi&th=1&psc=1">View Product</a></div><div class="product"><a href="https://www.amazon.com/dp/B07K335Y78?tag=eloabder-20&linkCode=osi&th=1&psc=1"><img src="https://m.media-amazon.com/images/I/31qFUEO9IjL._SL500_.jpg" alt="Product Image"></a><p>McKesson Obstetrical Antiseptic Towelettes Wipes, Sterile, Individual Packet, Clean Scent, 100 Count, 1 Pack</p><p>$7.20 ($0.07 / Count)</p><a href="https://www.amazon.com/dp/B07K335Y78?tag=eloabder-20&linkCode=osi&th=1&psc=1">View Product</a></div><div class="product"><a href="https://www.amazon.com/dp/B08S399VWH?tag=eloabder-20&linkCode=osi&th=1&psc=1"><img src="https://m.media-amazon.com/images/I/41dtXFAXLeL._SL500_.jpg" alt="Product Image"></a><p>Nurture XL Antibacterial Body & Hand Wipes | Alcohol-Free Antiseptic Wet Sanitizer Towelettes for Germ Removal, Disinfecting Skin, Sanitizing Hands |Cleaning Cloths | Adults & Baby | Thick & Strong</p><p>$44.95 ($0.15 / Count)</p><a href="https://www.amazon.com/dp/B08S399VWH?tag=eloabder-20&linkCode=osi&th=1&psc=1">View Product</a></div><div class="product"><a href="https://www.amazon.com/dp/B01N362TQ6?tag=eloabder-20&linkCode=osi&th=1&psc=1"><img src="https://m.media-amazon.com/images/I/31GuJZ7KbVL._SL500_.jpg" alt="Product Image"></a><p>McKesson Benzalkonium Chloride Towelettes, Antiseptic Cleansing, Individual Packet, 100 Count, 1 Pack</p><p>$7.78 ($0.08 / Count)</p><a href="https://www.amazon.com/dp/B01N362TQ6?tag=eloabder-20&linkCode=osi&th=1&psc=1">View Product</a></div><div class="product"><a href="https://www.amazon.com/dp/B06XS38XH6?tag=eloabder-20&linkCode=osi&th=1&psc=1"><img src="https://m.media-amazon.com/images/I/41P5yr0gl-L._SL500_.jpg" alt="Product Image"></a><p>Care Touch Alcohol Wipes Individually Wrapped - Prep Pads with 70% Isopropyl Alcohol, Great for Home, Medical & First Aid Kits Sterilized, Antiseptic 2-Ply Swabs 400 Count</p><p>$8.99 ($0.02 / Count)</p><a href="https://www.amazon.com/dp/B06XS38XH6?tag=eloabder-20&linkCode=osi&th=1&psc=1">View Product</a></div>
<div class="product"><a href="https://www.amazon.com/dp/B00006IDL6?tag=eloabder-20&linkCode=osi&th=1&psc=1"><img src="https://m.media-amazon.com/images/I/51SFTNQg7-L._SL500_.jpg" alt="Product Image"></a><p>Band-Aid Brand Flexible Fabric Adhesive Bandages for Wound Care and First Aid, All One Size, 100 Count</p><p>$8.48 ($0.08 / Count)</p><a href="https://www.amazon.com/dp/B00006IDL6?tag=eloabder-20&linkCode=osi&th=1&psc=1">View Product</a></div><div class="product"><a href="https://www.amazon.com/dp/B0BGH1YQC6?tag=eloabder-20&linkCode=osi&th=1&psc=1"><img src="https://m.media-amazon.com/images/I/51xvWhwfAnL._SL500_.jpg" alt="Product Image"></a><p>Amazon Basic Care Flexible Fabric Adhesive Bandages, First Aid and Wound Care Supplies, Assorted Sizes, 100 Count</p><p>$5.80 ($0.06 / Count)</p><a href="https://www.amazon.com/dp/B0BGH1YQC6?tag=eloabder-20&linkCode=osi&th=1&psc=1">View Product</a></div><div class="product"><a href="https://www.amazon.com/dp/B000GCPW8C?tag=eloabder-20&linkCode=osi&th=1&psc=1"><img src="https://m.media-amazon.com/images/I/51vXh4MmDrL._SL500_.jpg" alt="Product Image"></a><p>Band-Aid Brand Tru-Stay Adhesive Pads, Large Sterile Bandages for Wound Care, Large Size, 10 ct</p><p>$3.56 ($0.36 / Count)</p><a href="https://www.amazon.com/dp/B000GCPW8C?tag=eloabder-20&linkCode=osi&th=1&psc=1">View Product</a></div><div class="product"><a href="https://www.amazon.com/dp/B09N1PJFH4?tag=eloabder-20&linkCode=osi&th=1&psc=1"><img src="https://m.media-amazon.com/images/I/414tb0lZk2L._SL500_.jpg" alt="Product Image"></a><p>Band-Aid Brand Adhesive Bandages for Sensitive Skin, Hypoallergenic First Aid Bandages with Painless Removal, Stays on When Wet & Suitable for Eczema Prone Skin, Extra Large Size, 7 ct</p><p>$3.35 ($0.48 / Count)</p><a href="https://www.amazon.com/dp/B09N1PJFH4?tag=eloabder-20&linkCode=osi&th=1&psc=1">View Product</a></div><div class="product"><a href="https://www.amazon.com/dp/B08JH93SHW?tag=eloabder-20&linkCode=osi&th=1&psc=1"><img src="https://m.media-amazon.com/images/I/51mp6AFuzlL._SL500_.jpg" alt="Product Image"></a><p>CURAD Performance Series Ironman Antibacterial Bandages, Extreme Hold Adhesive Technology, Finger & Knuckle Bandages, Flexible Fabric, Variety Pack with Assorted Sizes & Colors, 50 Count</p><p>$6.97 ($0.14 / Count)</p><a href="https://www.amazon.com/dp/B08JH93SHW?tag=eloabder-20&linkCode=osi&th=1&psc=1">View Product</a></div><div class="product"><a href="https://www.amazon.com/dp/B07K31T5SC?tag=eloabder-20&linkCode=osi&th=1&psc=1"><img src="https://m.media-amazon.com/images/I/415PIj3D6HL._SL500_.jpg" alt="Product Image"></a><p>McKesson Adhesive Bandages, Sterile, Fabric Patch, 2 in x 3 in, 50 Count, 1 Pack</p><p>$8.30 ($0.17 / Count)</p><a href="https://www.amazon.com/dp/B07K31T5SC?tag=eloabder-20&linkCode=osi&th=1&psc=1">View Product</a></div><div class="product"><a href="https://www.amazon.com/dp/B01N6T0XHP?tag=eloabder-20&linkCode=osi&th=1&psc=1"><img src="https://m.media-amazon.com/images/I/31VmxqprYDL._SL500_.jpg" alt="Product Image"></a><p>Curad Assorted Bandages Variety Pack 300 Pieces, Including Antibacterial, Heavy Duty, Fabric, and Waterproof Bandages</p><p>$11.99 ($0.04 / Count)</p><a href="https://www.amazon.com/dp/B01N6T0XHP?tag=eloabder-20&linkCode=osi&th=1&psc=1">View Product</a></div><div class="product"><a href="https://www.amazon.com/dp/B0895DYMGL?tag=eloabder-20&linkCode=osi&th=1&psc=1"><img src="https://m.media-amazon.com/images/I/41hesAQJS3L._SL500_.jpg" alt="Product Image"></a><p>12 Pack Self Adherent Cohesive Wrap Bandages 2 Inches X 5 Yards,First Aid Tape, Elastic Self Adhesive Tape, Athletic, Sports wrap Tape, Bandage Wrap for Sports, Wrist, Skin Colour Athletic Tape</p><p>$8.99 ($0.75 / Count)</p><a href="https://www.amazon.com/dp/B0895DYMGL?tag=eloabder-20&linkCode=osi&th=1&psc=1">View Product</a></div><div class="product"><a href="https://www.amazon.com/dp/B0CKVN8SBL?tag=eloabder-20&linkCode=osi&th=1&psc=1"><img src="https://m.media-amazon.com/images/I/51LrlyDltUL._SL500_.jpg" alt="Product Image"></a><p>AZEN 8 Pack Self Adhesive Bandage Wrap, 2" X 5 Yards Elastic Cohesive Bandage Wrap, Skin Color Athletic Tape, Vet Wrap, Ankle Tape, Tattoo Grip Tape Wrap</p><p>$6.99 ($1.16 / Count)</p><a href="https://www.amazon.com/dp/B0CKVN8SBL?tag=eloabder-20&linkCode=osi&th=1&psc=1">View Product</a></div><div class="product"><a href="https://www.amazon.com/dp/B085V69JPM?tag=eloabder-20&linkCode=osi&th=1&psc=1"><img src="https://m.media-amazon.com/images/I/51zRkg4pCNL._SL500_.jpg" alt="Product Image"></a><p>Nexcare Max Hold Waterproof Bandages, Helps waterproof, dirtproof, and germproof your wounds, 60 ct</p><p>$7.49 ($0.12 / Count)</p><a href="https://www.amazon.com/dp/B085V69JPM?tag=eloabder-20&linkCode=osi&th=1&psc=1">View Product</a></div>




<div class="product"><a href="https://www.amazon.com/dp/B079HXLZGY?tag=eloabder-20&linkCode=osi&th=1&psc=1"><img src="https://m.media-amazon.com/images/I/51O0z0rymgL._SL500_.jpg" alt="Product Image"></a><p>Amazon Basic Care Nighttime Sleep Aid Tablets for Adults, Doxylamine Succinate 25 mg, 96 Count</p><p>$12.59 ($0.13 / Count)</p><a href="https://www.amazon.com/dp/B079HXLZGY?tag=eloabder-20&linkCode=osi&th=1&psc=1">View Product</a></div><div class="product"><a href="https://www.amazon.com/dp/B00NJ1BQZA?tag=eloabder-20&linkCode=osi&th=1&psc=1"><img src="https://m.media-amazon.com/images/I/41q8bT3bu0L._SL500_.jpg" alt="Product Image"></a><p>Relaxium Sleep Aid for Adults, Melatonin 5mg with Magnesium Glycinate, Sleep-Promoting Valerest & Ashwagandha, Non-Habit Forming Sleep Supplement, 60 Capsules, 30-Day Supply</p><p>$29.99 ($0.50 / count)</p><a href="https://www.amazon.com/dp/B00NJ1BQZA?tag=eloabder-20&linkCode=osi&th=1&psc=1">View Product</a></div><div class="product"><a href="https://www.amazon.com/dp/B0848WCZFM?tag=eloabder-20&linkCode=osi&th=1&psc=1"><img src="https://m.media-amazon.com/images/I/41Rzyzjg2UL._SL500_.jpg" alt="Product Image"></a><p>HealthA2Z Sleep Aid, Diphenhydramine Softgels, 50mg, Supports Deeper, Restful Sleeping, Non Habit-Forming (250 Counts)</p><p>$9.85 ($0.04 / Count)</p><a href="https://www.amazon.com/dp/B0848WCZFM?tag=eloabder-20&linkCode=osi&th=1&psc=1">View Product</a></div><div class="product"><a href="https://www.amazon.com/dp/B08H766XS8?tag=eloabder-20&linkCode=osi&th=1&psc=1"><img src="https://m.media-amazon.com/images/I/4117Yuu9uhL._SL500_.jpg" alt="Product Image"></a><p>RXZELL Sleep Aid, Diphenhydramine HCl 50mg, 220 Softgels - Fall Asleep Faster, Deeper Restful Sleeping, Non Habit-Forming</p><p>$9.98 ($0.05 / Count)</p><a href="https://www.amazon.com/dp/B08H766XS8?tag=eloabder-20&linkCode=osi&th=1&psc=1">View Product</a></div><div class="product"><a href="https://www.amazon.com/dp/B07BZW88NY?tag=eloabder-20&linkCode=osi&th=1&psc=1"><img src="https://m.media-amazon.com/images/I/51HD9BxwlWL._SL500_.jpg" alt="Product Image"></a><p>Kirkland Signature Sleep Aid, 192 Tablets</p><p>$13.95 ($0.07 / Count)</p><a href="https://www.amazon.com/dp/B07BZW88NY?tag=eloabder-20&linkCode=osi&th=1&psc=1">View Product</a></div><div class="product"><a href="https://www.amazon.com/dp/B08Y74HSSH?tag=eloabder-20&linkCode=osi&th=1&psc=1"><img src="https://m.media-amazon.com/images/I/41WtHEKTuML._SL500_.jpg" alt="Product Image"></a><p>ZzzQuil ULTRA, Sleep Aid, Nighttime Sleep Aid, 25 mg Doxylamine Succinate, From Makers of Nyquil, Non- Habit Forming, Fall Asleep Fast, Stay Asleep Longer, 48 Count</p><p>$19.63 ($0.41 / Count)</p><a href="https://www.amazon.com/dp/B08Y74HSSH?tag=eloabder-20&linkCode=osi&th=1&psc=1">View Product</a></div><div class="product"><a href="https://www.amazon.com/dp/B01683HFGY?tag=eloabder-20&linkCode=osi&th=1&psc=1"><img src="https://m.media-amazon.com/images/I/51hFnh0pfXL._SL500_.jpg" alt="Product Image"></a><p>Unisom SleepTabs, Nighttime Sleep-aid, Doxylamine Succinate, 80 Tablets</p><p>$13.98 ($0.17 / Count)</p><a href="https://www.amazon.com/dp/B01683HFGY?tag=eloabder-20&linkCode=osi&th=1&psc=1">View Product</a></div><div class="product"><a href="https://www.amazon.com/dp/B099JXNWYL?tag=eloabder-20&linkCode=osi&th=1&psc=1"><img src="https://m.media-amazon.com/images/I/41K+tJ73J2L._SL500_.jpg" alt="Product Image"></a><p>12-in-1 Melatonin Capsules - Melatonin 5mg Natural Sleep Aids for Adults - Magnesium Glycinate 500mg, Ashwagandha, L Theanine, Valerian Root, GABA, 5-HTP, Sleep Supplement for Adults, Pack of 1</p><p>$21.95 ($0.24 / Count)</p><a href="https://www.amazon.com/dp/B099JXNWYL?tag=eloabder-20&linkCode=osi&th=1&psc=1">View Product</a></div><div class="product"><a href="https://www.amazon.com/dp/B07PXT5LYR?tag=eloabder-20&linkCode=osi&th=1&psc=1"><img src="https://m.media-amazon.com/images/I/41Pu3C1zvML._SL500_.jpg" alt="Product Image"></a><p>Nature's Bounty Sleep3 Melatonin 10mg, Maximum Strength 100% Drug Free Sleep Aid, Dietary Supplement, L-Theanine & Nighttime Herbal Blend Time Release Technology, 60 Tri-Layered Tablets</p><p>$13.07 ($0.22 / Count)</p><a href="https://www.amazon.com/dp/B07PXT5LYR?tag=eloabder-20&linkCode=osi&th=1&psc=1">View Product</a></div>
<div class="product"><a href="https://www.amazon.com/dp/B00HE66ZUC?tag=eloabder-20&linkCode=osi&th=1&psc=1"><img src="https://m.media-amazon.com/images/I/510MmBSuAfL._SL500_.jpg" alt="Product Image"></a><p>GoodSense Allergy Relief Loratadine Tablets 10 mg, Compare to Claritin, Antihistamine, 24 Hour Allergy Relief, 365 Count</p><p>$12.99 ($0.04 / Count)</p><a href="https://www.amazon.com/dp/B00HE66ZUC?tag=eloabder-20&linkCode=osi&th=1&psc=1">View Product</a></div><div class="product"><a href="https://www.amazon.com/dp/B07S1BZXVW?tag=eloabder-20&linkCode=osi&th=1&psc=1"><img src="https://m.media-amazon.com/images/I/41KfCe6maEL._SL500_.jpg" alt="Product Image"></a><p>HealthA2Z® Allergy Relief | Cetirizine 10mg | All Day Allergy Relief | Indoor & Outdoor | Relief from Itchy Throat, Sneezing, Runny Noses (250 count (pack of 1))</p><p>$8.75 ($0.04 / Count)</p><a href="https://www.amazon.com/dp/B07S1BZXVW?tag=eloabder-20&linkCode=osi&th=1&psc=1">View Product</a></div><div class="product"><a href="https://www.amazon.com/dp/B074F19XB8?tag=eloabder-20&linkCode=osi&th=1&psc=1"><img src="https://m.media-amazon.com/images/I/412oY-CSVJL._SL500_.jpg" alt="Product Image"></a><p>Amazon Basic Care Complete Allergy Relief, Diphenhydramine HCl 25 mg, Relieves Symptoms, Antihistamine Tablets, 400 Count</p><p>$7.67 ($0.02 / Count)</p><a href="https://www.amazon.com/dp/B074F19XB8?tag=eloabder-20&linkCode=osi&th=1&psc=1">View Product</a></div><div class="product"><a href="https://www.amazon.com/dp/B074F18H5N?tag=eloabder-20&linkCode=osi&th=1&psc=1"><img src="https://m.media-amazon.com/images/I/41SMpawpNjL._SL500_.jpg" alt="Product Image"></a><p>Amazon Basic Care Allergy Relief Loratadine Tablets 10 mg, 300 Count</p><p>$16.54 ($0.06 / Count)</p><a href="https://www.amazon.com/dp/B074F18H5N?tag=eloabder-20&linkCode=osi&th=1&psc=1">View Product</a></div><div class="product"><a href="https://www.amazon.com/dp/B087CBHR9W?tag=eloabder-20&linkCode=osi&th=1&psc=1"><img src="https://m.media-amazon.com/images/I/41+XRnnkAXL._SL500_.jpg" alt="Product Image"></a><p>HealthA2Z Fexofenadine Hydrochloride 180mg, Antihistamine for Allergy Relief, Non-Drowsy, 24-Hour Antihistamine for Allergy Relief (120 Count (Pack of 1))</p><p>$21.25 ($0.18 / Count)</p><a href="https://www.amazon.com/dp/B087CBHR9W?tag=eloabder-20&linkCode=osi&th=1&psc=1">View Product</a></div><div class="product"><a href="https://www.amazon.com/dp/B083VVT61S?tag=eloabder-20&linkCode=osi&th=1&psc=1"><img src="https://m.media-amazon.com/images/I/41BJ8O5m3RL._SL500_.jpg" alt="Product Image"></a><p>Amazon Basic Care 24 Hour Allergy Relief, Levocetirizine Dihydrochloride Tablets, 5 mg, Antihistamine, Relieves Sneezing, Runny Nose, Itchy Nose or Throat and Itchy, Watery Eyes, 80 Count</p><p>$20.72 ($0.26 / Count)</p><a href="https://www.amazon.com/dp/B083VVT61S?tag=eloabder-20&linkCode=osi&th=1&psc=1">View Product</a></div><div class="product"><a href="https://www.amazon.com/dp/B08JVPNBGM?tag=eloabder-20&linkCode=osi&th=1&psc=1"><img src="https://m.media-amazon.com/images/I/41ZLXQU2qNL._SL500_.jpg" alt="Product Image"></a><p>Zyrtec 24 Hour Allergy Relief Tablets, Indoor & Outdoor Allergy Medicine with 10 mg Cetirizine HCl per Antihistamine Tablet, Relief of Allergies, 60 ct</p><p>$22.81 ($0.38 / Count)</p><a href="https://www.amazon.com/dp/B08JVPNBGM?tag=eloabder-20&linkCode=osi&th=1&psc=1">View Product</a></div><div class="product"><a href="https://www.amazon.com/dp/B087Z6TKD9?tag=eloabder-20&linkCode=osi&th=1&psc=1"><img src="https://m.media-amazon.com/images/I/41hMESBq3wL._SL500_.jpg" alt="Product Image"></a><p>HealthA2Z® Allergy Relief | Loratadine 10mg | Antihistamine | Non-Drowsy | Relief from Itchy Throat, Sneezing, Runny Noses | 24-Hours Allergy Medicine (300 Tablets)</p><p>$13.25 ($0.04 / Count)</p><a href="https://www.amazon.com/dp/B087Z6TKD9?tag=eloabder-20&linkCode=osi&th=1&psc=1">View Product</a></div><div class="product"><a href="https://www.amazon.com/dp/B074F145Y1?tag=eloabder-20&linkCode=osi&th=1&psc=1"><img src="https://m.media-amazon.com/images/I/41QxbjhcCML._SL500_.jpg" alt="Product Image"></a><p>Amazon Basic Care 24 Hour Allergy Relief, Cetirizine Hydrochloride Tablets, 10 mg, 300 Count</p><p>$25.87 ($0.09 / Count)</p><a href="https://www.amazon.com/dp/B074F145Y1?tag=eloabder-20&linkCode=osi&th=1&psc=1">View Product</a></div><div class="product"><a href="https://www.amazon.com/dp/B07HD64D4G?tag=eloabder-20&linkCode=osi&th=1&psc=1"><img src="https://m.media-amazon.com/images/I/51fjuo22JXL._SL500_.jpg" alt="Product Image"></a><p>HealthCareAisle Allergy Relief - Fexofenadine Hydrochloride Tablets USP, 180 mg – 90 Tablets – Allergy Medication, Non-Drowsy 24-Hour Allergy Relief</p><p>$12.71 ($0.14 / Count)</p><a href="https://www.amazon.com/dp/B07HD64D4G?tag=eloabder-20&linkCode=osi&th=1&psc=1">View Product</a></div>
<div class="product"><a href="https://www.amazon.com/dp/B012ROWNS8?tag=eloabder-20&linkCode=osi&th=1&psc=1"><img src="https://m.media-amazon.com/images/I/51cxYFhISYL._SL500_.jpg" alt="Product Image"></a><p>Boiron Chestal Honey Adult Cold and Cough Syrup for Nasal and Chest Congestion, Runny Nose, and Sore Throat Relief - 6.7 Fl oz</p><p>$11.70 ($1.75 / Fl Oz)</p><a href="https://www.amazon.com/dp/B012ROWNS8?tag=eloabder-20&linkCode=osi&th=1&psc=1">View Product</a></div><div class="product"><a href="https://www.amazon.com/dp/B000WAWN8K?tag=eloabder-20&linkCode=osi&th=1&psc=1"><img src="https://m.media-amazon.com/images/I/41MhHkkpCQL._SL500_.jpg" alt="Product Image"></a><p>Zicam Cold Remedy Zinc Rapidmelts, Citrus Flavor, 25 Count (Pack of 1)</p><p>$10.98 ($0.44 / Count)</p><a href="https://www.amazon.com/dp/B000WAWN8K?tag=eloabder-20&linkCode=osi&th=1&psc=1">View Product</a></div><div class="product"><a href="https://www.amazon.com/dp/B08836KTVQ?tag=eloabder-20&linkCode=osi&th=1&psc=1"><img src="https://m.media-amazon.com/images/I/51kNMcIeJPL._SL500_.jpg" alt="Product Image"></a><p>Mucinex Fast-Max Cold and Flu & Nightshift Severe Cold and Flu Medicine for Adults, Over-the-Counter Medication Combo Pack for Sore Throat Relief, Decongestant, Cough & Cold Medicines, 2 x 6 Fl Oz</p><p>$16.78 ($1.40 / Fl Oz)</p><a href="https://www.amazon.com/dp/B08836KTVQ?tag=eloabder-20&linkCode=osi&th=1&psc=1">View Product</a></div><div class="product"><a href="https://www.amazon.com/dp/B019DL5KCO?tag=eloabder-20&linkCode=osi&th=1&psc=1"><img src="https://m.media-amazon.com/images/I/51i-U6pGMjL._SL500_.jpg" alt="Product Image"></a><p>Coricidin HBP Decongestant-Free Cough and Cold Medicine - Specially Designed Relief for High Blood Pressure, Cough, Runny Nose, Sneezing and Cold Symptoms (16 Count)</p><p>$8.99 ($0.56 / Count)</p><a href="https://www.amazon.com/dp/B019DL5KCO?tag=eloabder-20&linkCode=osi&th=1&psc=1">View Product</a></div><div class="product"><a href="https://www.amazon.com/dp/B009ITR4EY?tag=eloabder-20&linkCode=osi&th=1&psc=1"><img src="https://m.media-amazon.com/images/I/5108J1lmIxL._SL500_.jpg" alt="Product Image"></a><p>Tylenol Cold + Flu Severe Medicine Caplets for Fever, Pain, Cough & Congestion, 24 ct.</p><p>$7.67 ($0.32 / Count)</p><a href="https://www.amazon.com/dp/B009ITR4EY?tag=eloabder-20&linkCode=osi&th=1&psc=1">View Product</a></div><div class="product"><a href="https://www.amazon.com/dp/B000XTO9CI?tag=eloabder-20&linkCode=osi&th=1&psc=1"><img src="https://m.media-amazon.com/images/I/51oNP4G9-7L._SL500_.jpg" alt="Product Image"></a><p>Nature's Way Umcka Cold Plus Flu Berry - 20 Chewables</p><p>$13.03 ($0.65 / Count)</p><a href="https://www.amazon.com/dp/B000XTO9CI?tag=eloabder-20&linkCode=osi&th=1&psc=1">View Product</a></div><div class="product"><a href="https://www.amazon.com/dp/B01FCDDEUC?tag=eloabder-20&linkCode=osi&th=1&psc=1"><img src="https://m.media-amazon.com/images/I/51tvGxyWfdL._SL500_.jpg" alt="Product Image"></a><p>Genexa Kids' Cold Crush | Multi-Symptom Cough & Cold Relief for Children | Delicious Organic Acai Berry Flavor | Certified Organic & Non-GMO | Homeopathic Remedy Made Clean | 60 Chewable Tablets</p><p>$14.99 ($0.25 / Count)</p><a href="https://www.amazon.com/dp/B01FCDDEUC?tag=eloabder-20&linkCode=osi&th=1&psc=1">View Product</a></div><div class="product"><a href="https://www.amazon.com/dp/B01FCDI70Y?tag=eloabder-20&linkCode=osi&th=1&psc=1"><img src="https://m.media-amazon.com/images/I/51XEbZuRk2L._SL500_.jpg" alt="Product Image"></a><p>Genexa Cold Crush | Multi-Symptom Cough & Cold Relief for Adults | Delicious Organic Acai Berry Flavor | Certified Organic & Non-GMO | Homeopathic Remedy Made Clean | 60 Chewable Tablets</p><p>$15.99 ($0.27 / Count)</p><a href="https://www.amazon.com/dp/B01FCDI70Y?tag=eloabder-20&linkCode=osi&th=1&psc=1">View Product</a></div><div class="product"><a href="https://www.amazon.com/dp/B085PSBV9B?tag=eloabder-20&linkCode=osi&th=1&psc=1"><img src="https://m.media-amazon.com/images/I/31xr+2nG29L._SL500_.jpg" alt="Product Image"></a><p>Earthley Wellness, Cough-B-Gone, Natural Herbal Formula, Cold and Cough Remedy, Removes Extra Mucus, Soothes Sore Throats, Promotes Lung Health, and Detoxification, Cough Be Gone (2oz, Kids)</p><p>$24.99 ($12.50 / Ounce)</p><a href="https://www.amazon.com/dp/B085PSBV9B?tag=eloabder-20&linkCode=osi&th=1&psc=1">View Product</a></div><div class="product"><a href="https://www.amazon.com/dp/B01DZ0CN6A?tag=eloabder-20&linkCode=osi&th=1&psc=1"><img src="https://m.media-amazon.com/images/I/41DVIB8+QVL._SL500_.jpg" alt="Product Image"></a><p>Hyland's Baby Mucus and Cold Relief, Daytime Baby Cold Medicine, Infant Cold and Cough Remedy, Decongestant, 4 Fluid Ounce</p><p>$7.01 ($1.75 / Fl Oz)</p><a href="https://www.amazon.com/dp/B01DZ0CN6A?tag=eloabder-20&linkCode=osi&th=1&psc=1">View Product</a></div>
<div class="product"><a href="https://www.amazon.com/dp/B0C21ZLQNC?tag=eloabder-20&linkCode=osi&th=1&psc=1"><img src="https://m.media-amazon.com/images/I/51mKzlUJ2mL._SL500_.jpg" alt="Product Image"></a><p>Physician's CHOICE Digestive Enzymes - Multi Enzymes, Organic Prebiotics & Probiotics for Digestive Health & Gut Health - Meal Time Discomfort Relief & Bloating - Dual Action Approach - 60 CT</p><p>$19.97 ($0.33 / Count)</p><a href="https://www.amazon.com/dp/B0C21ZLQNC?tag=eloabder-20&linkCode=osi&th=1&psc=1">View Product</a></div><div class="product"><a href="https://www.amazon.com/dp/B072YHM6S2?tag=eloabder-20&linkCode=osi&th=1&psc=1"><img src="https://m.media-amazon.com/images/I/41pyv2KOFDL._SL500_.jpg" alt="Product Image"></a><p>Zenwise Health Digestive Enzymes - Probiotic Multi Enzymes with Probiotics and Prebiotics for Digestive Health and Bloating Relief for Women and Men, Daily Enzymes for Gut and Digestion - 60 Count</p><p>$18.97 ($0.32 / Count)</p><a href="https://www.amazon.com/dp/B072YHM6S2?tag=eloabder-20&linkCode=osi&th=1&psc=1">View Product</a></div><div class="product"><a href="https://www.amazon.com/dp/B079H53D2B?tag=eloabder-20&linkCode=osi&th=1&psc=1"><img src="https://m.media-amazon.com/images/I/51Y4b2nfCYL._SL500_.jpg" alt="Product Image"></a><p>Physician's Choice Probiotics 60 Billion CFU - 10 Strains + Organic Prebiotics - Immune, Digestive & Gut Health - Supports Occasional Constipation, Diarrhea, Gas & Bloating - for Women & Men - 30ct</p><p>$23.97 ($0.80 / Count)</p><a href="https://www.amazon.com/dp/B079H53D2B?tag=eloabder-20&linkCode=osi&th=1&psc=1">View Product</a></div><div class="product"><a href="https://www.amazon.com/dp/B0007IQMVG?tag=eloabder-20&linkCode=osi&th=1&psc=1"><img src="https://m.media-amazon.com/images/I/41LbuIg0j9L._SL500_.jpg" alt="Product Image"></a><p>Digestive Advantage IBS Probiotics For Women and Men, Probiotics For Digestive Health & Intensive Bowel Support with Digestive Enzymes For Gut Health, Occasional Bloating & Immune Support, 96 Capsules</p><p>$23.18 ($0.24 / Count)</p><a href="https://www.amazon.com/dp/B0007IQMVG?tag=eloabder-20&linkCode=osi&th=1&psc=1">View Product</a></div><div class="product"><a href="https://www.amazon.com/dp/B012RFVHSO?tag=eloabder-20&linkCode=osi&th=1&psc=1"><img src="https://m.media-amazon.com/images/I/51As5g4VfnL._SL500_.jpg" alt="Product Image"></a><p>OLLY Probiotic + Prebiotic Gummy, Digestive Support and Gut Health, 500 Million CFUs, Fiber, Adult Chewable Supplement for Men and Women, Peach, 30 Day Supply - 30 Count</p><p>$12.49 ($0.42 / Count)</p><a href="https://www.amazon.com/dp/B012RFVHSO?tag=eloabder-20&linkCode=osi&th=1&psc=1">View Product</a></div><div class="product"><a href="https://www.amazon.com/dp/B01ND16K2I?tag=eloabder-20&linkCode=osi&th=1&psc=1"><img src="https://m.media-amazon.com/images/I/518cYvTBjlL._SL500_.jpg" alt="Product Image"></a><p>Digestive Advantage Probiotics For Digestive Health, Daily Probiotics For Women & Men, Supports Gut Health, Occasional Bloating & Diarrhea, Minor Abdominal Discomfort, & Immune Support, 80ct Capsules</p><p>$21.99 ($6.25 / Ounce)</p><a href="https://www.amazon.com/dp/B01ND16K2I?tag=eloabder-20&linkCode=osi&th=1&psc=1">View Product</a></div><div class="product"><a href="https://www.amazon.com/dp/B08Y66H6B7?tag=eloabder-20&linkCode=osi&th=1&psc=1"><img src="https://m.media-amazon.com/images/I/51zpwlruLzL._SL500_.jpg" alt="Product Image"></a><p>Culturelle Pro Strength Daily Probiotics For Digestive Health (2 Month Supply) with Prebiotics for Women & Men, Supports Occasional Diarrhea, Gas & Bloating, Gluten & Soy Free, 60 Count</p><p>$30.99 ($0.52 / Count)</p><a href="https://www.amazon.com/dp/B08Y66H6B7?tag=eloabder-20&linkCode=osi&th=1&psc=1">View Product</a></div><div class="product"><a href="https://www.amazon.com/dp/B0014CVXMW?tag=eloabder-20&linkCode=osi&th=1&psc=1"><img src="https://m.media-amazon.com/images/I/417nIjuQeVL._SL500_.jpg" alt="Product Image"></a><p>Nature's Bounty Acidophilus Probiotic, Daily Probiotic Supplement, Supports Digestive Health, 1 Pack, 120 Tablets</p><p>$7.74 ($0.06 / Count)</p><a href="https://www.amazon.com/dp/B0014CVXMW?tag=eloabder-20&linkCode=osi&th=1&psc=1">View Product</a></div><div class="product"><a href="https://www.amazon.com/dp/B001TH7K0G?tag=eloabder-20&linkCode=osi&th=1&psc=1"><img src="https://m.media-amazon.com/images/I/41nbiJxKRNL._SL500_.jpg" alt="Product Image"></a><p>Metamucil 3-in-1 Fiber Capsules, Daily Psyllium Husk Fiber Supplement, Fiber Capsules for Digestive Health, Plant-Based Psyllium Husk Fiber Capsules, #1 Doctor Recommended Fiber Brand, 300ct Capsules</p><p>$29.11 ($0.10 / Count)</p><a href="https://www.amazon.com/dp/B001TH7K0G?tag=eloabder-20&linkCode=osi&th=1&psc=1">View Product</a></div>
<div class="product"><a href="https://www.amazon.com/dp/B004PVLWW0?tag=eloabder-20&linkCode=osi&th=1&psc=1"><img src="https://m.media-amazon.com/images/I/41MNYerfHQL._SL500_.jpg" alt="Product Image"></a><p>DHT BLOCKER - Hair Growth Supplement for Genetic Thinning for Men and Women | Approved* by American Hair Loss Association | Guaranteed, Backed by 20 Years of Experience in Hair Loss Treatment Clinics</p><p>$43.90 ($0.37 / Count)</p><a href="https://www.amazon.com/dp/B004PVLWW0?tag=eloabder-20&linkCode=osi&th=1&psc=1">View Product</a></div><div class="product"><a href="https://www.amazon.com/dp/B00M6I5SNI?tag=eloabder-20&linkCode=osi&th=1&psc=1"><img src="https://m.media-amazon.com/images/I/51c0-S5TYBL._SL500_.jpg" alt="Product Image"></a><p>Rogaine Women's 5% Minoxidil Foam, Topical Once-A-Day Hair Loss Treatment for Women to Regrow Fuller, Thicker Hair, Unscented, 4-Month Supply, 2 x 2.11 oz</p><p>$47.28 ($22.41 / Ounce)</p><a href="https://www.amazon.com/dp/B00M6I5SNI?tag=eloabder-20&linkCode=osi&th=1&psc=1">View Product</a></div><div class="product"><a href="https://www.amazon.com/dp/B0012BNVE8?tag=eloabder-20&linkCode=osi&th=1&psc=1"><img src="https://m.media-amazon.com/images/I/51AbEqW79jL._SL500_.jpg" alt="Product Image"></a><p>Men's Rogaine 5% Minoxidil Topical Aerosol Hair Regrowth Treatment Foam, 3 Month Supply (Each Can 2.11 Ounce - 60 Gram)</p><p>$51.82 ($8.19 / Ounce)</p><a href="https://www.amazon.com/dp/B0012BNVE8?tag=eloabder-20&linkCode=osi&th=1&psc=1">View Product</a></div><div class="product"><a href="https://www.amazon.com/dp/B00M6I5SMY?tag=eloabder-20&linkCode=osi&th=1&psc=1"><img src="https://m.media-amazon.com/images/I/415RcmGI84L._SL500_.jpg" alt="Product Image"></a><p>Rogaine 5% Minoxidil Foam, Topical Once-A-Day Hair Loss Treatment for Women to Regrow Fuller, Thicker Hair, Unscented, 2-Month Supply, 2.11 oz</p><p>$28.26 ($13.39 / Ounce)</p><a href="https://www.amazon.com/dp/B00M6I5SMY?tag=eloabder-20&linkCode=osi&th=1&psc=1">View Product</a></div><div class="product"><a href="https://www.amazon.com/dp/B019ZZB3O2?tag=eloabder-20&linkCode=osi&th=1&psc=1"><img src="https://m.media-amazon.com/images/I/413jmbWcG3L._SL500_.jpg" alt="Product Image"></a><p>SugarbearPRO Hair Vitamin Extra Strength 6000mcg Biotin, Longer-Looking Hair Gummy for Women & Men,B12, MSM, Inositol, Omega 3, Elderberry, Growth, USA Patent Design, Kosher Halal Vegan 2 Month Supply</p><p>$38.99 ($0.65 / Count)</p><a href="https://www.amazon.com/dp/B019ZZB3O2?tag=eloabder-20&linkCode=osi&th=1&psc=1">View Product</a></div><div class="product"><a href="https://www.amazon.com/dp/B0000Y8H3S?tag=eloabder-20&linkCode=osi&th=1&psc=1"><img src="https://m.media-amazon.com/images/I/41HVx2izbyL._SL500_.jpg" alt="Product Image"></a><p>Men's Rogaine Extra Strength 5% Minoxidil Topical Solution for Thin Hair, Hair Loss Treatment to Regrow Fuller, Thicker Hair, 3-Month Supply, 3 x 2 fl. oz</p><p>$55.99 ($9.33 / Fl Oz)</p><a href="https://www.amazon.com/dp/B0000Y8H3S?tag=eloabder-20&linkCode=osi&th=1&psc=1">View Product</a></div><div class="product"><a href="https://www.amazon.com/dp/B08FGZSW8L?tag=eloabder-20&linkCode=osi&th=1&psc=1"><img src="https://m.media-amazon.com/images/I/41zpZ6a7pwL._SL500_.jpg" alt="Product Image"></a><p>WEEM Hair Skin and Nails Gummies - Supports healthy hair - Vegan biotin Vitamins for Women & Men Supports Faster Hair Growth, Stronger Nails, Healthy Skin, Extra Strength (1)</p><p>$29.95 ($0.50 / Count)</p><a href="https://www.amazon.com/dp/B08FGZSW8L?tag=eloabder-20&linkCode=osi&th=1&psc=1">View Product</a></div><div class="product"><a href="https://www.amazon.com/dp/B09LSLLF6M?tag=eloabder-20&linkCode=osi&th=1&psc=1"><img src="https://m.media-amazon.com/images/I/51KUcMGYOaL._SL500_.jpg" alt="Product Image"></a><p>Biotin and Collagen Vitamins + Keratin with Folate - Hair Loss Treatments for Women & Men - Hair, Skin and Nails Supplements for Hair Growth & Postpartum Support - GMO Free & Gluten Free (120 Caps)</p><p>$24.99 ($0.21 / Count)</p><a href="https://www.amazon.com/dp/B09LSLLF6M?tag=eloabder-20&linkCode=osi&th=1&psc=1">View Product</a></div><div class="product"><a href="https://www.amazon.com/dp/B00BMLOKHU?tag=eloabder-20&linkCode=osi&th=1&psc=1"><img src="https://m.media-amazon.com/images/I/41NZ8vQtHtL._SL500_.jpg" alt="Product Image"></a><p>Rogaine Women's 2% Minoxidil Topical Solution for Womens Hair Thinning and Loss & Hair Regrowth, 3-Month Supply, 4 Piece Set, Unscented, 6 Fl Oz</p><p>$56.35 ($9.39 / Fl Oz)</p><a href="https://www.amazon.com/dp/B00BMLOKHU?tag=eloabder-20&linkCode=osi&th=1&psc=1">View Product</a></div><div class="product"><a href="https://www.amazon.com/dp/B0BWZTV1V7?tag=eloabder-20&linkCode=osi&th=1&psc=1"><img src="https://m.media-amazon.com/images/I/41R4tp1Hq3L._SL500_.jpg" alt="Product Image"></a><p>Nature's Bounty Hair Growth Supplement, 1 Per Day, Clinically Shown to Support Thicker, Fuller Hair, with Biotin, Silicon & Arginine, 30 Capsules</p><p>$16.98 ($0.57 / Count)</p><a href="https://www.amazon.com/dp/B0BWZTV1V7?tag=eloabder-20&linkCode=osi&th=1&psc=1">View Product</a></div>
<div class="product"><a href="https://www.amazon.com/dp/B091NJQ29P?tag=eloabder-20&linkCode=osi&th=1&psc=1"><img src="https://m.media-amazon.com/images/I/31b6zrb8KuL._SL500_.jpg" alt="Product Image"></a><p>Good Molecules Yerba Mate Wake Up Eye Gel - Yerba Mate, Hyaluronic Acid and Caffeine to Hydrate, Minimize Puffiness and Swelling - Skincare for Face</p><p>$6.00 ($12.00 / Fl Oz)</p><a href="https://www.amazon.com/dp/B091NJQ29P?tag=eloabder-20&linkCode=osi&th=1&psc=1">View Product</a></div><div class="product"><a href="https://www.amazon.com/dp/B0BNLRSCRR?tag=eloabder-20&linkCode=osi&th=1&psc=1"><img src="https://m.media-amazon.com/images/I/41IMVQnA5uL._SL500_.jpg" alt="Product Image"></a><p>Blink Eye Drops for Dry Eyes, Triple Care Lubricant Eye Drops, Instantly Soothing, Moisturizing & Extra Long-Lasting Hydrating Eye Care for Moderate to Severe Dry Eye Symptom Relief, 0.34 fl oz</p><p>$12.37 ($36.38 / Fl Oz)</p><a href="https://www.amazon.com/dp/B0BNLRSCRR?tag=eloabder-20&linkCode=osi&th=1&psc=1">View Product</a></div><div class="product"><a href="https://www.amazon.com/dp/B08DG3C22G?tag=eloabder-20&linkCode=osi&th=1&psc=1"><img src="https://m.media-amazon.com/images/I/51NCnFVfYTL._SL500_.jpg" alt="Product Image"></a><p>Celor Under Eye Patches for Puffy Eyes and Dark Circles - Eye Masks with Amino Acids & Collagen, Eye Care for Wrinkles - Birthday Gift for Women - Skincare Self Care - USA Tested (20 Pairs)</p><p>$9.99 ($0.50 / Count)</p><a href="https://www.amazon.com/dp/B08DG3C22G?tag=eloabder-20&linkCode=osi&th=1&psc=1">View Product</a></div><div class="product"><a href="https://www.amazon.com/dp/B07BVYZL88?tag=eloabder-20&linkCode=osi&th=1&psc=1"><img src="https://m.media-amazon.com/images/I/41Nyltw77SL._SL500_.jpg" alt="Product Image"></a><p>LUMIFY Redness Reliever Eye Drops 0.25 Ounce (7.5mL)</p><p>$21.48 ($84.90 / Fl Oz)</p><a href="https://www.amazon.com/dp/B07BVYZL88?tag=eloabder-20&linkCode=osi&th=1&psc=1">View Product</a></div><div class="product"><a href="https://www.amazon.com/dp/B00CWY8O1O?tag=eloabder-20&linkCode=osi&th=1&psc=1"><img src="https://m.media-amazon.com/images/I/41GAeXziMYL._SL500_.jpg" alt="Product Image"></a><p>RoC Multi Correxion 5 in 1 Anti-Aging Eye Cream for Puffiness, Under Eye Bags & Dark Circles, Skin Care Treatment with Shea Butter, (.5 oz) with Night Cream Packette (Packaging May Vary)</p><p>$18.80 ($37.60 / Fl Oz)</p><a href="https://www.amazon.com/dp/B00CWY8O1O?tag=eloabder-20&linkCode=osi&th=1&psc=1">View Product</a></div><div class="product"><a href="https://www.amazon.com/dp/B0B1MFMS7W?tag=eloabder-20&linkCode=osi&th=1&psc=1"><img src="https://m.media-amazon.com/images/I/41BGKrFfFxL._SL500_.jpg" alt="Product Image"></a><p>CorneaCare Rest: Self Heating Warm Compress for Eyes | Heated Eye Mask for Fast Relief of Dry Eyes | No Microwave Needed | Eye Treatment Products for Dry Eye Relief | 30 Count | FSA & HSA Eligible</p><p>$35.00 ($1.17 / Count)</p><a href="https://www.amazon.com/dp/B0B1MFMS7W?tag=eloabder-20&linkCode=osi&th=1&psc=1">View Product</a></div><div class="product"><a href="https://www.amazon.com/dp/B0CQ2VBK8M?tag=eloabder-20&linkCode=osi&th=1&psc=1"><img src="https://m.media-amazon.com/images/I/61yjNxVwmgL._SL500_.jpg" alt="Product Image"></a><p>Under Eye Patches for Dark Circles and Puffy Eyes (30 Pairs), Marine Collagen Eye Gel Pads for Puffiness with Vitamin C, Hyaluronic Acid, and Pearl Extract, Eye Mask for Dark Circles and Puffiness</p><p>$19.95 ($0.66 / Count)</p><a href="https://www.amazon.com/dp/B0CQ2VBK8M?tag=eloabder-20&linkCode=osi&th=1&psc=1">View Product</a></div>
<div class="product"><a href="https://www.amazon.com/dp/B072N7WRHS?tag=eloabder-20&linkCode=osi&th=1&psc=1"><img src="https://m.media-amazon.com/images/I/413f-GdLNQL._SL500_.jpg" alt="Product Image"></a><p>Renu Contact Lens Solution Advanced Formula Multipurpose Lens Cleaner for Eye Contacts, Cleaning, Moisturizing and Disinfecting Care for Soft & Silicon Hydrogel Lenses, 12 Fl Oz (Pack of 2)</p><p>$14.96 ($0.62 / Fl Oz)</p><a href="https://www.amazon.com/dp/B072N7WRHS?tag=eloabder-20&linkCode=osi&th=1&psc=1">View Product</a></div><div class="product"><a href="https://www.amazon.com/dp/B09WRB83MX?tag=eloabder-20&linkCode=osi&th=1&psc=1"><img src="https://m.media-amazon.com/images/I/418Hy6lumfL._SL500_.jpg" alt="Product Image"></a><p>Biotrue Hydration Plus Contact Lens Solution, Multi-Purpose Solution for Soft Contact Lenses, Lens Case Included, 10 FL OZ (Pack of 2)</p><p>$18.99 ($0.95 / Fl Oz)</p><a href="https://www.amazon.com/dp/B09WRB83MX?tag=eloabder-20&linkCode=osi&th=1&psc=1">View Product</a></div><div class="product"><a href="https://www.amazon.com/dp/B00EALX660?tag=eloabder-20&linkCode=osi&th=1&psc=1"><img src="https://m.media-amazon.com/images/I/51nm-B778HL._SL500_.jpg" alt="Product Image"></a><p>Bausch & Lomb Sensitive Eyes Contact Lens Solution, Sensitive Eyes Solution for Soft Contact & Gas Permeable Lenses, Saline Solution with Potassium, 12 Fl Oz (Pack of 2)</p><p>$6.99 ($0.29 / Fl Oz)</p><a href="https://www.amazon.com/dp/B00EALX660?tag=eloabder-20&linkCode=osi&th=1&psc=1">View Product</a></div><div class="product"><a href="https://www.amazon.com/dp/B086TPW1WP?tag=eloabder-20&linkCode=osi&th=1&psc=1"><img src="https://m.media-amazon.com/images/I/51qNhUL2EvL._SL500_.jpg" alt="Product Image"></a><p>Renu Contact Lens Solution Multipurpose Disinfectant, Advanced Formula Lens Cleaner, Cleans & Moisturizes Soft & Silicon Hydrogel Lenses, Multi-Pack 16 Fl Oz (Pack of 2) + 2 Fl Oz Travel Size</p><p>$19.99 ($0.59 / Ounce)</p><a href="https://www.amazon.com/dp/B086TPW1WP?tag=eloabder-20&linkCode=osi&th=1&psc=1">View Product</a></div><div class="product"><a href="https://www.amazon.com/dp/B010GD3NUY?tag=eloabder-20&linkCode=osi&th=1&psc=1"><img src="https://m.media-amazon.com/images/I/51J4K0ac2IL._SL500_.jpg" alt="Product Image"></a><p>Clear Care Plus Cleaning Solution with Lens Case, Twin Pack, Multi, 12 Oz, Pack of 2</p><p>$17.49 ($0.73 / Fl Oz)</p><a href="https://www.amazon.com/dp/B010GD3NUY?tag=eloabder-20&linkCode=osi&th=1&psc=1">View Product</a></div><div class="product"><a href="https://www.amazon.com/dp/B072N7WNTK?tag=eloabder-20&linkCode=osi&th=1&psc=1"><img src="https://m.media-amazon.com/images/I/4109e6u0vfL._SL500_.jpg" alt="Product Image"></a><p>Renu Contact Lens Solution Multipurpose Disinfectant, Advanced Formula Lens Cleaner, Cleans & Moisturizes Soft & Silicon Hydrogel Lenses, 12 Fl Oz</p><p>$8.58 ($0.72 / Fl Oz)</p><a href="https://www.amazon.com/dp/B072N7WNTK?tag=eloabder-20&linkCode=osi&th=1&psc=1">View Product</a></div><div class="product"><a href="https://www.amazon.com/dp/B001V9QLYI?tag=eloabder-20&linkCode=osi&th=1&psc=1"><img src="https://m.media-amazon.com/images/I/41LQd8ELOOL._SL500_.jpg" alt="Product Image"></a><p>Boston Advance Contact Lens Solution by Bausch+ Lomb, for Gas Permeable Contact Lenses, 1 Fl Oz (Packaging May Vary)</p><p>$9.48</p><a href="https://www.amazon.com/dp/B001V9QLYI?tag=eloabder-20&linkCode=osi&th=1&psc=1">View Product</a></div><div class="product"><a href="https://www.amazon.com/dp/B001LFF5WG?tag=eloabder-20&linkCode=osi&th=1&psc=1"><img src="https://m.media-amazon.com/images/I/41yeo4z2YQL._SL500_.jpg" alt="Product Image"></a><p>Boston Simplus Contact Lens Solution, for Gas Permeable Contact Lenses, 3.5 Fl Oz</p><p>$9.58 ($2.74 / Fl Oz)</p><a href="https://www.amazon.com/dp/B001LFF5WG?tag=eloabder-20&linkCode=osi&th=1&psc=1">View Product</a></div><div class="product"><a href="https://www.amazon.com/dp/B018KC4G2C?tag=eloabder-20&linkCode=osi&th=1&psc=1"><img src="https://m.media-amazon.com/images/I/41f3UfFJoWL._SL500_.jpg" alt="Product Image"></a><p>Biotrue Contact Lens Solution, Multi-Purpose Solution for Soft Contact Lenses, Lens Case Included, 2 FL OZ</p><p>$3.43 ($1.72 / Fl Oz)</p><a href="https://www.amazon.com/dp/B018KC4G2C?tag=eloabder-20&linkCode=osi&th=1&psc=1">View Product</a></div><div class="product"><a href="https://www.amazon.com/dp/B01DP74HR6?tag=eloabder-20&linkCode=osi&th=1&psc=1"><img src="https://m.media-amazon.com/images/I/41262O5xYEL._SL500_.jpg" alt="Product Image"></a><p>Biotrue Contact Lens Solution, Multi-Purpose Solution for Soft Contact Lenses, Lens Case Included, 4 FL OZ</p><p>$4.86 ($1.22 / Fl Oz)</p><a href="https://www.amazon.com/dp/B01DP74HR6?tag=eloabder-20&linkCode=osi&th=1&psc=1">View Product</a></div>
<div class="product"><a href="https://www.amazon.com/dp/B09XW9LBLF?tag=eloabder-20&linkCode=osi&th=1&psc=1"><img src="https://m.media-amazon.com/images/I/51n47pJYTJL._SL500_.jpg" alt="Product Image"></a><p>Arm & Hammer Simply Saline Daily Care Nasal Mist 4.4oz, Saline Nasal Spray, Drug-Free, 3-Pack</p><p>$13.67 ($1.04 / Ounce)</p><a href="https://www.amazon.com/dp/B09XW9LBLF?tag=eloabder-20&linkCode=osi&th=1&psc=1">View Product</a></div><div class="product"><a href="https://www.amazon.com/dp/B088WMFYMJ?tag=eloabder-20&linkCode=osi&th=1&psc=1"><img src="https://m.media-amazon.com/images/I/517b8NFQwCL._SL500_.jpg" alt="Product Image"></a><p>Flonase Allergy Relief Nasal Spray, 24 Hour Non Drowsy Allergy Medicine, Metered Nasal Spray - 72 Sprays - Fall and Seasonal Allergy Relief</p><p>$17.48 ($46.00 / Fl Oz)</p><a href="https://www.amazon.com/dp/B088WMFYMJ?tag=eloabder-20&linkCode=osi&th=1&psc=1">View Product</a></div><div class="product"><a href="https://www.amazon.com/dp/B082DMRQRK?tag=eloabder-20&linkCode=osi&th=1&psc=1"><img src="https://m.media-amazon.com/images/I/51Jdsg2qhIL._SL500_.jpg" alt="Product Image"></a><p>HealthA2Z® Fluticasone Propionate Nasal Sprays | Allery Relief Spray | Runny Nose | Nasal Congestion | Sneezing | Itchy Watery Eyes | 24 Hour Allergy Relief | (2 Packs)</p><p>$24.75 ($22.92 / Fl Oz)</p><a href="https://www.amazon.com/dp/B082DMRQRK?tag=eloabder-20&linkCode=osi&th=1&psc=1">View Product</a></div><div class="product"><a href="https://www.amazon.com/dp/B0B59NJFNX?tag=eloabder-20&linkCode=osi&th=1&psc=1"><img src="https://m.media-amazon.com/images/I/51RAk5kegDL._SL500_.jpg" alt="Product Image"></a><p>Astepro Nasal Spray, 24-Hour Allergy Relief, Steroid-Free Antihistamine, Nasal Congestion, Runny & Itchy Nose, For Adults and Children 6 Years and Older, 200 Metered Sprays (1 Bottle)</p><p>$34.95 ($34.60 / Fl Oz)</p><a href="https://www.amazon.com/dp/B0B59NJFNX?tag=eloabder-20&linkCode=osi&th=1&psc=1">View Product</a></div><div class="product"><a href="https://www.amazon.com/dp/B08ZF4QDKG?tag=eloabder-20&linkCode=osi&th=1&psc=1"><img src="https://m.media-amazon.com/images/I/41QbiS5l98L._SL500_.jpg" alt="Product Image"></a><p>Amazon Basic Care Maximum Strength 12 Hour Nasal Spray, Oxymetazoline HCl Solution, Congestion Relief, Cold and Allergy Medicine, Decongestant, 1 Fl Oz (Pack of 1)</p><p>$3.99</p><a href="https://www.amazon.com/dp/B08ZF4QDKG?tag=eloabder-20&linkCode=osi&th=1&psc=1">View Product</a></div><div class="product"><a href="https://www.amazon.com/dp/B098PY8KGP?tag=eloabder-20&linkCode=osi&th=1&psc=1"><img src="https://m.media-amazon.com/images/I/41BksBu+y6L._SL500_.jpg" alt="Product Image"></a><p>Amazon Basic Care 24-Hour Allergy Relief Nasal Spray, Fluticasone Propionate (Glucocorticoid), 50 mcg, Full Prescription Strength, Non-Drowsy, 0.62 fl oz (Pack of 1)</p><p>$13.11 ($21.15 / Fl Oz)</p><a href="https://www.amazon.com/dp/B098PY8KGP?tag=eloabder-20&linkCode=osi&th=1&psc=1">View Product</a></div><div class="product"><a href="https://www.amazon.com/dp/B07MLTLN74?tag=eloabder-20&linkCode=osi&th=1&psc=1"><img src="https://m.media-amazon.com/images/I/41sFNiAjpkL._SL500_.jpg" alt="Product Image"></a><p>Amazon Basic Care No Drip Severe Congestion Nasal Pump Mist Spray, 12 Hour Relief, Oxymetazoline HCl, Maximum Strength Plus Menthol, Steroid Free, 1 fl oz (Pack of 1)</p><p>$6.99</p><a href="https://www.amazon.com/dp/B07MLTLN74?tag=eloabder-20&linkCode=osi&th=1&psc=1">View Product</a></div><div class="product"><a href="https://www.amazon.com/dp/B07MLTLN75?tag=eloabder-20&linkCode=osi&th=1&psc=1"><img src="https://m.media-amazon.com/images/I/41g+3os1psL._SL500_.jpg" alt="Product Image"></a><p>Amazon Basic Care No Drip Nasal Spray, 12 Hour Nasal Decongestant, Pump Mist, Oxymetazoline HCl, Cold and Allergy Nasal Spray, 1 fl oz (Pack of 1)</p><p>$5.79</p><a href="https://www.amazon.com/dp/B07MLTLN75?tag=eloabder-20&linkCode=osi&th=1&psc=1">View Product</a></div><div class="product"><a href="https://www.amazon.com/dp/B09J19Q189?tag=eloabder-20&linkCode=osi&th=1&psc=1"><img src="https://m.media-amazon.com/images/I/513rHNbyUxL._SL500_.jpg" alt="Product Image"></a><p>Flonase Allergy Relief Nasal Spray, 24-Hour Non-Drowsy Multi-Symptom Relief - 72 Sprays plus Bonus Pack of Tissues</p><p>$17.49</p><a href="https://www.amazon.com/dp/B09J19Q189?tag=eloabder-20&linkCode=osi&th=1&psc=1">View Product</a></div>
<div class="product"><a href="https://www.amazon.com/dp/B001FWXKTA?tag=eloabder-20&linkCode=osi&th=1&psc=1"><img src="https://m.media-amazon.com/images/I/31Rb8V-nAVL._SL500_.jpg" alt="Product Image"></a><p>Vicks Warm Mist Humidifier Small to Large Room for Baby, Kids and Adults, 1 Gallon Tank</p><p>$42.99</p><a href="https://www.amazon.com/dp/B001FWXKTA?tag=eloabder-20&linkCode=osi&th=1&psc=1">View Product</a></div>



<div class="product"><a href="https://www.amazon.com/dp/B01NCMJPOQ?tag=eloabder-20&linkCode=osi&th=1&psc=1"><img src="https://m.media-amazon.com/images/I/413cE2SHNeL._SL500_.jpg" alt="Product Image"></a><p>Lee Beauty Professional Callus Remover for Feet - Original, Powerful Formulation - Extra Strength Gel, Home Pedicure Foot Spa Results - Cracked & Dead Dry Skin Supplies - 8 Oz</p><p>$14.99 ($1.87 / Ounce)</p><a href="https://www.amazon.com/dp/B01NCMJPOQ?tag=eloabder-20&linkCode=osi&th=1&psc=1">View Product</a></div><div class="product"><a href="https://www.amazon.com/dp/B07Z6CG253?tag=eloabder-20&linkCode=osi&th=1&psc=1"><img src="https://m.media-amazon.com/images/I/41pgtZmmDcL._SL500_.jpg" alt="Product Image"></a><p>Okay Himalayan Pink Salt Detoxifying Foot Soak With & Tea Tree Oil, lavender, 20 Ounce</p><p>$9.99 ($0.50 / Ounce)</p><a href="https://www.amazon.com/dp/B07Z6CG253?tag=eloabder-20&linkCode=osi&th=1&psc=1">View Product</a></div><div class="product"><a href="https://www.amazon.com/dp/B07HRYCWQZ?tag=eloabder-20&linkCode=osi&th=1&psc=1"><img src="https://m.media-amazon.com/images/I/41foQatg2ZL._SL500_.jpg" alt="Product Image"></a><p>Extra Strength Callus Remover for Feet - Callus Remover Gel Foot Scrubber for Dead Skin - Professional Pedicure Foot Spa Essential, 6oz</p><p>$8.95</p><a href="https://www.amazon.com/dp/B07HRYCWQZ?tag=eloabder-20&linkCode=osi&th=1&psc=1">View Product</a></div><div class="product"><a href="https://www.amazon.com/dp/B00LE99PA2?tag=eloabder-20&linkCode=osi&th=1&psc=1"><img src="https://m.media-amazon.com/images/I/518ViTgYdGL._SL500_.jpg" alt="Product Image"></a><p>Amopé Pedi Perfect Electric Callus Remover Foot File w/ Diamond Crystals, Pedicure Tool for Feet, Removes Hard & Dead Skin, Feet Scrubber & Buffer, Splashproof, w/ Extra Coarse Roller Head, 1 Count</p><p>$19.88</p><a href="https://www.amazon.com/dp/B00LE99PA2?tag=eloabder-20&linkCode=osi&th=1&psc=1">View Product</a></div><div class="product"><a href="https://www.amazon.com/dp/B09NF6QX1G?tag=eloabder-20&linkCode=osi&th=1&psc=1"><img src="https://m.media-amazon.com/images/I/41HuNW0tjuL._SL500_.jpg" alt="Product Image"></a><p>Nervive Nerve Care, Pain Relieving Roll On Liquid, Max Strength No-Mess Topical Pain Reliever with Lidocaine and Menthol for Toes, Feet, Fingers, Hands, Legs & Arms, 2.5oz</p><p>$11.28 ($4.51 / Ounce)</p><a href="https://www.amazon.com/dp/B09NF6QX1G?tag=eloabder-20&linkCode=osi&th=1&psc=1">View Product</a></div>
<div class="product"><a href="https://www.amazon.com/dp/B004D24818?tag=eloabder-20&linkCode=osi&th=1&psc=1"><img src="https://m.media-amazon.com/images/I/41bHH-v8WsL._SL500_.jpg" alt="Product Image"></a><p>Neutrogena Retinol Eye Cream for Dark Circles, Rapid Wrinkle Repair, Daily Anti-Aging Under Eye Cream with Retinol & Hyaluronic Acid to Fight Fine Lines, Wrinkles, & Dark Spots, 0.5 fl. oz</p><p>$17.55 ($35.10 / Fl Oz)</p><a href="https://www.amazon.com/dp/B004D24818?tag=eloabder-20&linkCode=osi&th=1&psc=1">View Product</a></div><div class="product"><a href="https://www.amazon.com/dp/B01D1DR514?tag=eloabder-20&linkCode=osi&th=1&psc=1"><img src="https://m.media-amazon.com/images/I/31xMIASoSRL._SL500_.jpg" alt="Product Image"></a><p>e.l.f. SKIN Holy Hydration! Eye Cream, Rich Hydrating Eye Cream For Minimizing Dark Circles, Infused With Hyaluronic Acid, Vegan & Cruelty-free</p><p>$10.00 ($18.87 / Ounce)</p><a href="https://www.amazon.com/dp/B01D1DR514?tag=eloabder-20&linkCode=osi&th=1&psc=1">View Product</a></div><div class="product"><a href="https://www.amazon.com/dp/B0CRM6KKK5?tag=eloabder-20&linkCode=osi&th=1&psc=1"><img src="https://m.media-amazon.com/images/I/21nz5wmE0lL._SL500_.jpg" alt="Product Image"></a><p>Eight Saints Wonder-fill Plumping Eye Cream, Natural and Organic Anti Aging Under Eye Cream to Plump Skin, Reduce Wrinkles, Fine Lines, and Under Eye Bags, Dark Circles Under Eye Treatment, 0.5 Ounces</p><p>$38.00 ($76.00 / Ounce)</p><a href="https://www.amazon.com/dp/B0CRM6KKK5?tag=eloabder-20&linkCode=osi&th=1&psc=1">View Product</a></div>


<div class="product"><a href="https://www.amazon.com/dp/B099J2SWXV?tag=eloabder-20&linkCode=osi&th=1&psc=1"><img src="https://m.media-amazon.com/images/I/51XFs0dRjpL._SL500_.jpg" alt="Product Image"></a><p>Dymatize ISO100 Hydrolyzed Protein Powder, 100% Whey Isolate Protein, 25g of Protein, 5.5g BCAAs, Gluten Free, Fast Absorbing, Easy Digesting, Gourmet Vanilla, 20 servings</p><p>$27.96 ($1.30 / Ounce)</p><a href="https://www.amazon.com/dp/B099J2SWXV?tag=eloabder-20&linkCode=osi&th=1&psc=1">View Product</a></div><div class="product"><a href="https://www.amazon.com/dp/B000QSNYGI?tag=eloabder-20&linkCode=osi&th=1&psc=1"><img src="https://m.media-amazon.com/images/I/418FT93kkzL._SL500_.jpg" alt="Product Image"></a><p>Optimum Nutrition Gold Standard 100% Whey Protein Powder, Double Rich Chocolate, 5 Pound (Packaging May Vary)</p><p>$73.33 ($0.92 / Ounce)</p><a href="https://www.amazon.com/dp/B000QSNYGI?tag=eloabder-20&linkCode=osi&th=1&psc=1">View Product</a></div><div class="product"><a href="https://www.amazon.com/dp/B013MRPPL6?tag=eloabder-20&linkCode=osi&th=1&psc=1"><img src="https://m.media-amazon.com/images/I/51fmY5QAcGL._SL500_.jpg" alt="Product Image"></a><p>Equip Foods Prime Protein - Grass Fed Beef Protein Powder Isolate - Paleo and Keto Friendly, Gluten Free Carnivore Protein Powder - Chocolate, 1.7 Pounds - Helps Build and Repair Tissue</p><p>$67.99 ($2.50 / Ounce)</p><a href="https://www.amazon.com/dp/B013MRPPL6?tag=eloabder-20&linkCode=osi&th=1&psc=1">View Product</a></div><div class="product"><a href="https://www.amazon.com/dp/B00J074W7Q?tag=eloabder-20&linkCode=osi&th=1&psc=1"><img src="https://m.media-amazon.com/images/I/417tUIFuGVL._SL500_.jpg" alt="Product Image"></a><p>Orgain Organic Vegan Protein Powder, Vanilla Bean - 21g Plant Protein, 4g Prebiotic Fiber, No Lactose Ingredients, No Added Sugar, Non-GMO, For Shakes & Smoothies, 2.03 lb (Packaging May Vary)</p><p>$26.34 ($0.81 / Ounce)</p><a href="https://www.amazon.com/dp/B00J074W7Q?tag=eloabder-20&linkCode=osi&th=1&psc=1">View Product</a></div><div class="product"><a href="https://www.amazon.com/dp/B06Y5ZG66K?tag=eloabder-20&linkCode=osi&th=1&psc=1"><img src="https://m.media-amazon.com/images/I/51Lyzdfa4oL._SL500_.jpg" alt="Product Image"></a><p>Premier Protein Powder, Chocolate Milkshake, 30g Protein, 1g Sugar, 100% Whey Protein, Keto Friendly, No Soy Ingredients, Gluten Free, 17 Servings, 23.9 Ounce (Pack of 1)</p><p>$25.18 ($1.03 / Ounce)</p><a href="https://www.amazon.com/dp/B06Y5ZG66K?tag=eloabder-20&linkCode=osi&th=1&psc=1">View Product</a></div><div class="product"><a href="https://www.amazon.com/dp/B0BJLBD427?tag=eloabder-20&linkCode=osi&th=1&psc=1"><img src="https://m.media-amazon.com/images/I/51YnBZqOwCL._SL500_.jpg" alt="Product Image"></a><p>Body Fortress Super Advanced Whey Protein Powder, Chocolate, Immune Support (1), Vitamins C & D Plus Zinc, 1.78 lbs (Packaging May Vary)</p><p>$22.98 ($0.81 / Ounce)</p><a href="https://www.amazon.com/dp/B0BJLBD427?tag=eloabder-20&linkCode=osi&th=1&psc=1">View Product</a></div><div class="product"><a href="https://www.amazon.com/dp/B07PXNNFGT?tag=eloabder-20&linkCode=osi&th=1&psc=1"><img src="https://m.media-amazon.com/images/I/51Fw9Wm0sGL._SL500_.jpg" alt="Product Image"></a><p>Orgain Organic Vegan Protein + 50 Superfoods Powder, Vanilla Bean - 21g Plant Based Protein, 8g Prebiotic Fiber, No Lactose Ingredients, Gluten Free, No Added Sugar, Non-GMO, 2.02 lb</p><p>$29.99 ($0.93 / Ounce)</p><a href="https://www.amazon.com/dp/B07PXNNFGT?tag=eloabder-20&linkCode=osi&th=1&psc=1">View Product</a></div><div class="product"><a href="https://www.amazon.com/dp/B00EACSHF4?tag=eloabder-20&linkCode=osi&th=1&psc=1"><img src="https://m.media-amazon.com/images/I/41D4SI8q0mL._SL500_.jpg" alt="Product Image"></a><p>Dymatize Elite 100% Whey Protein Powder, 25g Protein, 5.5g BCAAs & 2.7g L-Leucine, Quick Absorbing & Fast Digesting for Optimal Muscle Recovery, Gourmet Vanilla, 5 Pound, 67 Servings</p><p>$67.49 ($0.84 / Ounce)</p><a href="https://www.amazon.com/dp/B00EACSHF4?tag=eloabder-20&linkCode=osi&th=1&psc=1">View Product</a></div><div class="product"><a href="https://www.amazon.com/dp/B00J074W94?tag=eloabder-20&linkCode=osi&th=1&psc=1"><img src="https://m.media-amazon.com/images/I/41jXWg1fe6L._SL500_.jpg" alt="Product Image"></a><p>Orgain Organic Vegan Protein Powder, Creamy Chocolate Fudge - 21g Plant Protein, 7g Prebiotic Fiber, Low Net Carb, No Lactose Ingredients, No Added Sugar, Non-GMO, For Shakes & Smoothies, 2.03 lb</p><p>$30.49 ($0.94 / Ounce)</p><a href="https://www.amazon.com/dp/B00J074W94?tag=eloabder-20&linkCode=osi&th=1&psc=1">View Product</a></div><div class="product"><a href="https://www.amazon.com/dp/B002DYIZHG?tag=eloabder-20&linkCode=osi&th=1&psc=1"><img src="https://m.media-amazon.com/images/I/41JLcuooSqL._SL500_.jpg" alt="Product Image"></a><p>Optimum Nutrition Gold Standard 100% Whey Protein Powder, Extreme Milk Chocolate, 2 Pound (Pack of 1) (Packaging May Vary)</p><p>$35.47 ($1.11 / Ounce)</p><a href="https://www.amazon.com/dp/B002DYIZHG?tag=eloabder-20&linkCode=osi&th=1&psc=1">View Product</a></div>
<div class="product"><a href="https://www.amazon.com/dp/B019GU4ILQ?tag=eloabder-20&linkCode=osi&th=1&psc=1"><img src="https://m.media-amazon.com/images/I/51QLnQIgtZL._SL500_.jpg" alt="Product Image"></a><p>Nuun Sport Electrolyte Tablets for Proactive Hydration, Mixed Citrus Berry Flavors, 4 Pack (40 Servings)</p><p>$21.80 ($0.54 / Count)</p><a href="https://www.amazon.com/dp/B019GU4ILQ?tag=eloabder-20&linkCode=osi&th=1&psc=1">View Product</a></div><div class="product"><a href="https://www.amazon.com/dp/B07DX89ZHN?tag=eloabder-20&linkCode=osi&th=1&psc=1"><img src="https://m.media-amazon.com/images/I/41INqodQzYL._SL500_.jpg" alt="Product Image"></a><p>Sports Research Triple Strength Omega 3 Fish Oil - Burpless Fish Oil Supplement w/EPA & DHA Fatty Acids from Single-Source Wild Alaska Pollock - 1250 mg, 90 ct</p><p>$26.95 ($0.30 / Count)</p><a href="https://www.amazon.com/dp/B07DX89ZHN?tag=eloabder-20&linkCode=osi&th=1&psc=1">View Product</a></div><div class="product"><a href="https://www.amazon.com/dp/B0892R2K3P?tag=eloabder-20&linkCode=osi&th=1&psc=1"><img src="https://m.media-amazon.com/images/I/41Ru5Hoi+JL._SL500_.jpg" alt="Product Image"></a><p>BARE PERFORMANCE NUTRITION, BPN G.1.M Go One More Sport, Endurance Training Fuel, Fruit Punch, Superior Carbohydrate Source & Electrolyte Formula, Reduce Fatigue, 25 Servings</p><p>$39.99 ($1.92 / Ounce)</p><a href="https://www.amazon.com/dp/B0892R2K3P?tag=eloabder-20&linkCode=osi&th=1&psc=1">View Product</a></div><div class="product"><a href="https://www.amazon.com/dp/B000GISTZ4?tag=eloabder-20&linkCode=osi&th=1&psc=1"><img src="https://m.media-amazon.com/images/I/41oF8bNCKHL._SL500_.jpg" alt="Product Image"></a><p>Optimum Nutrition Gold Standard 100% Whey Protein Powder, Vanilla Ice Cream, 2 Pound (Pack of 1) (Packaging May Vary)</p><p>$35.34 ($1.10 / Ounce)</p><a href="https://www.amazon.com/dp/B000GISTZ4?tag=eloabder-20&linkCode=osi&th=1&psc=1">View Product</a></div><div class="product"><a href="https://www.amazon.com/dp/B0CCJZVJYG?tag=eloabder-20&linkCode=osi&th=1&psc=1"><img src="https://m.media-amazon.com/images/I/41tfAgk2pvL._SL500_.jpg" alt="Product Image"></a><p>Sports Research Creatine Monohydrate - Gain Lean Muscle, Improve Performance and Strength and Support Workout Recovery - 5 g Micronized Creatine - 1.1LBS</p><p>$27.95 ($1.58 / Ounce)</p><a href="https://www.amazon.com/dp/B0CCJZVJYG?tag=eloabder-20&linkCode=osi&th=1&psc=1">View Product</a></div><div class="product"><a href="https://www.amazon.com/dp/B0BSNZLT17?tag=eloabder-20&linkCode=osi&th=1&psc=1"><img src="https://m.media-amazon.com/images/I/41nQChd8nGL._SL500_.jpg" alt="Product Image"></a><p>Animal Pak - Convenient All-in-One Vitamin & Supplement Pack - Zinc, Vitamins C, B, D, Amino Acids and More - Sports Nutrition Performance Mulitvitamin for Women & Men - Updated Version - 44 Count</p><p>$39.94 ($0.91 / Count)</p><a href="https://www.amazon.com/dp/B0BSNZLT17?tag=eloabder-20&linkCode=osi&th=1&psc=1">View Product</a></div><div class="product"><a href="https://www.amazon.com/dp/B002DYIZEE?tag=eloabder-20&linkCode=osi&th=1&psc=1"><img src="https://m.media-amazon.com/images/I/41bCZ4N2pdL._SL500_.jpg" alt="Product Image"></a><p>Optimum Nutrition Micronized Creatine Monohydrate Powder, Unflavored, Keto Friendly, 60 Servings (Packaging May Vary)</p><p>$20.45 ($1.93 / Ounce)</p><a href="https://www.amazon.com/dp/B002DYIZEE?tag=eloabder-20&linkCode=osi&th=1&psc=1">View Product</a></div><div class="product"><a href="https://www.amazon.com/dp/B0013OWAB4?tag=eloabder-20&linkCode=osi&th=1&psc=1"><img src="https://m.media-amazon.com/images/I/41rmB5rTj8L._SL500_.jpg" alt="Product Image"></a><p>NOW Sports Nutrition, Whey Protein Isolate, 25 g With BCAAs, Unflavored Powder, 1.2-Pound</p><p>$28.95 ($1.51 / Ounce)</p><a href="https://www.amazon.com/dp/B0013OWAB4?tag=eloabder-20&linkCode=osi&th=1&psc=1">View Product</a></div><div class="product"><a href="https://www.amazon.com/dp/B001LXMUW6?tag=eloabder-20&linkCode=osi&th=1&psc=1"><img src="https://m.media-amazon.com/images/I/413hbtz4hkL._SL500_.jpg" alt="Product Image"></a><p>NOW Sports Nutrition, ZMA (Zinc, Magnesium and Vitamin B-6), Enhanced Absorption, Sports Recovery*, 180 Capsules</p><p>$24.53 ($0.14 / Count)</p><a href="https://www.amazon.com/dp/B001LXMUW6?tag=eloabder-20&linkCode=osi&th=1&psc=1">View Product</a></div><div class="product"><a href="https://www.amazon.com/dp/B07BVJ858K?tag=eloabder-20&linkCode=osi&th=1&psc=1"><img src="https://m.media-amazon.com/images/I/510iuVavSBL._SL500_.jpg" alt="Product Image"></a><p>C4 Ripped Sport Pre Workout Powder Arctic Snow Cone - NSF Certified for Sport + Sugar Free Preworkout Energy Supplement for Men & Women - 135mg Caffeine + Weight Loss - 30 Servings</p><p>$22.94 ($2.64 / Ounce)</p><a href="https://www.amazon.com/dp/B07BVJ858K?tag=eloabder-20&linkCode=osi&th=1&psc=1">View Product</a></div>
<div class="product"><a href="https://www.amazon.com/dp/B078SJH4V3?tag=eloabder-20&linkCode=osi&th=1&psc=1"><img src="https://m.media-amazon.com/images/I/41Jdxoi2qyL._SL500_.jpg" alt="Product Image"></a><p>Turmeric Curcumin with BioPerine & Ginger 95% Curcuminoids 1950mg - Black Pepper Extract for Max Absorption, Nature's Joint Support Supplement, Herbal Turmeric Pills, Vegan Non-GMO - 60 Capsules</p><p>$12.82 ($0.21 / Count)</p><a href="https://www.amazon.com/dp/B078SJH4V3?tag=eloabder-20&linkCode=osi&th=1&psc=1">View Product</a></div><div class="product"><a href="https://www.amazon.com/dp/B01NCUJPBF?tag=eloabder-20&linkCode=osi&th=1&psc=1"><img src="https://m.media-amazon.com/images/I/418t59tc2oL._SL500_.jpg" alt="Product Image"></a><p>Liver Cleanse and Detox & Repair Formula - Herbal Liver Support Supplement with Milk Thistle Dandelion Root & Artichoke Extract for Liver Health - Silymarin Milk Thistle Liver Detox Capsules</p><p>$22.77 ($0.33 / Count)</p><a href="https://www.amazon.com/dp/B01NCUJPBF?tag=eloabder-20&linkCode=osi&th=1&psc=1">View Product</a></div><div class="product"><a href="https://www.amazon.com/dp/B07FSWJ5QR?tag=eloabder-20&linkCode=osi&th=1&psc=1"><img src="https://m.media-amazon.com/images/I/41PO8m1VIWL._SL500_.jpg" alt="Product Image"></a><p>Herbal Roots Organic Whole Bulb Garlic Pills - Potent Extra Strength | 600 mg - 60 Organic Vegan Capsules</p><p>$23.99 ($0.40 / Count)</p><a href="https://www.amazon.com/dp/B07FSWJ5QR?tag=eloabder-20&linkCode=osi&th=1&psc=1">View Product</a></div><div class="product"><a href="https://www.amazon.com/dp/B07W7N8SLX?tag=eloabder-20&linkCode=osi&th=1&psc=1"><img src="https://m.media-amazon.com/images/I/51G0BB4e-AL._SL500_.jpg" alt="Product Image"></a><p>Turmeric Curcumin with BioPerine 95% Standardized Curcuminoids 1950mg - Black Pepper Extract for Max Absorption, Nature's Joint Support Supplement, Herbal Turmeric Pills, Vegan Non-GMO - 240 Capsules</p><p>$26.32 ($0.11 / Count)</p><a href="https://www.amazon.com/dp/B07W7N8SLX?tag=eloabder-20&linkCode=osi&th=1&psc=1">View Product</a></div><div class="product"><a href="https://www.amazon.com/dp/B00HG0YZMG?tag=eloabder-20&linkCode=osi&th=1&psc=1"><img src="https://m.media-amazon.com/images/I/41VJNay0ZCL._SL500_.jpg" alt="Product Image"></a><p>Quality of Life Premium Kinoko Platinum AHCC Herbal Supplement, 750mg of AHCC per Capsule, for Immune Support, Liver Function, Maintains Natural Killer Cell Activity, 1 Pack, 60 Veggie Capsules</p><p>$74.96 ($1.25 / Count)</p><a href="https://www.amazon.com/dp/B00HG0YZMG?tag=eloabder-20&linkCode=osi&th=1&psc=1">View Product</a></div><div class="product"><a href="https://www.amazon.com/dp/B000RP5Q70?tag=eloabder-20&linkCode=osi&th=1&psc=1"><img src="https://m.media-amazon.com/images/I/31URCaNT8sL._SL500_.jpg" alt="Product Image"></a><p>Source Naturals Wellness Formula Bio-Aligned Vitamins & Herbal Defense for Immune System Support - Dietary Supplement & Immunity Booster - 60 Capsules</p><p>$9.63 ($0.16 / Count)</p><a href="https://www.amazon.com/dp/B000RP5Q70?tag=eloabder-20&linkCode=osi&th=1&psc=1">View Product</a></div><div class="product"><a href="https://www.amazon.com/dp/B0BNWDY2G7?tag=eloabder-20&linkCode=osi&th=1&psc=1"><img src="https://m.media-amazon.com/images/I/41fiG9I387L._SL500_.jpg" alt="Product Image"></a><p>Carlyle Turmeric Curcumin Supplement 2400mg | 180 Powder Capsules | Herbal Formula | Non-GMO, Gluten Free</p><p>$9.89 ($0.05 / Count)</p><a href="https://www.amazon.com/dp/B0BNWDY2G7?tag=eloabder-20&linkCode=osi&th=1&psc=1">View Product</a></div><div class="product"><a href="https://www.amazon.com/dp/B09QCTW4Z1?tag=eloabder-20&linkCode=osi&th=1&psc=1"><img src="https://m.media-amazon.com/images/I/51SwkLX9yzL._SL500_.jpg" alt="Product Image"></a><p>Turmeric Tablets 2600mg with Black Pepper & Ginger - 95% Curcumin Extract 180 and (3 Month) High Strength Active Supplements Not Capsules,by New Leaf</p><p>$14.95 ($0.08 / Count)</p><a href="https://www.amazon.com/dp/B09QCTW4Z1?tag=eloabder-20&linkCode=osi&th=1&psc=1">View Product</a></div><div class="product"><a href="https://www.amazon.com/dp/B07TMQ3RW8?tag=eloabder-20&linkCode=osi&th=1&psc=1"><img src="https://m.media-amazon.com/images/I/51rnnuvcjaL._SL500_.jpg" alt="Product Image"></a><p>HCL HERBAL CODE LABS Turmeric Boswellia Extract Supplement 2000 mg – Strong Natural Joint Support Pills – Extra Strength Boswellia Serrata with Turmeric Curcumin Powder 90 Capsules</p><p>$22.88 ($0.25 / Count)</p><a href="https://www.amazon.com/dp/B07TMQ3RW8?tag=eloabder-20&linkCode=osi&th=1&psc=1">View Product</a></div>
<div class="product"><a href="https://www.amazon.com/dp/B00YMSLT88?tag=eloabder-20&linkCode=osi&th=1&psc=1"><img src="https://m.media-amazon.com/images/I/41S95x-3xaL._SL500_.jpg" alt="Product Image"></a><p>Nature Made Multivitamin Tablets with Iron, Multivitamin for Women and Men for Daily Nutritional Support, 130 Tablets, 130 Day Supply</p><p>$11.99 ($0.09 / Count)</p><a href="https://www.amazon.com/dp/B00YMSLT88?tag=eloabder-20&linkCode=osi&th=1&psc=1">View Product</a></div><div class="product"><a href="https://www.amazon.com/dp/B00FOTMGTU?tag=eloabder-20&linkCode=osi&th=1&psc=1"><img src="https://m.media-amazon.com/images/I/41PtIQlINuL._SL500_.jpg" alt="Product Image"></a><p>THORNE Basic Nutrients 2/Day - Comprehensive Daily Multivitamin with Optimal Bioavailability - Vitamin and Mineral Formula - Gluten-Free, Dairy-Free, Soy-Free - 60 Capsules - 30 Servings</p><p>$32.00 ($0.53 / Count)</p><a href="https://www.amazon.com/dp/B00FOTMGTU?tag=eloabder-20&linkCode=osi&th=1&psc=1">View Product</a></div><div class="product"><a href="https://www.amazon.com/dp/B097S1GQ5B?tag=eloabder-20&linkCode=osi&th=1&psc=1"><img src="https://m.media-amazon.com/images/I/41XR1ndDxdL._SL500_.jpg" alt="Product Image"></a><p>Primal Harvest Multivitamin for Women and Men Vitamin A, Vitamin C, Vitamin D and E, Vitamin B12, B6, Biotin, Zinc Supplements, 30 Capsules</p><p>$29.95 ($1.00 / Count )</p><a href="https://www.amazon.com/dp/B097S1GQ5B?tag=eloabder-20&linkCode=osi&th=1&psc=1">View Product</a></div><div class="product"><a href="https://www.amazon.com/dp/B09BVYY7XR?tag=eloabder-20&linkCode=osi&th=1&psc=1"><img src="https://m.media-amazon.com/images/I/41y16Rsk2tL._SL500_.jpg" alt="Product Image"></a><p>Centrum Adult Multivitamin/Multimineral Supplement with Antioxidants, Zinc, Vitamin D3 and B Vitamins, Gluten Free, Non-GMO Ingredients - 200 Count</p><p>$12.12 ($0.06 / Count)</p><a href="https://www.amazon.com/dp/B09BVYY7XR?tag=eloabder-20&linkCode=osi&th=1&psc=1">View Product</a></div><div class="product"><a href="https://www.amazon.com/dp/B09KF8MKB8?tag=eloabder-20&linkCode=osi&th=1&psc=1"><img src="https://m.media-amazon.com/images/I/41jL2KGnSaL._SL500_.jpg" alt="Product Image"></a><p>One A Day Men’s 50+ Healthy Advantage Multivitamin, Multivitamin for Men with Vitamins A, C, E, B6, B12, Calcium and Vitamin D, Tablet, 200 Count (Pack of 1)</p><p>$19.98 ($0.10 / Count)</p><a href="https://www.amazon.com/dp/B09KF8MKB8?tag=eloabder-20&linkCode=osi&th=1&psc=1">View Product</a></div><div class="product"><a href="https://www.amazon.com/dp/B01BGZVXC6?tag=eloabder-20&linkCode=osi&th=1&psc=1"><img src="https://m.media-amazon.com/images/I/41Jd5FzxAkL._SL500_.jpg" alt="Product Image"></a><p>Pure Encapsulations O.N.E. Multivitamin - Once Daily Multivitamin with Antioxidant Complex Metafolin, CoQ10, and Lutein to Support Vision, Cognitive Function, and Cellular Health* - 120 Capsules</p><p>$86.00 ($0.72 / Count)</p><a href="https://www.amazon.com/dp/B01BGZVXC6?tag=eloabder-20&linkCode=osi&th=1&psc=1">View Product</a></div><div class="product"><a href="https://www.amazon.com/dp/B007L0DONW?tag=eloabder-20&linkCode=osi&th=1&psc=1"><img src="https://m.media-amazon.com/images/I/41vIgYSAtXL._SL500_.jpg" alt="Product Image"></a><p>vitafusion Adult Gummy Vitamins for Men, Berry Flavored Daily Multivitamins for Men With Vitamins A, C, D, E, B6 and B12, America’s Number 1 Gummy Vitamin Brand, 75 Day Supply, 150 Count</p><p>$11.99 ($0.08 / Count)</p><a href="https://www.amazon.com/dp/B007L0DONW?tag=eloabder-20&linkCode=osi&th=1&psc=1">View Product</a></div><div class="product"><a href="https://www.amazon.com/dp/B0007YCC7S?tag=eloabder-20&linkCode=osi&th=1&psc=1"><img src="https://m.media-amazon.com/images/I/41ZeBcOfAQL._SL500_.jpg" alt="Product Image"></a><p>Rainbow Light Multivitamin for Men, Vitamin C, D & Zinc, Probiotics, Men's One Multivitamin Provides High Potency Immune Support, Non-GMO, Vegetarian, 150 Tablets</p><p>$40.79 ($0.27 / Count)</p><a href="https://www.amazon.com/dp/B0007YCC7S?tag=eloabder-20&linkCode=osi&th=1&psc=1">View Product</a></div><div class="product"><a href="https://www.amazon.com/dp/B09QBKGDLS?tag=eloabder-20&linkCode=osi&th=1&psc=1"><img src="https://m.media-amazon.com/images/I/41Xr3sSp+8L._SL500_.jpg" alt="Product Image"></a><p>ONE A DAY Womens Complete Daily Multivitamin with Vitamin A, B , C, D, and E, Calcium and Magnesium, Immune Health Support, 200 Count</p><p>$17.48 ($0.09 / Count)</p><a href="https://www.amazon.com/dp/B09QBKGDLS?tag=eloabder-20&linkCode=osi&th=1&psc=1">View Product</a></div>
<div class="product"><a href="https://www.amazon.com/dp/B000NPYY04?tag=eloabder-20&linkCode=osi&th=1&psc=1"><img src="https://m.media-amazon.com/images/I/41AB0odrkeL._SL500_.jpg" alt="Product Image"></a><p>Nature's Bounty Fish Oil, Supports Heart Health, 1200 Mg, 360 Mg Omega-3, Rapid Release Softgels, 200 Ct</p><p>$13.32 ($0.07 / Count)</p><a href="https://www.amazon.com/dp/B000NPYY04?tag=eloabder-20&linkCode=osi&th=1&psc=1">View Product</a></div><div class="product"><a href="https://www.amazon.com/dp/B0046XC528?tag=eloabder-20&linkCode=osi&th=1&psc=1"><img src="https://m.media-amazon.com/images/I/41cdANHQ68L._SL500_.jpg" alt="Product Image"></a><p>Nature Made Fish Oil 1000 mg Softgels, Fish Oil Supplements, Omega 3 Fish Oil for Healthy Heart Support, Omega 3 Supplement with 250 Softgels, 125 Day Supply</p><p>$18.29 ($0.07 / Count)</p><a href="https://www.amazon.com/dp/B0046XC528?tag=eloabder-20&linkCode=osi&th=1&psc=1">View Product</a></div><div class="product"><a href="https://www.amazon.com/dp/B01BTBZWBU?tag=eloabder-20&linkCode=osi&th=1&psc=1"><img src="https://m.media-amazon.com/images/I/41KDZ4VcuHL._SL500_.jpg" alt="Product Image"></a><p>Sports Research Triple Strength Omega 3 Fish Oil - Burpless Fish Oil Supplement w/EPA & DHA Fatty Acids from Single-Source Wild Alaska Pollock - 1250 mg, 180 ct</p><p>$52.95 ($0.29 / Count)</p><a href="https://www.amazon.com/dp/B01BTBZWBU?tag=eloabder-20&linkCode=osi&th=1&psc=1">View Product</a></div><div class="product"><a href="https://www.amazon.com/dp/B014LDT0ZM?tag=eloabder-20&linkCode=osi&th=1&psc=1"><img src="https://m.media-amazon.com/images/I/51c-3W4m1RL._SL500_.jpg" alt="Product Image"></a><p>Viva Naturals Triple Strength Omega 3 Fish Oil Supplement - 2500 mg Fish Oil with Re-Esterified Omega 3 Fatty Acids including EPA, DHA DPA - 180 Pescatarian-Friendly Softgels</p><p>$58.95 ($0.33 / Count)</p><a href="https://www.amazon.com/dp/B014LDT0ZM?tag=eloabder-20&linkCode=osi&th=1&psc=1">View Product</a></div><div class="product"><a href="https://www.amazon.com/dp/B07QHP2ZNQ?tag=eloabder-20&linkCode=osi&th=1&psc=1"><img src="https://m.media-amazon.com/images/I/41p2LIEGL3L._SL500_.jpg" alt="Product Image"></a><p>Nordic Naturals Ultimate Omega, Lemon Flavor - 210 Soft Gels - 1280 mg Omega-3 - High-Potency Omega-3 Fish Oil with EPA & DHA - Promotes Brain & Heart Health - Non-GMO - 105 Servings</p><p>$67.20 ($0.32 / Count)</p><a href="https://www.amazon.com/dp/B07QHP2ZNQ?tag=eloabder-20&linkCode=osi&th=1&psc=1">View Product</a></div><div class="product"><a href="https://www.amazon.com/dp/B01NBTJFJB?tag=eloabder-20&linkCode=osi&th=1&psc=1"><img src="https://m.media-amazon.com/images/I/41gJBxUZtcL._SL500_.jpg" alt="Product Image"></a><p>Triple Strength Omega 3 Fish Oil | 3600 mg EPA & DHA | Over 2100mg of Omega 3 Fatty Acids | 1300mg EPA + 860mg DHA | Best Essential Fatty Acids | Premium Burpless Softgel Supplements (120 Ct)</p><p>$29.95 ($0.25 / Count)</p><a href="https://www.amazon.com/dp/B01NBTJFJB?tag=eloabder-20&linkCode=osi&th=1&psc=1">View Product</a></div><div class="product"><a href="https://www.amazon.com/dp/B00CAZAU62?tag=eloabder-20&linkCode=osi&th=1&psc=1"><img src="https://m.media-amazon.com/images/I/41gdtyE2xHL._SL500_.jpg" alt="Product Image"></a><p>Dr. Tobias Omega 3 Fish Oil, 2000mg Triple Strength Omega 3 Supplement with 800mg EPA 600mg DHA Per Serving, Fish Oil Omega 3 Supplements for Heart, Brain & Immune Support, 180 Softgels, 90 Servings</p><p>$42.99 ($0.24 / Count)</p><a href="https://www.amazon.com/dp/B00CAZAU62?tag=eloabder-20&linkCode=osi&th=1&psc=1">View Product</a></div><div class="product"><a href="https://www.amazon.com/dp/B01GV4O37E?tag=eloabder-20&linkCode=osi&th=1&psc=1"><img src="https://m.media-amazon.com/images/I/41JtERQfIWL._SL500_.jpg" alt="Product Image"></a><p>Arazo Nutrition Wild Caught Omega 3 Fish Oil – 120 Soft Gels – 4,080mg High EPA 1200mg DHA 900mg Lemon Flavor Burpless Softgels</p><p>$28.95 ($0.24 / Count)</p><a href="https://www.amazon.com/dp/B01GV4O37E?tag=eloabder-20&linkCode=osi&th=1&psc=1">View Product</a></div>
<div class="product"><a href="https://www.amazon.com/dp/B09GLGC9DG?tag=eloabder-20&linkCode=osi&th=1&psc=1"><img src="https://m.media-amazon.com/images/I/51OsLLY4B6L._SL500_.jpg" alt="Product Image"></a><p>Physician's CHOICE Probiotics 60 Billion CFU - 10 Strains + Organic Prebiotics - Immune, Digestive & Gut Health - Supports Occasional Constipation, Diarrhea, Gas & Bloating - for Women & Men - 60ct</p><p>$36.97 ($0.62 / Count)</p><a href="https://www.amazon.com/dp/B09GLGC9DG?tag=eloabder-20&linkCode=osi&th=1&psc=1">View Product</a></div><div class="product"><a href="https://www.amazon.com/dp/B004JO3JTM?tag=eloabder-20&linkCode=osi&th=1&psc=1"><img src="https://m.media-amazon.com/images/I/51kOhkzzLKL._SL500_.jpg" alt="Product Image"></a><p>Nature's Bounty Acidophilus Probiotic, Daily Probiotic Supplement, Supports Digestive Health, Twin Pack, 100 Count (Pack of 2)</p><p>$14.99 ($0.07 / Count)</p><a href="https://www.amazon.com/dp/B004JO3JTM?tag=eloabder-20&linkCode=osi&th=1&psc=1">View Product</a></div><div class="product"><a href="https://www.amazon.com/dp/B071DZQLPQ?tag=eloabder-20&linkCode=osi&th=1&psc=1"><img src="https://m.media-amazon.com/images/I/51E-+x12x5L._SL500_.jpg" alt="Product Image"></a><p>NewRhythm Probiotics 50 Billion CFU 20 Strains, 60 Veggie Capsules, Targeted Release Technology, Stomach Acid Resistant, No Need for Refrigeration, Non-GMO, Gluten Free</p><p>$16.99 ($0.28 / Count)</p><a href="https://www.amazon.com/dp/B071DZQLPQ?tag=eloabder-20&linkCode=osi&th=1&psc=1">View Product</a></div><div class="product"><a href="https://www.amazon.com/dp/B00L1GHMN0?tag=eloabder-20&linkCode=osi&th=1&psc=1"><img src="https://m.media-amazon.com/images/I/41Msqs9cM9L._SL500_.jpg" alt="Product Image"></a><p>NOW Supplements, Probiotic-10™, 25 Billion, with 10 Probiotic Strains, Dairy, Soy and Gluten Free, Strain Verified, 100 Veg Capsules</p><p>$22.90 ($0.23 / Count)</p><a href="https://www.amazon.com/dp/B00L1GHMN0?tag=eloabder-20&linkCode=osi&th=1&psc=1">View Product</a></div><div class="product"><a href="https://www.amazon.com/dp/B0D5FZGY8W?tag=eloabder-20&linkCode=osi&th=1&psc=1"><img src="https://m.media-amazon.com/images/I/51gWW6a+5uL._SL500_.jpg" alt="Product Image"></a><p>URO Vaginal Probiotics for Women pH Balance with Prebiotics & Lactobacillus Probiotic Blend - Women's Vaginal Health Supplement - Promote Healthy Vaginal Odor & Vaginal Flora, 60 Count (Pack of 1)</p><p>$28.79 ($0.48 / Count)</p><a href="https://www.amazon.com/dp/B0D5FZGY8W?tag=eloabder-20&linkCode=osi&th=1&psc=1">View Product</a></div><div class="product"><a href="https://www.amazon.com/dp/B00Y8MP4G6?tag=eloabder-20&linkCode=osi&th=1&psc=1"><img src="https://m.media-amazon.com/images/I/41DODStWo4L._SL500_.jpg" alt="Product Image"></a><p>Garden of Life Once Daily Dr. Formulated Probiotics for Women 50 Billion CFU 16 Probiotic Strains with Organic Prebiotics for Digestive, Vaginal & Immune Health, Dairy Free, Shelf Stable 30 Capsules</p><p>$32.19 ($1.07 / Count)</p><a href="https://www.amazon.com/dp/B00Y8MP4G6?tag=eloabder-20&linkCode=osi&th=1&psc=1">View Product</a></div><div class="product"><a href="https://www.amazon.com/dp/B08GR12D4T?tag=eloabder-20&linkCode=osi&th=1&psc=1"><img src="https://m.media-amazon.com/images/I/413uXWNsVzL._SL500_.jpg" alt="Product Image"></a><p>Nature’s Bounty Probiotic 10, Ultra Strength Daily Probiotic Supplement, Support for Digestive, Immune and Upper Respiratory Health, 1 Pack, 30 Capsules</p><p>$12.84 ($0.43 / Count)</p><a href="https://www.amazon.com/dp/B08GR12D4T?tag=eloabder-20&linkCode=osi&th=1&psc=1">View Product</a></div><div class="product"><a href="https://www.amazon.com/dp/B09Z3TPGRZ?tag=eloabder-20&linkCode=osi&th=1&psc=1"><img src="https://m.media-amazon.com/images/I/51H4Kaf9VPL._SL500_.jpg" alt="Product Image"></a><p>Physician's Choice Probiotics - PH Balance, Digestive, UT, & Feminine Health - 50 Billion CFU - 6 Unique Strains for Women - Organic Prebiotics, Cranberry Extract+ - Probiotic - 60 CT</p><p>$36.97 ($0.62 / Count)</p><a href="https://www.amazon.com/dp/B09Z3TPGRZ?tag=eloabder-20&linkCode=osi&th=1&psc=1">View Product</a></div><div class="product"><a href="https://www.amazon.com/dp/B0811P73BT?tag=eloabder-20&linkCode=osi&th=1&psc=1"><img src="https://m.media-amazon.com/images/I/41bBVdIgYdS._SL500_.jpg" alt="Product Image"></a><p>Organic Probiotics 100 Billion CFU, Dr Formulated Probiotics for Women, Probiotics for Men and Adults, Complete Shelf Stable Probiotic Supplement with Prebiotics & Digestive Enzymes; 30 Capsules</p><p>$25.00 ($0.83 / Count)</p><a href="https://www.amazon.com/dp/B0811P73BT?tag=eloabder-20&linkCode=osi&th=1&psc=1">View Product</a></div>
<div class="product"><a href="https://www.amazon.com/dp/B0B76XSJN2?tag=eloabder-20&linkCode=osi&th=1&psc=1"><img src="https://m.media-amazon.com/images/I/419te9dWCML._SL500_.jpg" alt="Product Image"></a><p>HELIX PRIME Cod Liver Oil Extra Virgin Artic Softgels Omega 3, EPA, DHA</p><p>$40.00 ($0.67 / Count)</p><a href="https://www.amazon.com/dp/B0B76XSJN2?tag=eloabder-20&linkCode=osi&th=1&psc=1">View Product</a></div><div class="product"><a href="https://www.amazon.com/dp/B0739KKHWL?tag=eloabder-20&linkCode=osi&th=1&psc=1"><img src="https://m.media-amazon.com/images/I/41g58vrlGWL._SL500_.jpg" alt="Product Image"></a><p>Nordic Naturals Ultimate Omega, Lemon Flavor - 90 Soft Gels - 1280 mg Omega-3 - High-Potency Omega-3 Fish Oil Supplement with EPA & DHA - Promotes Brain & Heart Health - Non-GMO - 45 Servings</p><p>$34.92 ($0.39 / Count)</p><a href="https://www.amazon.com/dp/B0739KKHWL?tag=eloabder-20&linkCode=osi&th=1&psc=1">View Product</a></div><div class="product"><a href="https://www.amazon.com/dp/B003PGJM00?tag=eloabder-20&linkCode=osi&th=1&psc=1"><img src="https://m.media-amazon.com/images/I/419IYWUSY5L._SL500_.jpg" alt="Product Image"></a><p>Nature Made Triple Omega 3 6 9, Flaxseed, Safflower, & Olive Oils, Healthy Heart Support, Fish Free Omega 3 Supplement, 150 Softgels, 75 Day Supply</p><p>$30.28 ($0.20 / Count)</p><a href="https://www.amazon.com/dp/B003PGJM00?tag=eloabder-20&linkCode=osi&th=1&psc=1">View Product</a></div><div class="product"><a href="https://www.amazon.com/dp/B0CS56P75L?tag=eloabder-20&linkCode=osi&th=1&psc=1"><img src="https://m.media-amazon.com/images/I/41GI+Omt1AL._SL500_.jpg" alt="Product Image"></a><p>Triple Strength Omega 3 Fish Oil Supplements 4200mg Per Serving, 120 Softgels – Lemon Flavored – Burpless | EPA 1200mg + DHA 900mg | Deep Sea Fish</p><p>$19.95 ($0.17 / Count)</p><a href="https://www.amazon.com/dp/B0CS56P75L?tag=eloabder-20&linkCode=osi&th=1&psc=1">View Product</a></div><div class="product"><a href="https://www.amazon.com/dp/B0CWPY1XYN?tag=eloabder-20&linkCode=osi&th=1&psc=1"><img src="https://m.media-amazon.com/images/I/41S9PZKx8OL._SL500_.jpg" alt="Product Image"></a><p>Qunol Advanced Omega 3 Krill and Fish Oil Complex, 10x Better Bioavailability, One Pill Dose, 250mg EPA & DHA, Supports Brain, Eye, Heart and Joint Health, 90 Count (Pack of 1)</p><p>$26.99 ($0.30 / Count)</p><a href="https://www.amazon.com/dp/B0CWPY1XYN?tag=eloabder-20&linkCode=osi&th=1&psc=1">View Product</a></div>
<div class="product"><a href="https://www.amazon.com/dp/B09RQBHRCT?tag=eloabder-20&linkCode=osi&th=1&psc=1"><img src="https://m.media-amazon.com/images/I/417jtm1N43L._SL500_.jpg" alt="Product Image"></a><p>Vital Proteins Collagen Peptides Powder, Promotes Hair, Nail, Skin, Bone and Joint Health, Zero Sugar, Unflavored 9.33 OZ</p><p>$20.14 ($2.16 / Ounce)</p><a href="https://www.amazon.com/dp/B09RQBHRCT?tag=eloabder-20&linkCode=osi&th=1&psc=1">View Product</a></div><div class="product"><a href="https://www.amazon.com/dp/B00K6JUG4K?tag=eloabder-20&linkCode=osi&th=1&psc=1"><img src="https://m.media-amazon.com/images/I/41wLQfDnEKL._SL500_.jpg" alt="Product Image"></a><p>Vital Proteins Collagen Peptides Powder with Hyaluronic Acid and Vitamin C, Unflavored, 20 oz</p><p>$46.99 ($2.35 / Ounce)</p><a href="https://www.amazon.com/dp/B00K6JUG4K?tag=eloabder-20&linkCode=osi&th=1&psc=1">View Product</a></div><div class="product"><a href="https://www.amazon.com/dp/B07WZVX3L1?tag=eloabder-20&linkCode=osi&th=1&psc=1"><img src="https://m.media-amazon.com/images/I/41FQaGyTUlL._SL500_.jpg" alt="Product Image"></a><p>Vital Vitamins Collagen for Women & Men - Type I, II, III, V, X Multi Collagen Pills - Grass Fed, Non-GMO - 150 Capsules</p><p>$22.85 ($0.15 / Count)</p><a href="https://www.amazon.com/dp/B07WZVX3L1?tag=eloabder-20&linkCode=osi&th=1&psc=1">View Product</a></div><div class="product"><a href="https://www.amazon.com/dp/B01BHF3OMW?tag=eloabder-20&linkCode=osi&th=1&psc=1"><img src="https://m.media-amazon.com/images/I/41dMvUDFrgL._SL500_.jpg" alt="Product Image"></a><p>Micro Ingredients Multi Collagen Protein Powder, 2 Pounds – Type I,II,III,V,X with Biotin, Hyaluronic Acid, Vitamin C – Unflavored Collagen Peptides – Keto & Paleo Friendly, Easy Dissolve, Non-GMO</p><p>$49.95 ($1.56 / Ounce)</p><a href="https://www.amazon.com/dp/B01BHF3OMW?tag=eloabder-20&linkCode=osi&th=1&psc=1">View Product</a></div><div class="product"><a href="https://www.amazon.com/dp/B085GB45VK?tag=eloabder-20&linkCode=osi&th=1&psc=1"><img src="https://m.media-amazon.com/images/I/51gvq703LsL._SL500_.jpg" alt="Product Image"></a><p>Primal Harvest Collagen Powder for Women or Men Primal Collagen Peptides Powder Type I & III, 10 Oz Collagen Protein Powder for Hair, Skin, Nails (Single, Original)</p><p>$36.95 ($3.70 / Ounce)</p><a href="https://www.amazon.com/dp/B085GB45VK?tag=eloabder-20&linkCode=osi&th=1&psc=1">View Product</a></div><div class="product"><a href="https://www.amazon.com/dp/B005KG7EDU?tag=eloabder-20&linkCode=osi&th=1&psc=1"><img src="https://m.media-amazon.com/images/I/41hWRb-uSmL._SL500_.jpg" alt="Product Image"></a><p>Great Lakes Wellness Collagen Peptides Powder for Skin, Hair, Nails, Joints & Digestion - Unflavored - Quick Dissolve Hydrolyzed, Non-GMO, Keto, Kosher - 16oz - Packaging May Vary</p><p>$32.82 ($2.05 / Ounce)</p><a href="https://www.amazon.com/dp/B005KG7EDU?tag=eloabder-20&linkCode=osi&th=1&psc=1">View Product</a></div><div class="product"><a href="https://www.amazon.com/dp/B071S8D69C?tag=eloabder-20&linkCode=osi&th=1&psc=1"><img src="https://m.media-amazon.com/images/I/41E-Q4q+kWL._SL500_.jpg" alt="Product Image"></a><p>Anthony's Collagen Peptide Powder, 1 lb, Pure Hydrolyzed, Gluten Free, Keto and Paleo Friendly, Grass Fed, Unflavored, Non GMO</p><p>$22.99 ($1.44 / Ounce)</p><a href="https://www.amazon.com/dp/B071S8D69C?tag=eloabder-20&linkCode=osi&th=1&psc=1">View Product</a></div><div class="product"><a href="https://www.amazon.com/dp/B07K4SK9SY?tag=eloabder-20&linkCode=osi&th=1&psc=1"><img src="https://m.media-amazon.com/images/I/51t8W8AmaFL._SL500_.jpg" alt="Product Image"></a><p>Garden of Life Grass Fed Collagen Peptides Powder – Unflavored Collagen Powder for Women Men Hair Skin Nails Joints, Hydrolyzed Collagen Protein Supplements, Post Workout, Paleo & Keto, 28 Servings</p><p>$30.91 ($1.56 / Ounce)</p><a href="https://www.amazon.com/dp/B07K4SK9SY?tag=eloabder-20&linkCode=osi&th=1&psc=1">View Product</a></div>
<div class="product"><a href="https://www.amazon.com/dp/B07JMHNP9F?tag=eloabder-20&linkCode=osi&th=1&psc=1"><img src="https://m.media-amazon.com/images/I/616tKX8dAxL._SL500_.jpg" alt="Product Image"></a><p>Prebiotics for Advanced Gut Health - Immune System Support & Dietary Fiber - Fuels Good Bacteria Growth to Promote Digestive Health - Gas & Digestion Support - Probiotics for Men & Women - 60 Capsules</p><p>$19.97 ($0.33 / Count)</p><a href="https://www.amazon.com/dp/B07JMHNP9F?tag=eloabder-20&linkCode=osi&th=1&psc=1">View Product</a></div><div class="product"><a href="https://www.amazon.com/dp/B07VYMQF6M?tag=eloabder-20&linkCode=osi&th=1&psc=1"><img src="https://m.media-amazon.com/images/I/51Y0hMBp3NL._SL500_.jpg" alt="Product Image"></a><p>Prebiotics and Probiotic with Whole Food Enzymes for Adults Women & Men - Probiotics Lactobacillus Acidophilus - Digestive Health Capsules Shelf Stable Supplement - Non-GMO Gluten & Dairy Free -30ct</p><p>$19.97 ($0.67 / Count)</p><a href="https://www.amazon.com/dp/B07VYMQF6M?tag=eloabder-20&linkCode=osi&th=1&psc=1">View Product</a></div><div class="product"><a href="https://www.amazon.com/dp/B0BRTJ7BJ1?tag=eloabder-20&linkCode=osi&th=1&psc=1"><img src="https://m.media-amazon.com/images/I/51JFiTJs6ZL._SL500_.jpg" alt="Product Image"></a><p>Physician's CHOICE Prebiotic-Probiotic - Multi-Strain Probiotics & Synergistic Prebiotics -Designed for Digestive Health, Supporting Gut Microbiome - Powerful PrePro for Gut Health - for Women & Men</p><p>$18.97 ($0.63 / Count)</p><a href="https://www.amazon.com/dp/B0BRTJ7BJ1?tag=eloabder-20&linkCode=osi&th=1&psc=1">View Product</a></div><div class="product"><a href="https://www.amazon.com/dp/B0CPN9NK38?tag=eloabder-20&linkCode=osi&th=1&psc=1"><img src="https://m.media-amazon.com/images/I/41hL4HSQxwL._SL500_.jpg" alt="Product Image"></a><p>OLLY Probiotic + Prebiotic Gummy, Digestive Support and Gut Health, 500 Million CFUs, Fiber, Adult Chewable Supplement for Men and Women, Peach, 30 Day Supply - 60 Count</p><p>$21.35 ($0.36 / Count)</p><a href="https://www.amazon.com/dp/B0CPN9NK38?tag=eloabder-20&linkCode=osi&th=1&psc=1">View Product</a></div><div class="product"><a href="https://www.amazon.com/dp/B07GPFB6FJ?tag=eloabder-20&linkCode=osi&th=1&psc=1"><img src="https://m.media-amazon.com/images/I/41IkSyAmJOL._SL500_.jpg" alt="Product Image"></a><p>Amazon Basics Prebiotic & Probiotic Gummies, 2 Billion CFU, Blue Raspberry, 50 Count (2 per Serving) (Previously Solimo)</p><p>$9.21 ($0.18 / Count)</p><a href="https://www.amazon.com/dp/B07GPFB6FJ?tag=eloabder-20&linkCode=osi&th=1&psc=1">View Product</a></div><div class="product"><a href="https://www.amazon.com/dp/B01FICESXE?tag=eloabder-20&linkCode=osi&th=1&psc=1"><img src="https://m.media-amazon.com/images/I/41wI-mGIidL._SL500_.jpg" alt="Product Image"></a><p>Dr. Tobias Prebiotics, Supports Digestion & Gut Health, Feed Good Probiotic Bacteria, Boost Gut Immune Function, Vegan & Non-GMO Gut Health Supplements for Men and Women, 30 Capsules, 30 Servings</p><p>$25.99 ($0.87 / Count)</p><a href="https://www.amazon.com/dp/B01FICESXE?tag=eloabder-20&linkCode=osi&th=1&psc=1">View Product</a></div><div class="product"><a href="https://www.amazon.com/dp/B0CGMMYWR5?tag=eloabder-20&linkCode=osi&th=1&psc=1"><img src="https://m.media-amazon.com/images/I/414k9euXCUL._SL500_.jpg" alt="Product Image"></a><p>Horbäach Prebiotic for Men and Women | 120 Powder Pills | High Strength & Premium Quality Supplement | Non-GMO & Gluten Free Quick Release Capsules</p><p>$9.99 ($0.08 / Count)</p><a href="https://www.amazon.com/dp/B0CGMMYWR5?tag=eloabder-20&linkCode=osi&th=1&psc=1">View Product</a></div><div class="product"><a href="https://www.amazon.com/dp/B00N1G17GG?tag=eloabder-20&linkCode=osi&th=1&psc=1"><img src="https://m.media-amazon.com/images/I/418Nr2+sCOL._SL500_.jpg" alt="Product Image"></a><p>Earth's Pearl Probiotic Pearls for Women and Men - Kids Probiotic with Prebiotic Fiber - Daily Probiotic for Women and Men - 60-Day Supply of Prebiotics and Probiotics for Women and Men Probiotic</p><p>$23.87 ($0.40 / Count)</p><a href="https://www.amazon.com/dp/B00N1G17GG?tag=eloabder-20&linkCode=osi&th=1&psc=1">View Product</a></div>
<div class="product"><a href="https://www.amazon.com/dp/B00RH5K26I?tag=eloabder-20&linkCode=osi&th=1&psc=1"><img src="https://m.media-amazon.com/images/I/41bQqGtcXwL._SL500_.jpg" alt="Product Image"></a><p>Zenwise Health Digestive Enzymes - Probiotic Multi Enzymes with Probiotics and Prebiotics for Digestive Health and Bloating Relief for Women and Men, Daily Enzymes for Gut and Digestion - 180 Count</p><p>$39.97 ($0.22 / Count)</p><a href="https://www.amazon.com/dp/B00RH5K26I?tag=eloabder-20&linkCode=osi&th=1&psc=1">View Product</a></div><div class="product"><a href="https://www.amazon.com/dp/B0001T0GAE?tag=eloabder-20&linkCode=osi&th=1&psc=1"><img src="https://m.media-amazon.com/images/I/41G271GqUaL._SL500_.jpg" alt="Product Image"></a><p>NOW Supplements, Super Enzymes, Formulated with Bromelain, Ox Bile, Pancreatin and Papain, Super Enzymes,90 Capsules</p><p>$14.31 ($0.16 / Count)</p><a href="https://www.amazon.com/dp/B0001T0GAE?tag=eloabder-20&linkCode=osi&th=1&psc=1">View Product</a></div><div class="product"><a href="https://www.amazon.com/dp/B0016XGOVO?tag=eloabder-20&linkCode=osi&th=1&psc=1"><img src="https://m.media-amazon.com/images/I/41SK0PjZTZL._SL500_.jpg" alt="Product Image"></a><p>Pure Encapsulations Digestive Enzymes Ultra - Vegetarian Digestive Enzyme Supplement to Support Protein, Carb, Fiber, and Dairy Digestion* - 90 Capsules</p><p>$36.20 ($0.40 / Count)</p><a href="https://www.amazon.com/dp/B0016XGOVO?tag=eloabder-20&linkCode=osi&th=1&psc=1">View Product</a></div><div class="product"><a href="https://www.amazon.com/dp/B0009EXOUA?tag=eloabder-20&linkCode=osi&th=1&psc=1"><img src="https://m.media-amazon.com/images/I/41jQAIqtQxL._SL500_.jpg" alt="Product Image"></a><p>Source Naturals Essential Enzymes 500mg Bio-Aligned Multiple Supplement Herbal Defense for Digestion, Gas & Constipation Relief - Strong Immune System Support* - 120 Capsules</p><p>$12.94 ($0.11 / Count)</p><a href="https://www.amazon.com/dp/B0009EXOUA?tag=eloabder-20&linkCode=osi&th=1&psc=1">View Product</a></div><div class="product"><a href="https://www.amazon.com/dp/B00GSP4R6O?tag=eloabder-20&linkCode=osi&th=1&psc=1"><img src="https://m.media-amazon.com/images/I/41oaLuwaf6L._SL500_.jpg" alt="Product Image"></a><p>Pure Encapsulations Digestive Enzymes Ultra with Betaine HCl - Vegetarian Digestive Enzyme Supplement to Support Protein, Carb, Fiber, and Dairy Digestion* - 90 Capsules</p><p>$36.80 ($0.41 / Count)</p><a href="https://www.amazon.com/dp/B00GSP4R6O?tag=eloabder-20&linkCode=osi&th=1&psc=1">View Product</a></div><div class="product"><a href="https://www.amazon.com/dp/B0971P79G2?tag=eloabder-20&linkCode=osi&th=1&psc=1"><img src="https://m.media-amazon.com/images/I/41sjwVKMyyL._SL500_.jpg" alt="Product Image"></a><p>Digestive Enzymes - 800mg Blend of All 10 Most Essential Digestive and Pancreatic Enzymes (Amylase, Lipase, Bromelain, Lactase, Papain, Protease, Cellulase, Maltase, Invertase) by Double Wood</p><p>$18.95 ($0.11 / Count)</p><a href="https://www.amazon.com/dp/B0971P79G2?tag=eloabder-20&linkCode=osi&th=1&psc=1">View Product</a></div><div class="product"><a href="https://www.amazon.com/dp/B07N3X6T57?tag=eloabder-20&linkCode=osi&th=1&psc=1"><img src="https://m.media-amazon.com/images/I/41YXJ96hUCL._SL500_.jpg" alt="Product Image"></a><p>Enzymedica Digest Gold + ATPro Maximum Strength Digestive Enzymes | Prevents Bloating Gas & Indigestion, Natural Digestion Support, Multi Enzyme Amylase, Protease, Lipase & Lactase, 90 Capsules</p><p>$40.12 ($0.45 / Count)</p><a href="https://www.amazon.com/dp/B07N3X6T57?tag=eloabder-20&linkCode=osi&th=1&psc=1">View Product</a></div><div class="product"><a href="https://www.amazon.com/dp/B000Q487DC?tag=eloabder-20&linkCode=osi&th=1&psc=1"><img src="https://m.media-amazon.com/images/I/318ZKbie4-L._SL500_.jpg" alt="Product Image"></a><p>Doctor's Best Digestive Enzymes Non-GMO Vegetarian Gluten Free, 90 Veggie Caps</p><p>$21.95 ($0.24 / Count)</p><a href="https://www.amazon.com/dp/B000Q487DC?tag=eloabder-20&linkCode=osi&th=1&psc=1">View Product</a></div>
<div class="product"><a href="https://www.amazon.com/dp/B093P29P79?tag=eloabder-20&linkCode=osi&th=1&psc=1"><img src="https://m.media-amazon.com/images/I/419UA39m4vL._SL500_.jpg" alt="Product Image"></a><p>8 in 1 Immune Support with Quercetin Zinc 50mg Vitamin C 1000mg Vitamin D3 5000 IU and Elderberry Echinacea Ginger for Adults Kids - Vit D Immunity Defense Booster Supplement Veg Capsules Made in USA</p><p>$24.95 ($0.42 / Count)</p><a href="https://www.amazon.com/dp/B093P29P79?tag=eloabder-20&linkCode=osi&th=1&psc=1">View Product</a></div><div class="product"><a href="https://www.amazon.com/dp/B00MJ7VL1O?tag=eloabder-20&linkCode=osi&th=1&psc=1"><img src="https://m.media-amazon.com/images/I/41dN7-gv40L._SL500_.jpg" alt="Product Image"></a><p>Nature’s Way Sambucus Elderberry Immune Gummies, Daily Immune Support for Kids and Adults*, with Vitamin C, Vitamin D3, Zinc, Gluten Free, Vegetarian, 60 Gummies (Packaging May Vary)</p><p>$14.97 ($0.25 / Count)</p><a href="https://www.amazon.com/dp/B00MJ7VL1O?tag=eloabder-20&linkCode=osi&th=1&psc=1">View Product</a></div><div class="product"><a href="https://www.amazon.com/dp/B09ZYN6Z5R?tag=eloabder-20&linkCode=osi&th=1&psc=1"><img src="https://m.media-amazon.com/images/I/61CzAf44o4L._SL500_.jpg" alt="Product Image"></a><p>12 in 1 Premium Immune Defense Vitamins - Immune Supplement w/ Vitamin D3 5000 IU Vitamin С 1000mg Zinс 50mg - Luxe Choice for Premium Immune Support - With Echinacea Elderberry and Ginger - 120 Caps</p><p>$29.95 ($29.95 / Count)</p><a href="https://www.amazon.com/dp/B09ZYN6Z5R?tag=eloabder-20&linkCode=osi&th=1&psc=1">View Product</a></div><div class="product"><a href="https://www.amazon.com/dp/B08SCKMC3G?tag=eloabder-20&linkCode=osi&th=1&psc=1"><img src="https://m.media-amazon.com/images/I/51coRaMYZjL._SL500_.jpg" alt="Product Image"></a><p>Immune Support Supplement with Zinc Vitamin C Vitamin D 5000 IU Elderberry Ginger D3 Goldenseal - Dr Approved Immunity Vitamins for Adults Women and Men - Natural Immune System Booster Defense -120ct</p><p>$15.97 ($0.13 / Count)</p><a href="https://www.amazon.com/dp/B08SCKMC3G?tag=eloabder-20&linkCode=osi&th=1&psc=1">View Product</a></div><div class="product"><a href="https://www.amazon.com/dp/B08CBBHPTF?tag=eloabder-20&linkCode=osi&th=1&psc=1"><img src="https://m.media-amazon.com/images/I/41U8ywAfz1L._SL500_.jpg" alt="Product Image"></a><p>A Dose of Immunity Quercetin with Vitamin C and Zinc, Vitamin D, 500mg Quercetin Bromelain with Echinacea & B Vitamins, Lung Immune Support Supplement 7 in 1 Immunity Defense Booster (60 Count)</p><p>$19.95 ($0.33 / Count)</p><a href="https://www.amazon.com/dp/B08CBBHPTF?tag=eloabder-20&linkCode=osi&th=1&psc=1">View Product</a></div><div class="product"><a href="https://www.amazon.com/dp/B09HBGLZP8?tag=eloabder-20&linkCode=osi&th=1&psc=1"><img src="https://m.media-amazon.com/images/I/51MHWotEUXL._SL500_.jpg" alt="Product Image"></a><p>8 in 1 Immune Defense Support, Immunity Vitamins Supplement Booster with Zinc 50mg, Vitamin C Elderberry Vit D3 5000 IU, Turmeric Curcumin & Ginger, Echinacea - Allergy Relief for Kids Adults (2 Pack)</p><p>$27.95 ($0.23 / Count)</p><a href="https://www.amazon.com/dp/B09HBGLZP8?tag=eloabder-20&linkCode=osi&th=1&psc=1">View Product</a></div>
<div class="product"><a href="https://www.amazon.com/dp/B0CKVSGYZV?tag=eloabder-20&linkCode=osi&th=1&psc=1"><img src="https://m.media-amazon.com/images/I/41meSPQU9WL._SL500_.jpg" alt="Product Image"></a><p>Basigano Natural Dopamine Supplement for Energy, Focus, Motivation, Mental Alertness, Mood, and Stress - Non-GMO, Gluten-Free - 90 Tablets</p><p>$19.97 ($0.22 / Count)</p><a href="https://www.amazon.com/dp/B0CKVSGYZV?tag=eloabder-20&linkCode=osi&th=1&psc=1">View Product</a></div><div class="product"><a href="https://www.amazon.com/dp/B0B1VRCJ2Z?tag=eloabder-20&linkCode=osi&th=1&psc=1"><img src="https://m.media-amazon.com/images/I/31rFUBNNRlL._SL500_.jpg" alt="Product Image"></a><p>Health by Habit Energy Supplement (60 Capsules) - Natual Caffeine Blend, Vitamins B & C, Supports Energy Levels, Promotes Mental Alertness and Focus, Vegan, Non-GMO, Sugar Free (1 Pack)</p><p>$7.88 ($0.13 / Count)</p><a href="https://www.amazon.com/dp/B0B1VRCJ2Z?tag=eloabder-20&linkCode=osi&th=1&psc=1">View Product</a></div><div class="product"><a href="https://www.amazon.com/dp/B01LXX5Z8Q?tag=eloabder-20&linkCode=osi&th=1&psc=1"><img src="https://m.media-amazon.com/images/I/41YtzgRxe8L._SL500_.jpg" alt="Product Image"></a><p>OLLY Daily Energy Gummy, Caffeine Free, Vitamin B12, CoQ10, Goji Berry, Adult Chewable Supplement, Tropical Flavor - 60 Count</p><p>$12.88 ($0.21 / Count)</p><a href="https://www.amazon.com/dp/B01LXX5Z8Q?tag=eloabder-20&linkCode=osi&th=1&psc=1">View Product</a></div><div class="product"><a href="https://www.amazon.com/dp/B078SJ9F5S?tag=eloabder-20&linkCode=osi&th=1&psc=1"><img src="https://m.media-amazon.com/images/I/41kM5+mO9kL._SL500_.jpg" alt="Product Image"></a><p>Genius Mushroom - Lions Mane, Cordyceps and Reishi - System Booster & Nootropic Supplement - for Energy & Support, 90 Veggie Pills</p><p>$17.55 ($0.20 / Count)</p><a href="https://www.amazon.com/dp/B078SJ9F5S?tag=eloabder-20&linkCode=osi&th=1&psc=1">View Product</a></div><div class="product"><a href="https://www.amazon.com/dp/B0BV4F17B4?tag=eloabder-20&linkCode=osi&th=1&psc=1"><img src="https://m.media-amazon.com/images/I/41UR52LyNJL._SL500_.jpg" alt="Product Image"></a><p>OLLY Extra Strength Daily Energy Gummy, Caffeine Free, 1000mcg Vitamin B12, CoQ10, Goji Berry, Adult Chewable Supplement, Berry Yuzu Flavor - 60 Count</p><p>$15.88 ($0.26 / Count)</p><a href="https://www.amazon.com/dp/B0BV4F17B4?tag=eloabder-20&linkCode=osi&th=1&psc=1">View Product</a></div><div class="product"><a href="https://www.amazon.com/dp/B008PQDCG0?tag=eloabder-20&linkCode=osi&th=1&psc=1"><img src="https://m.media-amazon.com/images/I/51EFLU6zpCL._SL500_.jpg" alt="Product Image"></a><p>Nature Made Super B Energy Complex, Dietary Supplement for Brain Cell Function Support, 60 Softgels, 60 Day Supply</p><p>$9.34 ($0.16 / Count)</p><a href="https://www.amazon.com/dp/B008PQDCG0?tag=eloabder-20&linkCode=osi&th=1&psc=1">View Product</a></div><div class="product"><a href="https://www.amazon.com/dp/B0019CULMA?tag=eloabder-20&linkCode=osi&th=1&psc=1"><img src="https://m.media-amazon.com/images/I/41Yjst8ffCL._SL500_.jpg" alt="Product Image"></a><p>One A Day Energy Multivitamin with Vitamin A, C, D, E, Zinc for Immune Health*, Caffeine, Biotin, B6, B12 & More, 50 Tablets</p><p>$12.95 ($0.26 / Count)</p><a href="https://www.amazon.com/dp/B0019CULMA?tag=eloabder-20&linkCode=osi&th=1&psc=1">View Product</a></div><div class="product"><a href="https://www.amazon.com/dp/B07Q6ZVMK4?tag=eloabder-20&linkCode=osi&th=1&psc=1"><img src="https://m.media-amazon.com/images/I/41rv+HJYEeL._SL500_.jpg" alt="Product Image"></a><p>Acetyl L-Carnitine 1,500 mg High Potency Supports Natural Energy Production, Sports Nutrition, Supports Memory/Focus - 100 Veggie Capsules</p><p>$17.88 ($0.18 / Count)</p><a href="https://www.amazon.com/dp/B07Q6ZVMK4?tag=eloabder-20&linkCode=osi&th=1&psc=1">View Product</a></div>
<div class="product"><a href="https://www.amazon.com/dp/B01M5DEMWI?tag=eloabder-20&linkCode=osi&th=1&psc=1"><img src="https://m.media-amazon.com/images/I/410zXYEJpKL._SL500_.jpg" alt="Product Image"></a><p>Arazo Nutrition Glucosamine Chondroitin Turmeric Msm Boswellia - Joint Support Supplement for Relief 180 Tablets for Bones, Back, Knees, Hands (180 Tablets)</p><p>$25.95 ($0.14 / Count)</p><a href="https://www.amazon.com/dp/B01M5DEMWI?tag=eloabder-20&linkCode=osi&th=1&psc=1">View Product</a></div><div class="product"><a href="https://www.amazon.com/dp/B07SSVYMJV?tag=eloabder-20&linkCode=osi&th=1&psc=1"><img src="https://m.media-amazon.com/images/I/41nKoj5uWZL._SL500_.jpg" alt="Product Image"></a><p>Kirkland Signature Triple Action Joint Health, UC•ll Undenatured Type II Collagen, Boron, Hyaluronic Acid,with Boron,110 Coated Tablets(Pack of 2)</p><p>$51.47 ($0.23 / Count)</p><a href="https://www.amazon.com/dp/B07SSVYMJV?tag=eloabder-20&linkCode=osi&th=1&psc=1">View Product</a></div><div class="product"><a href="https://www.amazon.com/dp/B07VLJN7C6?tag=eloabder-20&linkCode=osi&th=1&psc=1"><img src="https://m.media-amazon.com/images/I/51DwRUN7v6L._SL500_.jpg" alt="Product Image"></a><p>Move Free Ultra Triple Action Joint Support Supplement - Type II Collagen Boron & Hyaluronic Acid - Supports Joint Comfort, Cartiliage & Bones in 1 Tiny Pill Per Day, 64 Tablets (64 servings)*</p><p>$20.47 ($0.32 / Count)</p><a href="https://www.amazon.com/dp/B07VLJN7C6?tag=eloabder-20&linkCode=osi&th=1&psc=1">View Product</a></div><div class="product"><a href="https://www.amazon.com/dp/B0CZBMTDTQ?tag=eloabder-20&linkCode=osi&th=1&psc=1"><img src="https://m.media-amazon.com/images/I/51-QUiTWfiL._SL500_.jpg" alt="Product Image"></a><p>Qunol 5-in-1 Joint Support Supplement, Fast Acting, One Pill Dose, Support Healthy Inflammation Response & Discomfort Caused by Overuse of Joints, Alternative to Glucosamine Chondroitin MSM, 45 Count</p><p>$22.49 ($0.50 / Count)</p><a href="https://www.amazon.com/dp/B0CZBMTDTQ?tag=eloabder-20&linkCode=osi&th=1&psc=1">View Product</a></div><div class="product"><a href="https://www.amazon.com/dp/B0082D9QUW?tag=eloabder-20&linkCode=osi&th=1&psc=1"><img src="https://m.media-amazon.com/images/I/413QAFL8wML._SL500_.jpg" alt="Product Image"></a><p>Osteo Bi-Flex One Per Day, Glucosamine Joint Health Supplement with Vitamin D, Coated Tablets, 60 Count</p><p>$18.99 ($0.32 / Count)</p><a href="https://www.amazon.com/dp/B0082D9QUW?tag=eloabder-20&linkCode=osi&th=1&psc=1">View Product</a></div><div class="product"><a href="https://www.amazon.com/dp/B001W2MBSE?tag=eloabder-20&linkCode=osi&th=1&psc=1"><img src="https://m.media-amazon.com/images/I/4144YmkKbfL._SL500_.jpg" alt="Product Image"></a><p>Move Free Advanced Glucosamine Chondroitin MSM Joint Support Supplement, Supports Mobility Comfort Strength Flexibility & Bone - 120 Tablets (40 servings)*</p><p>$21.99 ($0.18 / Count)</p><a href="https://www.amazon.com/dp/B001W2MBSE?tag=eloabder-20&linkCode=osi&th=1&psc=1">View Product</a></div><div class="product"><a href="https://www.amazon.com/dp/B01N0T9PFZ?tag=eloabder-20&linkCode=osi&th=1&psc=1"><img src="https://m.media-amazon.com/images/I/51QekqG+VoL._SL500_.jpg" alt="Product Image"></a><p>Member's Mark™ Ultra Triple Action Joint Health</p><p>$36.80 ($0.29 / Count)</p><a href="https://www.amazon.com/dp/B01N0T9PFZ?tag=eloabder-20&linkCode=osi&th=1&psc=1">View Product</a></div><div class="product"><a href="https://www.amazon.com/dp/B0055UFNQG?tag=eloabder-20&linkCode=osi&th=1&psc=1"><img src="https://m.media-amazon.com/images/I/51j+Ymx9G-L._SL500_.jpg" alt="Product Image"></a><p>Osteo Bi-Flex Triple Strength with Vitamin D Glucosamine Chondroitin Joint Health Supplement, Coated Tablets, Red, 120 Count</p><p>$29.49 ($0.25 / Count)</p><a href="https://www.amazon.com/dp/B0055UFNQG?tag=eloabder-20&linkCode=osi&th=1&psc=1">View Product</a></div><div class="product"><a href="https://www.amazon.com/dp/B000059Z77?tag=eloabder-20&linkCode=osi&th=1&psc=1"><img src="https://m.media-amazon.com/images/I/51bPlGhhCzL._SL500_.jpg" alt="Product Image"></a><p>Osteo Bi-Flex Triple Strength(5), Glucosamine Chondroitin with Vitamin C Joint Health Supplement, Coated Tablets, 80 Count (Pack of 1)</p><p>$17.49 ($0.22 / Count)</p><a href="https://www.amazon.com/dp/B000059Z77?tag=eloabder-20&linkCode=osi&th=1&psc=1">View Product</a></div>
<div class="product"><a href="https://www.amazon.com/dp/B08ML6GMY4?tag=eloabder-20&linkCode=osi&th=1&psc=1"><img src="https://m.media-amazon.com/images/I/415l9I+T6aL._SL500_.jpg" alt="Product Image"></a><p>Snap Supplements Heart Health Supplements and Blood Circulation Supplements, 90 Capsules</p><p>$39.95 ($0.44 / Count)</p><a href="https://www.amazon.com/dp/B08ML6GMY4?tag=eloabder-20&linkCode=osi&th=1&psc=1">View Product</a></div><div class="product"><a href="https://www.amazon.com/dp/B0B36DNWQQ?tag=eloabder-20&linkCode=osi&th=1&psc=1"><img src="https://m.media-amazon.com/images/I/41piHVRRu9L._SL500_.jpg" alt="Product Image"></a><p>Heart Health Blood Pressure Support Supplement - Support Blood Pressure & Healthy Circularity Naturally with Hawthorn Berry & Hibiscus.Vitamins Pills for Healthy Hypertension (BP) & Healthy Heart.</p><p>$23.91 ($0.27 / Count)</p><a href="https://www.amazon.com/dp/B0B36DNWQQ?tag=eloabder-20&linkCode=osi&th=1&psc=1">View Product</a></div><div class="product"><a href="https://www.amazon.com/dp/B0BMW8YF9G?tag=eloabder-20&linkCode=osi&th=1&psc=1"><img src="https://m.media-amazon.com/images/I/41CZEmqjJ+L._SL500_.jpg" alt="Product Image"></a><p>Heart Defend-Her Womens Heart Health Supplements – Advanced 3-in-1 Blend with Grape Seed Extract, Vitamin K2 MK-7, and CoQ10 – Support Blood Pressure, Artery and Bone Strength – 60 Vegetarian Capsules</p><p>$12.99 ($0.22 / Count)</p><a href="https://www.amazon.com/dp/B0BMW8YF9G?tag=eloabder-20&linkCode=osi&th=1&psc=1">View Product</a></div><div class="product"><a href="https://www.amazon.com/dp/B00NLYAL5G?tag=eloabder-20&linkCode=osi&th=1&psc=1"><img src="https://m.media-amazon.com/images/I/41t26FosJSL._SL500_.jpg" alt="Product Image"></a><p>Life Extension FLORASSIST Heart Health - 2.5 Billion CFU Heart Health Support Advanced Probiotics Supplement for Men and Women – Gluten-Free, Non-GMO, Vegetarian – 60 Capsules</p><p>$24.00 ($0.40 / Count)</p><a href="https://www.amazon.com/dp/B00NLYAL5G?tag=eloabder-20&linkCode=osi&th=1&psc=1">View Product</a></div><div class="product"><a href="https://www.amazon.com/dp/B07CT1KCY8?tag=eloabder-20&linkCode=osi&th=1&psc=1"><img src="https://m.media-amazon.com/images/I/41uYctPvrhL._SL500_.jpg" alt="Product Image"></a><p>NutraPro Healthy Heart - Heart Health Supplements. Artery Cleanse & Protect. Supports Cholesterol and Triglyceride Balancing. GMP Certified</p><p>$28.91 ($0.32 / Count)</p><a href="https://www.amazon.com/dp/B07CT1KCY8?tag=eloabder-20&linkCode=osi&th=1&psc=1">View Product</a></div><div class="product"><a href="https://www.amazon.com/dp/B000FH11VU?tag=eloabder-20&linkCode=osi&th=1&psc=1"><img src="https://m.media-amazon.com/images/I/31OdjGI-eRL._SL500_.jpg" alt="Product Image"></a><p>THORNE Heart Health Complex - with CoQ10, Taurine and Hawthorn - Coenzyme Q10 Supplement with Minerals, Amino Acids, and Botanicals - 90 Capsules</p><p>$38.00 ($0.42 / Count)</p><a href="https://www.amazon.com/dp/B000FH11VU?tag=eloabder-20&linkCode=osi&th=1&psc=1">View Product</a></div><div class="product"><a href="https://www.amazon.com/dp/B00014JOWU?tag=eloabder-20&linkCode=osi&th=1&psc=1"><img src="https://m.media-amazon.com/images/I/41L4KTA5YkL._SL500_.jpg" alt="Product Image"></a><p>Century Systems - Heart Miracle, Nutritional Supplement for Blood Pressure, Cholesterol, and Cardiovascular Support, 32 Ounce Liquid, 16-32 Servings</p><p>$32.99 ($1.03 / Fl Oz)</p><a href="https://www.amazon.com/dp/B00014JOWU?tag=eloabder-20&linkCode=osi&th=1&psc=1">View Product</a></div><div class="product"><a href="https://www.amazon.com/dp/B07ZTVS5KQ?tag=eloabder-20&linkCode=osi&th=1&psc=1"><img src="https://m.media-amazon.com/images/I/41YIIAodZqL._SL500_.jpg" alt="Product Image"></a><p>Heart Supplements 1650mg for Heart Health Support with CoQ10, L-Arginine, Magnesium, Hawthorn - 22 Natural Heart Vitamins & Extracts to Support Nitric Oxide & Energy Production, and More - 60 Capsules</p><p>$14.62 ($0.24 / Count)</p><a href="https://www.amazon.com/dp/B07ZTVS5KQ?tag=eloabder-20&linkCode=osi&th=1&psc=1">View Product</a></div><div class="product"><a href="https://www.amazon.com/dp/B0B9CF8B52?tag=eloabder-20&linkCode=osi&th=1&psc=1"><img src="https://m.media-amazon.com/images/I/51-GopuoY+L._SL500_.jpg" alt="Product Image"></a><p>YUMMYVITE Heart Health Supplement - Supports Heart Health - 60 Capsules</p><p>$14.99 ($0.25 / Count)</p><a href="https://www.amazon.com/dp/B0B9CF8B52?tag=eloabder-20&linkCode=osi&th=1&psc=1">View Product</a></div>
<div class="product"><a href="https://www.amazon.com/dp/B0B5Y5J6G2?tag=eloabder-20&linkCode=osi&th=1&psc=1"><img src="https://m.media-amazon.com/images/I/41MlY2QgEJL._SL500_.jpg" alt="Product Image"></a><p>Primal Harvest Primal Bone Health Calcium Carbonate Bone Health Complex for Men & Women with Calcium, Magnesium, Zinc, Manganese, Potassium, & L-Carnitine (120 capsules)</p><p>$39.95 ($0.33 / Count)</p><a href="https://www.amazon.com/dp/B0B5Y5J6G2?tag=eloabder-20&linkCode=osi&th=1&psc=1">View Product</a></div><div class="product"><a href="https://www.amazon.com/dp/B009E9YK90?tag=eloabder-20&linkCode=osi&th=1&psc=1"><img src="https://m.media-amazon.com/images/I/41k8JHjszUL._SL500_.jpg" alt="Product Image"></a><p>Life Extension Bone Restore + Vitamin K2 Vitamins & Minerals Maintain Bone Health & Strength - Fortifying Nutrients Calcium, D3 & Important Bone Building Minerals - Non-GMO, Gluten-Free -120 Capsules</p><p>$18.00 ($0.15 / Count)</p><a href="https://www.amazon.com/dp/B009E9YK90?tag=eloabder-20&linkCode=osi&th=1&psc=1">View Product</a></div><div class="product"><a href="https://www.amazon.com/dp/B0716RWHX4?tag=eloabder-20&linkCode=osi&th=1&psc=1"><img src="https://m.media-amazon.com/images/I/51GW4bwdnIL._SL500_.jpg" alt="Product Image"></a><p>NATURELO Calcium Supplement - Bone Strength with Calcium 600mg, Vitamin D3, K2, C, Magnesium Zinc - Plant-Based, 120 Vegetarian Capsules, Non-GMO, Soy & Gluten-Free</p><p>$26.95 ($0.22 / Count)</p><a href="https://www.amazon.com/dp/B0716RWHX4?tag=eloabder-20&linkCode=osi&th=1&psc=1">View Product</a></div><div class="product"><a href="https://www.amazon.com/dp/B0CCXFCR88?tag=eloabder-20&linkCode=osi&th=1&psc=1"><img src="https://m.media-amazon.com/images/I/316DOWXwifL._SL500_.jpg" alt="Product Image"></a><p>NativePath Bone Health Collagen Peptides, Type 1 & 3 Peptides, with Fortibone and Verisol, 7.9 Ounce, 30 Servings</p><p>$62.99 ($7.97 / Ounce)</p><a href="https://www.amazon.com/dp/B0CCXFCR88?tag=eloabder-20&linkCode=osi&th=1&psc=1">View Product</a></div><div class="product"><a href="https://www.amazon.com/dp/B00KTI9Q3U?tag=eloabder-20&linkCode=osi&th=1&psc=1"><img src="https://m.media-amazon.com/images/I/41377DEZNsL._SL500_.jpg" alt="Product Image"></a><p>New Chapter Calcium Supplement - Bone Strength Organic Calcium with Magnesium, Vitamin D3+K2, 70+ Trace Minerals for Bone Health, Gluten Free, Easy to Swallow - 180 Slim Tablets</p><p>$50.96 ($0.28 / Count)</p><a href="https://www.amazon.com/dp/B00KTI9Q3U?tag=eloabder-20&linkCode=osi&th=1&psc=1">View Product</a></div><div class="product"><a href="https://www.amazon.com/dp/B07ZQQWKGN?tag=eloabder-20&linkCode=osi&th=1&psc=1"><img src="https://m.media-amazon.com/images/I/51Z+ZOCtD6L._SL500_.jpg" alt="Product Image"></a><p>Bone Strength Calcium Supplement - With Calcium, Vitamin D3, K2, C, Magnesium, Zinc - 8 Bone-Building Nutrients, High Absorption, Non-Constipating Formula - 120 Veggie Capsules for Optimal Bone Health</p><p>$17.97 ($0.15 / Count)</p><a href="https://www.amazon.com/dp/B07ZQQWKGN?tag=eloabder-20&linkCode=osi&th=1&psc=1">View Product</a></div><div class="product"><a href="https://www.amazon.com/dp/B00CYT33Q8?tag=eloabder-20&linkCode=osi&th=1&psc=1"><img src="https://m.media-amazon.com/images/I/41YDhk963AL._SL500_.jpg" alt="Product Image"></a><p>Redd Remedies, Bone Health Advanced, Natural Support with Calcium and Vitamin K2, 120 Capsules</p><p>$39.99 ($0.33 / Count)</p><a href="https://www.amazon.com/dp/B00CYT33Q8?tag=eloabder-20&linkCode=osi&th=1&psc=1">View Product</a></div><div class="product"><a href="https://www.amazon.com/dp/B0012ZW8TI?tag=eloabder-20&linkCode=osi&th=1&psc=1"><img src="https://m.media-amazon.com/images/I/31oIwyVZXlL._SL500_.jpg" alt="Product Image"></a><p>THORNE Advanced Bone Support‡ - (Formerly Oscap) - Bone Health Supplement with Calcium and Vitamin D - 120 Capsules</p><p>$25.00 ($0.21 / Count)</p><a href="https://www.amazon.com/dp/B0012ZW8TI?tag=eloabder-20&linkCode=osi&th=1&psc=1">View Product</a></div><div class="product"><a href="https://www.amazon.com/dp/B0042CXFDG?tag=eloabder-20&linkCode=osi&th=1&psc=1"><img src="https://m.media-amazon.com/images/I/41iCFN2jDqL._SL500_.jpg" alt="Product Image"></a><p>Premier Research Labs OsteoVen TM, 60 Capsules - Nutraceutical Bone and Joint Formula for Comprehensive Support for Healthy Bones and Joints</p><p>$32.91 ($0.55 / Count)</p><a href="https://www.amazon.com/dp/B0042CXFDG?tag=eloabder-20&linkCode=osi&th=1&psc=1">View Product</a></div><div class="product"><a href="https://www.amazon.com/dp/B0B1N5Z372?tag=eloabder-20&linkCode=osi&th=1&psc=1"><img src="https://m.media-amazon.com/images/I/41yz7a0Qn5L._SL500_.jpg" alt="Product Image"></a><p>ALGAECAL Plus - Organic Red Algae Calcium Supplement, Vitamin K2 MK7 (100mg), Vitamin D3 (1600 IU), Magnesium (350mg) & Trace Minerals, for Bone Health & Strength, Easy to Swallow, 120 Veggie Caps</p><p>$74.00 ($0.62 / Count)</p><a href="https://www.amazon.com/dp/B0B1N5Z372?tag=eloabder-20&linkCode=osi&th=1&psc=1">View Product</a></div>
<div class="product"><a href="https://www.amazon.com/dp/B07PN7FB1R?tag=eloabder-20&linkCode=osi&th=1&psc=1"><img src="https://m.media-amazon.com/images/I/515GHvAy+FL._SL500_.jpg" alt="Product Image"></a><p>Physician's CHOICE Probiotics for Weight Management & Bloating - 6 Probiotic Strains - Prebiotics - Key ingredient Cayenne & Green Tea - Supports Gut Health - Weight Management for Women & Men - 30 CT</p><p>$29.97 ($1.00 / Count)</p><a href="https://www.amazon.com/dp/B07PN7FB1R?tag=eloabder-20&linkCode=osi&th=1&psc=1">View Product</a></div><div class="product"><a href="https://www.amazon.com/dp/B01ANSJV80?tag=eloabder-20&linkCode=osi&th=1&psc=1"><img src="https://m.media-amazon.com/images/I/4124WZb3jhL._SL500_.jpg" alt="Product Image"></a><p>Estroven Weight Management for Menopause Relief - 30 Ct. - Clinically Proven Ingredients Help Manage Weight, Provide Night Sweats & Hot Flash Relief - Drug-Free & Gluten-Free Caplets</p><p>$18.68 ($0.62 / Count)</p><a href="https://www.amazon.com/dp/B01ANSJV80?tag=eloabder-20&linkCode=osi&th=1&psc=1">View Product</a></div><div class="product"><a href="https://www.amazon.com/dp/B08HJBTZMH?tag=eloabder-20&linkCode=osi&th=1&psc=1"><img src="https://m.media-amazon.com/images/I/51HQpbfo4QL._SL500_.jpg" alt="Product Image"></a><p>Culturelle Probiotic Capsules for Healthy Metabolism & Weight Management (Ages 18+) - 30 Count - Helps Manage Weight & Promote Metabolism of Fats, Carbs & Proteins - Caffeine-Free</p><p>$26.99 ($0.90 / Count)</p><a href="https://www.amazon.com/dp/B08HJBTZMH?tag=eloabder-20&linkCode=osi&th=1&psc=1">View Product</a></div><div class="product"><a href="https://www.amazon.com/dp/B003MB26LK?tag=eloabder-20&linkCode=osi&th=1&psc=1"><img src="https://m.media-amazon.com/images/I/41DjVuzo7DL._SL500_.jpg" alt="Product Image"></a><p>Purina Pro Plan Large Breed Weight Management Dog Food, Chicken & Rice Formula - 34 lb. Bag</p><p>$71.98 ($2.12 / Pound)</p><a href="https://www.amazon.com/dp/B003MB26LK?tag=eloabder-20&linkCode=osi&th=1&psc=1">View Product</a></div><div class="product"><a href="https://www.amazon.com/dp/B072F8HRM1?tag=eloabder-20&linkCode=osi&th=1&psc=1"><img src="https://m.media-amazon.com/images/I/51KS6y-EH7L._SL500_.jpg" alt="Product Image"></a><p>AZO Bladder Control with Go-Less® & Weight Management Dietary Supplement | Helps Reduce Occasional Urgency* | Promotes Healthy Metabolism* | Supports a Good Night’s Sleep* | 48 Capsules</p><p>$19.74 ($0.41 / Count)</p><a href="https://www.amazon.com/dp/B072F8HRM1?tag=eloabder-20&linkCode=osi&th=1&psc=1">View Product</a></div><div class="product"><a href="https://www.amazon.com/dp/B0CKFHQPZV?tag=eloabder-20&linkCode=osi&th=1&psc=1"><img src="https://m.media-amazon.com/images/I/519Qr2jD-tL._SL500_.jpg" alt="Product Image"></a><p>21-in-1 Berberine Supplement with Ceylon Cinnamon - Berberine 1500 mg with Chromium, Bitter Melon and Green Tea Extract - Berberine 5X for Weight Management & Metabolism Support with 5279 mg (120 ct)</p><p>$21.95 ($0.18 / Count)</p><a href="https://www.amazon.com/dp/B0CKFHQPZV?tag=eloabder-20&linkCode=osi&th=1&psc=1">View Product</a></div><div class="product"><a href="https://www.amazon.com/dp/B00027D80A?tag=eloabder-20&linkCode=osi&th=1&psc=1"><img src="https://m.media-amazon.com/images/I/41hpUYe6+cL._SL500_.jpg" alt="Product Image"></a><p>Natrol Carb Intercept with Phase 2 Carb Controller Capsules, White kidney bean extract, Helps control carbs, Helps metabolize fats, Clinically tested, Promotes healthy body weight, 1,000mg, 120 Count</p><p>$21.94 ($0.18 / Count)</p><a href="https://www.amazon.com/dp/B00027D80A?tag=eloabder-20&linkCode=osi&th=1&psc=1">View Product</a></div><div class="product"><a href="https://www.amazon.com/dp/B0CYCPG3DM?tag=eloabder-20&linkCode=osi&th=1&psc=1"><img src="https://m.media-amazon.com/images/I/41vkuI2sW7L._SL500_.jpg" alt="Product Image"></a><p>Estroven SlimBiotics, Weight Management Menopause Supplements for Women, 30 Capsules, B Vitamins to Support Metabolic Health, Probiotics for Digestive Health to Provide Gas & Bloating Relief</p><p>$26.58 ($0.89 / Count)</p><a href="https://www.amazon.com/dp/B0CYCPG3DM?tag=eloabder-20&linkCode=osi&th=1&psc=1">View Product</a></div><div class="product"><a href="https://www.amazon.com/dp/B0CBB1H324?tag=eloabder-20&linkCode=osi&th=1&psc=1"><img src="https://m.media-amazon.com/images/I/41RGDg2i1YL._SL500_.jpg" alt="Product Image"></a><p>Berberine Supplement 1200mg - 5X Higher Absorption - Ultra Pure 98% Berberine HCL - Healthy Weight Management, Immune Support - Non GMO, Manufactured in USA - 60 Vegan Capsules</p><p>$29.99 ($0.50 / Count)</p><a href="https://www.amazon.com/dp/B0CBB1H324?tag=eloabder-20&linkCode=osi&th=1&psc=1">View Product</a></div>
<div class="product"><a href="https://www.amazon.com/dp/B00ISAPPLI?tag=eloabder-20&linkCode=osi&th=1&psc=1"><img src="https://m.media-amazon.com/images/I/417-h8k4YML._SL500_.jpg" alt="Product Image"></a><p>Dr. Tobias Colon 14 Day Cleanse, Advanced Gut Cleanse Detox for Women & Men with Cascara Sagrada, Psyllium Husk & Senna Leaf, Non-GMO Colon Cleanse, 28 Capsules 1-2 Daily</p><p>$19.99 ($0.71 / Count)</p><a href="https://www.amazon.com/dp/B00ISAPPLI?tag=eloabder-20&linkCode=osi&th=1&psc=1">View Product</a></div><div class="product"><a href="https://www.amazon.com/dp/B07J9KNS9G?tag=eloabder-20&linkCode=osi&th=1&psc=1"><img src="https://m.media-amazon.com/images/I/31tx0nQjZ9L._SL500_.jpg" alt="Product Image"></a><p>JSHealth Vitamins Detox and Debloat Liver Health Formula | Liver Detox Pills | Debloating Formula with Milk Thistle, Turmeric, Fennel | Liver Cleanse Supplement (60 Tablets)</p><p>$37.99 ($0.63 / Count)</p><a href="https://www.amazon.com/dp/B07J9KNS9G?tag=eloabder-20&linkCode=osi&th=1&psc=1">View Product</a></div><div class="product"><a href="https://www.amazon.com/dp/B095H6GR19?tag=eloabder-20&linkCode=osi&th=1&psc=1"><img src="https://m.media-amazon.com/images/I/41cAOGEXneL._SL500_.jpg" alt="Product Image"></a><p>Colon Cleanser Detox for Weight Flush - 15 Day Intestinal Cleanse Pills & Probiotic - Fast Natural Laxative for Constipation Relief - Bowel Movement Supplements for Stomach Bloating, Gut Loss Support</p><p>$9.95 ($0.33 / Count)</p><a href="https://www.amazon.com/dp/B095H6GR19?tag=eloabder-20&linkCode=osi&th=1&psc=1">View Product</a></div><div class="product"><a href="https://www.amazon.com/dp/B0C9N21MB9?tag=eloabder-20&linkCode=osi&th=1&psc=1"><img src="https://m.media-amazon.com/images/I/41VtUHf8FIL._SL500_.jpg" alt="Product Image"></a><p>Bronson Liver Detox Advanced Detox & Cleansing Formula Supports Health Liver Function with Milk Thistle, Dandelion Root, Turmeric, Artichoke Leaf & More, Non-GMO, 60 Vegetarian Capsules</p><p>$9.99 ($0.17 / Count)</p><a href="https://www.amazon.com/dp/B0C9N21MB9?tag=eloabder-20&linkCode=osi&th=1&psc=1">View Product</a></div><div class="product"><a href="https://www.amazon.com/dp/B0CZDXGW2H?tag=eloabder-20&linkCode=osi&th=1&psc=1"><img src="https://m.media-amazon.com/images/I/519ruoENRPL._SL500_.jpg" alt="Product Image"></a><p>90,000 MG Detox and Liver Cleanser, Full Body Detox Cleanse, Fast Detox, Natural Toxins Remove, Natural Herbal Premium Formula for Liver, Urinary Tract, Digestion & Mood, Made in USA, 60 Caps</p><p>$27.99 ($0.47 / Count)</p><a href="https://www.amazon.com/dp/B0CZDXGW2H?tag=eloabder-20&linkCode=osi&th=1&psc=1">View Product</a></div><div class="product"><a href="https://www.amazon.com/dp/B0CLH9BQ22?tag=eloabder-20&linkCode=osi&th=1&psc=1"><img src="https://m.media-amazon.com/images/I/31rR+aA0rBL._SL500_.jpg" alt="Product Image"></a><p>Bella All Natural Extreme Detox Powder - Mango</p><p>$35.00 ($2.48 / Ounce)</p><a href="https://www.amazon.com/dp/B0CLH9BQ22?tag=eloabder-20&linkCode=osi&th=1&psc=1">View Product</a></div><div class="product"><a href="https://www.amazon.com/dp/B01AVJGHW4?tag=eloabder-20&linkCode=osi&th=1&psc=1"><img src="https://m.media-amazon.com/images/I/51xGQHea+JL._SL500_.jpg" alt="Product Image"></a><p>Century Systems The Cleaner Detox, Powerful 7-Day Complete Internal Cleansing Formula for Men, Support Digestive Health, 52 Vegetarian Capsules</p><p>$15.55 ($0.30 / Count)</p><a href="https://www.amazon.com/dp/B01AVJGHW4?tag=eloabder-20&linkCode=osi&th=1&psc=1">View Product</a></div><div class="product"><a href="https://www.amazon.com/dp/B07D4372Y8?tag=eloabder-20&linkCode=osi&th=1&psc=1"><img src="https://m.media-amazon.com/images/I/41BJ0OX9gML._SL500_.jpg" alt="Product Image"></a><p>Herbal Nitro My Gentle Detox - Fast, Gentle Constipation Relief in 1 Day - All-Natural Colon Cleanse Detox Pills for Women & Men - Helps Reduce Bloating, Gas, Irregularity - 30 Capsules</p><p>$27.97 ($0.93 / Count)</p><a href="https://www.amazon.com/dp/B07D4372Y8?tag=eloabder-20&linkCode=osi&th=1&psc=1">View Product</a></div><div class="product"><a href="https://www.amazon.com/dp/B016BAO0LW?tag=eloabder-20&linkCode=osi&th=1&psc=1"><img src="https://m.media-amazon.com/images/I/41CEuhtv5jL._SL500_.jpg" alt="Product Image"></a><p>Purely Inspired 7-Day Detox Cleanse - Whole Body Cleanse & Detox Pills for Women & Men, Powered with Senna Leaf, Vitamin C, Apple Cider Vinegar, Digestive Enzymes & Probiotics - 42 Acai Berry Capsules</p><p>$11.23 ($0.27 / Count)</p><a href="https://www.amazon.com/dp/B016BAO0LW?tag=eloabder-20&linkCode=osi&th=1&psc=1">View Product</a></div><div class="product"><a href="https://www.amazon.com/dp/B0CRMVWKL4?tag=eloabder-20&linkCode=osi&th=1&psc=1"><img src="https://m.media-amazon.com/images/I/41wTqdC2eiL._SL500_.jpg" alt="Product Image"></a><p>28-in-1 Liver Cleanse with Milk Thistle, Artichoke & Apple Cider Vinegar - Liver Cleanse Detox & Repair Heath Formula Liver Support Supplement 60 Vegan Capsules</p><p>$24.99 ($0.42 / Count)</p><a href="https://www.amazon.com/dp/B0CRMVWKL4?tag=eloabder-20&linkCode=osi&th=1&psc=1">View Product</a></div>
<div class="product"><a href="https://www.amazon.com/dp/B08DP57QF5?tag=eloabder-20&linkCode=osi&th=1&psc=1"><img src="https://m.media-amazon.com/images/I/41fG9e3QHeL._SL500_.jpg" alt="Product Image"></a><p>Inno Cleanse - Waist Trimming Complex | Digestive System Support & Aid | Reduced Bloating | Improves Energy Levels | Gluten Free, Vegan Friendly</p><p>$43.99 ($0.73 / Count)</p><a href="https://www.amazon.com/dp/B08DP57QF5?tag=eloabder-20&linkCode=osi&th=1&psc=1">View Product</a></div><div class="product"><a href="https://www.amazon.com/dp/B0015R3L5S?tag=eloabder-20&linkCode=osi&th=1&psc=1"><img src="https://m.media-amazon.com/images/I/51LB3xPDZ+L._SL500_.jpg" alt="Product Image"></a><p>Renew Life Detox Cleanse More, Reduces Bloating and Restores Regularity, Overnight Constipation Relief, Soy, Dairy and gluten-free, 100 Capsules</p><p>$24.99 ($0.25 / Count)</p><a href="https://www.amazon.com/dp/B0015R3L5S?tag=eloabder-20&linkCode=osi&th=1&psc=1">View Product</a></div><div class="product"><a href="https://www.amazon.com/dp/B00CGFKD4K?tag=eloabder-20&linkCode=osi&th=1&psc=1"><img src="https://m.media-amazon.com/images/I/31mtuMnrYaL._SL500_.jpg" alt="Product Image"></a><p>Health Plus Super Colon Cleanse 10 Day Gentle Gut Cleanse Detox, Psyllium Husk, Probiotics for Constipation Relief & Digestive Support, 60 Capsules</p><p>$12.99 ($0.22 / Count)</p><a href="https://www.amazon.com/dp/B00CGFKD4K?tag=eloabder-20&linkCode=osi&th=1&psc=1">View Product</a></div><div class="product"><a href="https://www.amazon.com/dp/B000W6N3B0?tag=eloabder-20&linkCode=osi&th=1&psc=1"><img src="https://m.media-amazon.com/images/I/513eRgpwDzL._SL500_.jpg" alt="Product Image"></a><p>Nature's Secret Ultimate Cleanse 2-Part Total Body Detoxification & Elimination Supports Digestion, Wellness, Colon Health & Regularity - Multi-Herb Digestion & Multi-Fiber Cleanse - 240 Tablets</p><p>$26.24 ($0.11 / Count)</p><a href="https://www.amazon.com/dp/B000W6N3B0?tag=eloabder-20&linkCode=osi&th=1&psc=1">View Product</a></div><div class="product"><a href="https://www.amazon.com/dp/B076QGVCTJ?tag=eloabder-20&linkCode=osi&th=1&psc=1"><img src="https://m.media-amazon.com/images/I/51mTNryXDDL._SL500_.jpg" alt="Product Image"></a><p>CLEANSE on the go - 3 Day Juice Cleanse - Just Add Water - 21 Powder Packets</p><p>$64.95 ($64.95 / Count)</p><a href="https://www.amazon.com/dp/B076QGVCTJ?tag=eloabder-20&linkCode=osi&th=1&psc=1">View Product</a></div>

<div class="product"><a href="https://www.amazon.com/dp/B08LQZCR3L?tag=eloabder-20&linkCode=osi&th=1&psc=1"><img src="https://m.media-amazon.com/images/I/41HE+7tML2L._SL500_.jpg" alt="Product Image"></a><p>OLLY Ultra Strength Goodbye Stress Softgels, GABA, Ashwagandha, L-Theanine and Lemon Balm, Stress Relief Supplement - 60 Count</p><p>$19.99 ($0.33 / Count)</p><a href="https://www.amazon.com/dp/B08LQZCR3L?tag=eloabder-20&linkCode=osi&th=1&psc=1">View Product</a></div><div class="product"><a href="https://www.amazon.com/dp/B07PWMXMZ6?tag=eloabder-20&linkCode=osi&th=1&psc=1"><img src="https://m.media-amazon.com/images/I/41VD6DY7HqL._SL500_.jpg" alt="Product Image"></a><p>Nature's Bounty Anxiety & Stress Relief Ashwagandha Ksm-66 Tablets, 50 Count</p><p>$10.98 ($0.22 / Count)</p><a href="https://www.amazon.com/dp/B07PWMXMZ6?tag=eloabder-20&linkCode=osi&th=1&psc=1">View Product</a></div><div class="product"><a href="https://www.amazon.com/dp/B08VYWSVVF?tag=eloabder-20&linkCode=osi&th=1&psc=1"><img src="https://m.media-amazon.com/images/I/41Ho+8wPa0L._SL500_.jpg" alt="Product Image"></a><p>Boiron StressCalm for Relief of Stress, Anxiousness, Nervousness, Irritability, and Fatigue - 60 Count</p><p>$9.99 ($0.17 / Count)</p><a href="https://www.amazon.com/dp/B08VYWSVVF?tag=eloabder-20&linkCode=osi&th=1&psc=1">View Product</a></div><div class="product"><a href="https://www.amazon.com/dp/B09SR84773?tag=eloabder-20&linkCode=osi&th=1&psc=1"><img src="https://m.media-amazon.com/images/I/41ZCNv-yCrL._SL500_.jpg" alt="Product Image"></a><p>Nature Made Wellblends Stress Relief Gummies, L theanine 200mg to Help Reduce Stress, with GABA 100mg, Same Day Stress Support, 40 Strawberry Flavor Gummies</p><p>$18.09 ($0.45 / Count)</p><a href="https://www.amazon.com/dp/B09SR84773?tag=eloabder-20&linkCode=osi&th=1&psc=1">View Product</a></div><div class="product"><a href="https://www.amazon.com/dp/B08JTDM8JX?tag=eloabder-20&linkCode=osi&th=1&psc=1"><img src="https://m.media-amazon.com/images/I/51UKAPsnDSL._SL500_.jpg" alt="Product Image"></a><p>Zenium - Relieve Stress, Tension, Worry, Nervousness, & Irritability | Calm The Mind & Body | Ayurvedic | Natural Relief Supplement | Boosts Mood | Ashwagandha, L-Theanine, GABA, Rhodiola |60 Capsules</p><p>$28.60 ($0.32 / Count)</p><a href="https://www.amazon.com/dp/B08JTDM8JX?tag=eloabder-20&linkCode=osi&th=1&psc=1">View Product</a></div><div class="product"><a href="https://www.amazon.com/dp/B01M1HYRNJ?tag=eloabder-20&linkCode=osi&th=1&psc=1"><img src="https://m.media-amazon.com/images/I/41cyJuNhkJL._SL500_.jpg" alt="Product Image"></a><p>OLLY Goodbye Stress Gummy, GABA, L-Theanine, Lemon Balm, Stress Relief Supplement, Berry - 42 Count</p><p>$11.99 ($0.29 / Count)</p><a href="https://www.amazon.com/dp/B01M1HYRNJ?tag=eloabder-20&linkCode=osi&th=1&psc=1">View Product</a></div><div class="product"><a href="https://www.amazon.com/dp/B0D3584KTT?tag=eloabder-20&linkCode=osi&th=1&psc=1"><img src="https://m.media-amazon.com/images/I/314M3cMtYEL._SL500_.jpg" alt="Product Image"></a><p>Habit Stress Relief Supplement (60 Capsules) - New Look, Supports Relaxation & Mood Balance, Vitamin B, Adaptogens, Lemon Balm, Calming, Vegan, Non-GMO (1 Pack)</p><p>$7.99 ($0.13 / Count)</p><a href="https://www.amazon.com/dp/B0D3584KTT?tag=eloabder-20&linkCode=osi&th=1&psc=1">View Product</a></div><div class="product"><a href="https://www.amazon.com/dp/B0B7YVVCJD?tag=eloabder-20&linkCode=osi&th=1&psc=1"><img src="https://m.media-amazon.com/images/I/41FfvHvKl7L._SL500_.jpg" alt="Product Image"></a><p>Primal Harvest Stress Relief Supplement for Women and Men Pure Ashwagandha Root Extract, L-Theanine Supplements, 30 Capsules</p><p>$39.95 ($1.33 / Count)</p><a href="https://www.amazon.com/dp/B0B7YVVCJD?tag=eloabder-20&linkCode=osi&th=1&psc=1">View Product</a></div><div class="product"><a href="https://www.amazon.com/dp/B08F2TY6SQ?tag=eloabder-20&linkCode=osi&th=1&psc=1"><img src="https://m.media-amazon.com/images/I/41zMS+Vdv7L._SL500_.jpg" alt="Product Image"></a><p>Stress Relief Gummies for Adults | with Gaba, L Theanine and Lemon Balm | Lemon Strawberry Gummies | Non-GMO, Gluten Free Supplement | by Nature's Truth</p><p>$9.99 ($0.21 / Count)</p><a href="https://www.amazon.com/dp/B08F2TY6SQ?tag=eloabder-20&linkCode=osi&th=1&psc=1">View Product</a></div>
<div class="product"><a href="https://www.amazon.com/dp/B07PBZRDJN?tag=eloabder-20&linkCode=osi&th=1&psc=1"><img src="https://m.media-amazon.com/images/I/51mpObXjYwL._SL500_.jpg" alt="Product Image"></a><p>NEURIVA Plus Brain Supplement for Memory and Focus Clinically Tested Nootropics for Concentration for Mental Clarity, Cognitive Enhancement Vitamins B6, B12, Phosphatidylserine 30 Capsules</p><p>$29.78 ($0.99 / Count)</p><a href="https://www.amazon.com/dp/B07PBZRDJN?tag=eloabder-20&linkCode=osi&th=1&psc=1">View Product</a></div><div class="product"><a href="https://www.amazon.com/dp/B01JIKQDPS?tag=eloabder-20&linkCode=osi&th=1&psc=1"><img src="https://m.media-amazon.com/images/I/41Ezne379HL._SL500_.jpg" alt="Product Image"></a><p>Nootropics Brain Support Supplement - Mental Focus Nootropic Memory Supplement for Brain Health & and Performance Blend, with Energy and Vitamins DMAE Bacopa and Phosphatidylserine Capsule</p><p>$19.55 ($0.33 / Count)</p><a href="https://www.amazon.com/dp/B01JIKQDPS?tag=eloabder-20&linkCode=osi&th=1&psc=1">View Product</a></div><div class="product"><a href="https://www.amazon.com/dp/B07Q5DZJTK?tag=eloabder-20&linkCode=osi&th=1&psc=1"><img src="https://m.media-amazon.com/images/I/414Ts8+w+YL._SL500_.jpg" alt="Product Image"></a><p>DR. EMIL NUTRITION 2100mg Organic Lions Mane Supplement Capsules - Focus, Mental Clarity & Cognition - Nootropic Lion's Mane Mushroom Supplement with Organic Lions Mane</p><p>$22.85 ($0.25 / Count)</p><a href="https://www.amazon.com/dp/B07Q5DZJTK?tag=eloabder-20&linkCode=osi&th=1&psc=1">View Product</a></div><div class="product"><a href="https://www.amazon.com/dp/B07WT6RLX9?tag=eloabder-20&linkCode=osi&th=1&psc=1"><img src="https://m.media-amazon.com/images/I/51o6VcG9A4L._SL500_.jpg" alt="Product Image"></a><p>ONNIT Alpha Brain Premium Nootropic Brain Supplement, 30 Count, for Men & Women - Caffeine-Free Focus Capsules for Concentration, Brain Booster & Memory Support</p><p>$29.71 ($0.99 / Count)</p><a href="https://www.amazon.com/dp/B07WT6RLX9?tag=eloabder-20&linkCode=osi&th=1&psc=1">View Product</a></div><div class="product"><a href="https://www.amazon.com/dp/B06XP35CN9?tag=eloabder-20&linkCode=osi&th=1&psc=1"><img src="https://m.media-amazon.com/images/I/41mC1EgSjWL._SL500_.jpg" alt="Product Image"></a><p>Advanced Nootropics Brain Support Supplement - Synergetic Mental Energy and Focus Supplement with Brain Vitamins for Cognitive Enhancement - Mind and Memory Supplement for Brain Health (30 Servings)</p><p>$13.78 ($0.23 / Count)</p><a href="https://www.amazon.com/dp/B06XP35CN9?tag=eloabder-20&linkCode=osi&th=1&psc=1">View Product</a></div><div class="product"><a href="https://www.amazon.com/dp/B0C8ZHNVHK?tag=eloabder-20&linkCode=osi&th=1&psc=1"><img src="https://m.media-amazon.com/images/I/51LyeYCadbL._SL500_.jpg" alt="Product Image"></a><p>Switch, Brain Boosting Nootropic Energy Supplement, Increase Mental Focus & Cognitive Function, Enhances Mood & Memory, Alpha GPC, Ashwagandha, Sugar Free Energy Powder-Keto</p><p>$49.99 ($8.91 / Ounce)</p><a href="https://www.amazon.com/dp/B0C8ZHNVHK?tag=eloabder-20&linkCode=osi&th=1&psc=1">View Product</a></div><div class="product"><a href="https://www.amazon.com/dp/B0BXTN1V7F?tag=eloabder-20&linkCode=osi&th=1&psc=1"><img src="https://m.media-amazon.com/images/I/513JW5FoUhL._SL500_.jpg" alt="Product Image"></a><p>NEURIVA Ultra Decaffeinated Clinically Tested Nootropic Brain Supplement for Mental Alertness, Memory, Focus & Concentration, Cognivive, Neurofactor, Phosphatidylserine, Vitamins B6 B12, 60 Capsules</p><p>$69.99 ($1.17 / Count)</p><a href="https://www.amazon.com/dp/B0BXTN1V7F?tag=eloabder-20&linkCode=osi&th=1&psc=1">View Product</a></div><div class="product"><a href="https://www.amazon.com/dp/B07RP44QPT?tag=eloabder-20&linkCode=osi&th=1&psc=1"><img src="https://m.media-amazon.com/images/I/414Ge8If89L._SL500_.jpg" alt="Product Image"></a><p>Vital Vitamins Brain Supplements for Memory and Focus - Nootropic Brain Support - Memory, Clarity, Focus, Energy - Vitamin B12, Gingko Biloba, DMAE</p><p>$21.01 ($0.70 / Count)</p><a href="https://www.amazon.com/dp/B07RP44QPT?tag=eloabder-20&linkCode=osi&th=1&psc=1">View Product</a></div><div class="product"><a href="https://www.amazon.com/dp/B00GQVA728?tag=eloabder-20&linkCode=osi&th=1&psc=1"><img src="https://m.media-amazon.com/images/I/41XREocXS9L._SL500_.jpg" alt="Product Image"></a><p>NOW Essential Oils, Mental Focus Oil Blend, Centering Aromatherapy Scent, Blend of Pure Essential Oils, Vegan, Child Resistant Cap, 1-Ounce</p><p>$9.99</p><a href="https://www.amazon.com/dp/B00GQVA728?tag=eloabder-20&linkCode=osi&th=1&psc=1">View Product</a></div>
<div class="product"><a href="https://www.amazon.com/dp/B0CLJ62HJN?tag=eloabder-20&linkCode=osi&th=1&psc=1"><img src="https://m.media-amazon.com/images/I/51fzZ1f4aKL._SL500_.jpg" alt="Product Image"></a><p>Probiotics for Men, 500 Billion CFU 12 Strains Mens Probiotic with Turmeric Cranberry & Goji, Gut Health for Men, Probiotics for Men Digestive Health, Bloating, Immune & Overall Health, 30-Day Supply</p><p>$24.90 ($0.42 / Count)</p><a href="https://www.amazon.com/dp/B0CLJ62HJN?tag=eloabder-20&linkCode=osi&th=1&psc=1">View Product</a></div><div class="product"><a href="https://www.amazon.com/dp/B01KE592JU?tag=eloabder-20&linkCode=osi&th=1&psc=1"><img src="https://m.media-amazon.com/images/I/41H9Ng4ybQL._SL500_.jpg" alt="Product Image"></a><p>Multivitamin for Men - Daily Mens Multivitamins & Multiminerals Supplement for Energy, Focus and Performance. Mens Vitamins A, C, D, E & B12, Zinc, Calcium, Magnesium & More. Multi Vitamin Capsules</p><p>$22.97 ($0.38 / Count)</p><a href="https://www.amazon.com/dp/B01KE592JU?tag=eloabder-20&linkCode=osi&th=1&psc=1">View Product</a></div><div class="product"><a href="https://www.amazon.com/dp/B084HGKTSD?tag=eloabder-20&linkCode=osi&th=1&psc=1"><img src="https://m.media-amazon.com/images/I/51TL3dHZ-fL._SL500_.jpg" alt="Product Image"></a><p>NATURE TARGET Probiotics for Men with Men Care Supplement, Prebiotics & Probiotic for Men's Digestive and Immune Health,60 Billion CFUs & 14 Strains Shelf Stable, Gluten & Soy Free (90 Tablets)</p><p>$16.99 ($0.19 / Count)</p><a href="https://www.amazon.com/dp/B084HGKTSD?tag=eloabder-20&linkCode=osi&th=1&psc=1">View Product</a></div><div class="product"><a href="https://www.amazon.com/dp/B09N44X5GZ?tag=eloabder-20&linkCode=osi&th=1&psc=1"><img src="https://m.media-amazon.com/images/I/41AH6xcqptL._SL500_.jpg" alt="Product Image"></a><p>Saw Palmetto Supplement - Potent 3X Formula with Stinging Nettle + Pumpkin Seed Extract - DHT Blocker Urinary Health & Prostate Support Supplement for Mens Health - Saw Palmetto for Men 2 Month Supply</p><p>$27.49 ($0.23 / Count)</p><a href="https://www.amazon.com/dp/B09N44X5GZ?tag=eloabder-20&linkCode=osi&th=1&psc=1">View Product</a></div><div class="product"><a href="https://www.amazon.com/dp/B01MQ1JLWY?tag=eloabder-20&linkCode=osi&th=1&psc=1"><img src="https://m.media-amazon.com/images/I/41O5MqjxlDL._SL500_.jpg" alt="Product Image"></a><p>Prime Labs - Men's Testosterone Booster - Stamina, Endurance, & Strength Booster - 60 Caplets</p><p>$21.49 ($0.36 / Count)</p><a href="https://www.amazon.com/dp/B01MQ1JLWY?tag=eloabder-20&linkCode=osi&th=1&psc=1">View Product</a></div><div class="product"><a href="https://www.amazon.com/dp/B09X2CG92L?tag=eloabder-20&linkCode=osi&th=1&psc=1"><img src="https://m.media-amazon.com/images/I/41ebxpgEyDL._SL500_.jpg" alt="Product Image"></a><p>21,800mg Testosterone Booster for Men 8X Strength w. Ashwagandha, Tongkat Ali, Pycnogenol, Tribulus - Total T Male Enhancing Test Libido Booster + Muscle Builder Growth Testosterone Supplement for Men</p><p>$29.95 ($0.33 / Count)</p><a href="https://www.amazon.com/dp/B09X2CG92L?tag=eloabder-20&linkCode=osi&th=1&psc=1">View Product</a></div><div class="product"><a href="https://www.amazon.com/dp/B0B44VP9QV?tag=eloabder-20&linkCode=osi&th=1&psc=1"><img src="https://m.media-amazon.com/images/I/31Ep1XHYAUL._SL500_.jpg" alt="Product Image"></a><p>Health by Habit Mens Multi Supplement (60 Capsules) - 23 Essential Vitamins and Minerals, Supports General Health & Wellness, Non-GMO, Sugar Free (1 Pack)</p><p>$10.06 ($0.17 / Count)</p><a href="https://www.amazon.com/dp/B0B44VP9QV?tag=eloabder-20&linkCode=osi&th=1&psc=1">View Product</a></div><div class="product"><a href="https://www.amazon.com/dp/B09W1R4JJ9?tag=eloabder-20&linkCode=osi&th=1&psc=1"><img src="https://m.media-amazon.com/images/I/51FMBwtAQZL._SL500_.jpg" alt="Product Image"></a><p>Force Factor Test X180 Gummies Testosterone Booster for Men with Tongkat Ali, Horny Goat Weed, Tribulus Terrestris, Fenugreek, & Black Maca, Supplement Men, Berry Punch, 60 Gummies, 1-Pack</p><p>$18.80 ($0.31 / Count)</p><a href="https://www.amazon.com/dp/B09W1R4JJ9?tag=eloabder-20&linkCode=osi&th=1&psc=1">View Product</a></div><div class="product"><a href="https://www.amazon.com/dp/B00Y8MP5VA?tag=eloabder-20&linkCode=osi&th=1&psc=1"><img src="https://m.media-amazon.com/images/I/41EWrdWCUSL._SL500_.jpg" alt="Product Image"></a><p>Garden of Life Probiotics for Men Dr Formulated 50 Billion CFU 15 Probiotics + Organic Prebiotic Fiber for Digestive, Colon & Immune Support, Daily Gas Relief, Dairy Free, Shelf Stable, 30 Capsules</p><p>$31.71 ($1.06 / Count)</p><a href="https://www.amazon.com/dp/B00Y8MP5VA?tag=eloabder-20&linkCode=osi&th=1&psc=1">View Product</a></div>
<div class="product"><a href="https://www.amazon.com/dp/B07B8BSGPL?tag=eloabder-20&linkCode=osi&th=1&psc=1"><img src="https://m.media-amazon.com/images/I/51fhicydrEL._SL500_.jpg" alt="Product Image"></a><p>Physician's Choice Probiotics for Women - PH Balance, Digestive, UT, & Feminine Health - 50 Billion CFU - 6 Unique Strains for Women - Organic Prebiotics, Cranberry Extract+ - Women Probiotic - 30 CT</p><p>$23.98 ($0.80 / Count)</p><a href="https://www.amazon.com/dp/B07B8BSGPL?tag=eloabder-20&linkCode=osi&th=1&psc=1">View Product</a></div><div class="product"><a href="https://www.amazon.com/dp/B0BL2GM261?tag=eloabder-20&linkCode=osi&th=1&psc=1"><img src="https://m.media-amazon.com/images/I/31nzULQJHwL._SL500_.jpg" alt="Product Image"></a><p>Health by Habit Womens Multi Supplement (60 Capsules) - 23 Essential Vitamins and Minerals, Supports General Health & Wellness, Non-GMO, Sugar Free (1 Pack)</p><p>$10.70 ($0.18 / Count)</p><a href="https://www.amazon.com/dp/B0BL2GM261?tag=eloabder-20&linkCode=osi&th=1&psc=1">View Product</a></div><div class="product"><a href="https://www.amazon.com/dp/B07YWJZJNY?tag=eloabder-20&linkCode=osi&th=1&psc=1"><img src="https://m.media-amazon.com/images/I/51lB0uUNGDL._SL500_.jpg" alt="Product Image"></a><p>Doctor's Recipes Women’s Probiotic, 60 Caps 50 Billion CFU 16 Strains, with Organic Cranberry, Digestive Immune Vaginal & Urinary Health, Shelf Stable, Delayed Release, No Soy Gluten Dairy</p><p>$17.49 ($0.29 / Count)</p><a href="https://www.amazon.com/dp/B07YWJZJNY?tag=eloabder-20&linkCode=osi&th=1&psc=1">View Product</a></div><div class="product"><a href="https://www.amazon.com/dp/B004ZNDFIW?tag=eloabder-20&linkCode=osi&th=1&psc=1"><img src="https://m.media-amazon.com/images/I/51+VsWEmpSL._SL500_.jpg" alt="Product Image"></a><p>Renew Life Women's Probiotic Capsules, Supports pH Balance for Women, Vaginal, Urinary, Digestive and Immune Health, L. Rhamnosus GG, Dairy, Soy and Gluten-Free, 25 Billion CFU - 30 Ct</p><p>$16.78 ($0.56 / Count)</p><a href="https://www.amazon.com/dp/B004ZNDFIW?tag=eloabder-20&linkCode=osi&th=1&psc=1">View Product</a></div><div class="product"><a href="https://www.amazon.com/dp/B006I7AT78?tag=eloabder-20&linkCode=osi&th=1&psc=1"><img src="https://m.media-amazon.com/images/I/41v96+mT7-L._SL500_.jpg" alt="Product Image"></a><p>Nature's Way Women's Probiotic Pearls, Supports Vaginal and Digestive Health*, 1 Billion Live Cultures, No Refrigeration Required, 30 Softgels (Packaging May Vary)</p><p>$11.81 ($0.39 / Count)</p><a href="https://www.amazon.com/dp/B006I7AT78?tag=eloabder-20&linkCode=osi&th=1&psc=1">View Product</a></div><div class="product"><a href="https://www.amazon.com/dp/B092CS29NR?tag=eloabder-20&linkCode=osi&th=1&psc=1"><img src="https://m.media-amazon.com/images/I/41mHol7tOzL._SL500_.jpg" alt="Product Image"></a><p>OLLY Happy Hoo-Ha Capsules, Probiotic for Women, Vaginal Health and pH Balance, 10 Billion CFU, Gluten Free - 25 Count</p><p>$16.37 ($0.65 / Count)</p><a href="https://www.amazon.com/dp/B092CS29NR?tag=eloabder-20&linkCode=osi&th=1&psc=1">View Product</a></div><div class="product"><a href="https://www.amazon.com/dp/B09YM5LMX7?tag=eloabder-20&linkCode=osi&th=1&psc=1"><img src="https://m.media-amazon.com/images/I/51h9mac9ZFL._SL500_.jpg" alt="Product Image"></a><p>OMOGS Women's Probiotic,with Cranberry Extract and Organic Prebiotics,90 Billion CFUs,18 Strains,Help for Boost Immune,Digestive, Gut and Women's Health,Gluten Dairy Yeast & Soy Free, 90 Tablets</p><p>$8.99 ($0.10 / Count)</p><a href="https://www.amazon.com/dp/B09YM5LMX7?tag=eloabder-20&linkCode=osi&th=1&psc=1">View Product</a></div><div class="product"><a href="https://www.amazon.com/dp/B074BLLV81?tag=eloabder-20&linkCode=osi&th=1&psc=1"><img src="https://m.media-amazon.com/images/I/51KGSL1CsIL._SL500_.jpg" alt="Product Image"></a><p>AZO Complete Feminine Balance Daily Probiotics for Women, Clinically Proven to Help Protect Vaginal Health, balance pH and yeast, Non-GMO, 30 Count</p><p>$23.51 ($0.78 / Count)</p><a href="https://www.amazon.com/dp/B074BLLV81?tag=eloabder-20&linkCode=osi&th=1&psc=1">View Product</a></div>
<div class="product"><a href="https://www.amazon.com/dp/B0CGKVHHCY?tag=eloabder-20&linkCode=osi&th=1&psc=1"><img src="https://m.media-amazon.com/images/I/51HSSDVp7sL._SL500_.jpg" alt="Product Image"></a><p>MaryRuth's Liquid Multivitamin + Lustriva® Hair Growth Vitamins | Biotin 10000mcg | Vitamin D | Clinically Tested for Thicker Hair, Wrinkles, Fine Lines, Skin Care | Ages 18+ | 30 Fl Oz</p><p>$74.95 ($2.50 / Fl Oz)</p><a href="https://www.amazon.com/dp/B0CGKVHHCY?tag=eloabder-20&linkCode=osi&th=1&psc=1">View Product</a></div><div class="product"><a href="https://www.amazon.com/dp/B09RKDGYJD?tag=eloabder-20&linkCode=osi&th=1&psc=1"><img src="https://m.media-amazon.com/images/I/51VPhOLi43L._SL500_.jpg" alt="Product Image"></a><p>Biotin | Collagen | Keratin | Hyaluronic Acid - Hair Growth Support Supplement | Skin & Nails Beauty Complex 25000 mcg - B1 | B2 | B3 | B6 | B7 - Made in USA - For Women & Men | 60 Capsules</p><p>$21.16 ($0.35 / Count)</p><a href="https://www.amazon.com/dp/B09RKDGYJD?tag=eloabder-20&linkCode=osi&th=1&psc=1">View Product</a></div><div class="product"><a href="https://www.amazon.com/dp/B0D379XS3Z?tag=eloabder-20&linkCode=osi&th=1&psc=1"><img src="https://m.media-amazon.com/images/I/41ZnobZ4taL._SL500_.jpg" alt="Product Image"></a><p>WONDERCOW Hair Skin and Nails Vitamins w/Bovine Colostrum, Collagen, Hyaluronic Acid, Biotin, Zinc, & Lactoferrin┃Supports Faster Hair Growth, Stronger Nails and Glowing Skin (30 servings, Capsule)</p><p>$39.99 ($0.44 / Count)</p><a href="https://www.amazon.com/dp/B0D379XS3Z?tag=eloabder-20&linkCode=osi&th=1&psc=1">View Product</a></div><div class="product"><a href="https://www.amazon.com/dp/B0D2JFRTJY?tag=eloabder-20&linkCode=osi&th=1&psc=1"><img src="https://m.media-amazon.com/images/I/415HdLpj8pL._SL500_.jpg" alt="Product Image"></a><p>InstaRelief® Hair Growth with Lustriva® - Clinically Shown to Grow Thicker, Healthier Hair in 3 Weeks, Reduce Wrinkles and Fine Lines, with Biotin, Silicon, and Arginine, 60 Tablets</p><p>$26.98 ($0.45 / Count)</p><a href="https://www.amazon.com/dp/B0D2JFRTJY?tag=eloabder-20&linkCode=osi&th=1&psc=1">View Product</a></div><div class="product"><a href="https://www.amazon.com/dp/B07H8RQCX2?tag=eloabder-20&linkCode=osi&th=1&psc=1"><img src="https://m.media-amazon.com/images/I/41c4gXD7hAS._SL500_.jpg" alt="Product Image"></a><p>JSHealth Vitamins Hair and Energy Formula Hair Growth Vitamins | Hair Vitamins for Women and Men | Zinc and Iodine Hair Supplements for Hair Growth | Hair Loss Supplements | (30 Capsules)</p><p>$27.99 ($0.93 / Count)</p><a href="https://www.amazon.com/dp/B07H8RQCX2?tag=eloabder-20&linkCode=osi&th=1&psc=1">View Product</a></div><div class="product"><a href="https://www.amazon.com/dp/B07L8KPCFY?tag=eloabder-20&linkCode=osi&th=1&psc=1"><img src="https://m.media-amazon.com/images/I/31NkOtXpn0L._SL500_.jpg" alt="Product Image"></a><p>Hello Lovely! Hair Vitamins Gummies with Biotin 5000 mcg Vitamin E & C Support Hair Growth, Premium Vegetarian Non-GMO, for Stronger Beautiful Hair, Skin & Nails Supplement - 60 Gummy Bears</p><p>$14.62 ($0.24 / Count)</p><a href="https://www.amazon.com/dp/B07L8KPCFY?tag=eloabder-20&linkCode=osi&th=1&psc=1">View Product</a></div>
<div class="product"><a href="https://www.amazon.com/dp/B0072F8D7S?tag=eloabder-20&linkCode=osi&th=1&psc=1"><img src="https://m.media-amazon.com/images/I/41j4CBYG0SL._SL500_.jpg" alt="Product Image"></a><p>Nature's Bounty Advanced Hair, Skin & Nails, Argan-Infused Vitamin Supplement with Biotin and Hyaluronic Acid, 150 Rapid Release Softgels</p><p>$11.22 ($0.07 / Count)</p><a href="https://www.amazon.com/dp/B0072F8D7S?tag=eloabder-20&linkCode=osi&th=1&psc=1">View Product</a></div><div class="product"><a href="https://www.amazon.com/dp/B07SRVJBSJ?tag=eloabder-20&linkCode=osi&th=1&psc=1"><img src="https://m.media-amazon.com/images/I/415Fg7XSFDL._SL500_.jpg" alt="Product Image"></a><p>Horbäach Hair Skin and Nails Vitamins | 300 Softgels | with Biotin and Collagen | Infused with Argan Oil and Coconut Oil | Non-GMO, Gluten Free Supplement</p><p>$16.47 ($0.05 / Count)</p><a href="https://www.amazon.com/dp/B07SRVJBSJ?tag=eloabder-20&linkCode=osi&th=1&psc=1">View Product</a></div><div class="product"><a href="https://www.amazon.com/dp/B07FB65182?tag=eloabder-20&linkCode=osi&th=1&psc=1"><img src="https://m.media-amazon.com/images/I/41Dof1D4sQL._SL500_.jpg" alt="Product Image"></a><p>Life Extension Skin Restoring Ceramides - Promotes Hydration & Encourages Healthy Ceramide Levels in Skin - Once-Daily Oral Supplement - Non-GMO, Gluten-Free – 30 Liquid Vegetarian Capsules</p><p>$18.75 ($0.62 / Count)</p><a href="https://www.amazon.com/dp/B07FB65182?tag=eloabder-20&linkCode=osi&th=1&psc=1">View Product</a></div><div class="product"><a href="https://www.amazon.com/dp/B0B3GBJJGW?tag=eloabder-20&linkCode=osi&th=1&psc=1"><img src="https://m.media-amazon.com/images/I/41h5D2kKYEL._SL500_.jpg" alt="Product Image"></a><p>Collagen Pills 1000mg Biotin 10000mcg Keratin Saw Palmetto 2500mg Hyaluronic Acid - Hair Skin and Nails Vitamins and DHT Blocker with Vitamin E Folic Acid Pumpkin Seed MSM - 90 Count</p><p>$29.95 ($0.33 / Count)</p><a href="https://www.amazon.com/dp/B0B3GBJJGW?tag=eloabder-20&linkCode=osi&th=1&psc=1">View Product</a></div><div class="product"><a href="https://www.amazon.com/dp/B00EEOGIWC?tag=eloabder-20&linkCode=osi&th=1&psc=1"><img src="https://m.media-amazon.com/images/I/41KNQKYyyaL._SL500_.jpg" alt="Product Image"></a><p>Phytoceramides 350mg per softgel - Plant Derived Ceramides for Healthy Skin and Hydration - Non GMO with No Fillers or Synthetic Vitamins - 30 Liquid softgels</p><p>$19.95 ($0.66 / Count)</p><a href="https://www.amazon.com/dp/B00EEOGIWC?tag=eloabder-20&linkCode=osi&th=1&psc=1">View Product</a></div><div class="product"><a href="https://www.amazon.com/dp/B0CG9QS1JY?tag=eloabder-20&linkCode=osi&th=1&psc=1"><img src="https://m.media-amazon.com/images/I/41GR02V0-iL._SL500_.jpg" alt="Product Image"></a><p>CLEARstem - MINDBODYSKIN Hormonal Acne Supplement (5-HTP) - Natural DIM Supplement - Skin Care Vitamins - Hormone Balance, Antioxidants - Vegan, Gluten Free, Cruelty Free - 30 Servings, 90 Capsules</p><p>$57.35 ($0.64 / Count)</p><a href="https://www.amazon.com/dp/B0CG9QS1JY?tag=eloabder-20&linkCode=osi&th=1&psc=1">View Product</a></div><div class="product"><a href="https://www.amazon.com/dp/B0CCYZ4ZG4?tag=eloabder-20&linkCode=osi&th=1&psc=1"><img src="https://m.media-amazon.com/images/I/41UMUWSDIBL._SL500_.jpg" alt="Product Image"></a><p>Vital Vitamins Multi Collagen Plus - Biotin, Hyaluronic Acid, Vitamin C - Collagen for Women & Men - Hair Growth Support Supplement - Skin, Nails Beauty Complex - 150 Pills</p><p>$25.95 ($0.17 / Count)</p><a href="https://www.amazon.com/dp/B0CCYZ4ZG4?tag=eloabder-20&linkCode=osi&th=1&psc=1">View Product</a></div>
<div class="product"><a href="https://www.amazon.com/dp/B0D354DJQH?tag=eloabder-20&linkCode=osi&th=1&psc=1"><img src="https://m.media-amazon.com/images/I/31Q9PLna2VL._SL500_.jpg" alt="Product Image"></a><p>HABIT Hair, Skin & Nails Supplement (60 Capsules) - New Look, Supports Skin Hydration, Hair & Nail Strength, Biotin 2000mcg, Vitamin A & C, Hyaluronic Acid, Rosehip, Vegan, Non-GMO (1 Pack)</p><p>$7.88 ($0.13 / Count)</p><a href="https://www.amazon.com/dp/B0D354DJQH?tag=eloabder-20&linkCode=osi&th=1&psc=1">View Product</a></div><div class="product"><a href="https://www.amazon.com/dp/B01D6AQR7A?tag=eloabder-20&linkCode=osi&th=1&psc=1"><img src="https://m.media-amazon.com/images/I/41ot-3xB2JL._SL500_.jpg" alt="Product Image"></a><p>Nature Made Hair Skin and Nails with Biotin 2500 mcg, Dietary Supplement For Healthy Hair Skin and Nails Support, 120 Softgels, 120 Day Supply</p><p>$18.97 ($0.16 / Count)</p><a href="https://www.amazon.com/dp/B01D6AQR7A?tag=eloabder-20&linkCode=osi&th=1&psc=1">View Product</a></div><div class="product"><a href="https://www.amazon.com/dp/B00006MMU6?tag=eloabder-20&linkCode=osi&th=1&psc=1"><img src="https://m.media-amazon.com/images/I/41ItG2Bl1RL._SL500_.jpg" alt="Product Image"></a><p>NONYX Fungal Nail Clarifying Gel | Rids Nails of Fungus by Removing Keratin Debris Where Nail Fungus Grows | 90% of Toenails Improved Using this Toenail Fungus Treatment | 4 oz</p><p>$19.98 ($5.00 / Fl Oz)</p><a href="https://www.amazon.com/dp/B00006MMU6?tag=eloabder-20&linkCode=osi&th=1&psc=1">View Product</a></div><div class="product"><a href="https://www.amazon.com/dp/B09S3Y3J92?tag=eloabder-20&linkCode=osi&th=1&psc=1"><img src="https://m.media-amazon.com/images/I/41lQO63btQL._SL500_.jpg" alt="Product Image"></a><p>Kerasal Nail Renewal and Nail File Combo Pack, Restores Appearance of Discolored or Damaged Nails, 5 Heavy Duty Nail Files, 0.33 fl oz, Clear</p><p>$25.85 ($78.33 / Fl Oz)</p><a href="https://www.amazon.com/dp/B09S3Y3J92?tag=eloabder-20&linkCode=osi&th=1&psc=1">View Product</a></div><div class="product"><a href="https://www.amazon.com/dp/B000EH0NEC?tag=eloabder-20&linkCode=osi&th=1&psc=1"><img src="https://m.media-amazon.com/images/I/41XaFeLycBL._SL500_.jpg" alt="Product Image"></a><p>Nutra Nail 5 to 7 Day Growth Treatment - Fast Keratin Nail Hardener & Nail Strengthener for Thin Nails, Brittle & Damaged (0.47 Fl Oz)</p><p>$14.97 ($31.85 / Fl Oz)</p><a href="https://www.amazon.com/dp/B000EH0NEC?tag=eloabder-20&linkCode=osi&th=1&psc=1">View Product</a></div><div class="product"><a href="https://www.amazon.com/dp/B089RQTWLR?tag=eloabder-20&linkCode=osi&th=1&psc=1"><img src="https://m.media-amazon.com/images/I/417WgL6e20L._SL500_.jpg" alt="Product Image"></a><p>Clear Nails - Extra Strength - Probiotic Fungus Inhibitor - 50 Billion CFU</p><p>$22.49 ($0.37 / Count)</p><a href="https://www.amazon.com/dp/B089RQTWLR?tag=eloabder-20&linkCode=osi&th=1&psc=1">View Product</a></div>
<div class="product"><a href="https://www.amazon.com/dp/B07FZ85R1Y?tag=eloabder-20&linkCode=osi&th=1&psc=1"><img src="https://m.media-amazon.com/images/I/51NlAN37ewL._SL500_.jpg" alt="Product Image"></a><p>Areds 2 Eye Vitamins - Lutein, Zeaxanthin & Bilberry Extract - Supports Eye Strain, Dry Eyes, and Vision Health - 2 Award-Winning Clinically Proven Eye Vitamin Ingredients - Carotenoid Blend</p><p>$23.97 ($0.40 / Count)</p><a href="https://www.amazon.com/dp/B07FZ85R1Y?tag=eloabder-20&linkCode=osi&th=1&psc=1">View Product</a></div><div class="product"><a href="https://www.amazon.com/dp/B0C4J8G4SB?tag=eloabder-20&linkCode=osi&th=1&psc=1"><img src="https://m.media-amazon.com/images/I/51VNHCxN5pL._SL500_.jpg" alt="Product Image"></a><p>Eye Health Vitamins with Bilberry 6000mg Lutein & Zeaxanthin 40mg Lycopene 40mg Resveratrol 3000mg Grape Seed Extract 6000mg Omega 3 4000mg Astaxanthin - Eye Vitamin - 60 Capsules</p><p>$29.95 ($0.50 / Count)</p><a href="https://www.amazon.com/dp/B0C4J8G4SB?tag=eloabder-20&linkCode=osi&th=1&psc=1">View Product</a></div><div class="product"><a href="https://www.amazon.com/dp/B00DJUK8IM?tag=eloabder-20&linkCode=osi&th=1&psc=1"><img src="https://m.media-amazon.com/images/I/51LPoH2nRnL._SL500_.jpg" alt="Product Image"></a><p>Ocuvite Eye Vitamin & Mineral Supplement, Contains Zinc, Vitamins C, E, Omega 3, Lutein, & Zeaxanthin, 90 Softgels (Packaging May Vary)</p><p>$23.47 ($0.26 / Count)</p><a href="https://www.amazon.com/dp/B00DJUK8IM?tag=eloabder-20&linkCode=osi&th=1&psc=1">View Product</a></div><div class="product"><a href="https://www.amazon.com/dp/B0CGRYBQ2J?tag=eloabder-20&linkCode=osi&th=1&psc=1"><img src="https://m.media-amazon.com/images/I/51Hxps2kajL._SL500_.jpg" alt="Product Image"></a><p>Garden of Life Herbals Eye Health Supplement with Sunflower & Safflower Oil, Lutein, Zeaxanthin & Black Currant for Dry Eyes & Healthy Vision Support – Non-GMO, Gluten-Free, Berry Flavor, 30 Servings</p><p>$28.34 ($0.94 / Count)</p><a href="https://www.amazon.com/dp/B0CGRYBQ2J?tag=eloabder-20&linkCode=osi&th=1&psc=1">View Product</a></div><div class="product"><a href="https://www.amazon.com/dp/B07Y6Q6TFF?tag=eloabder-20&linkCode=osi&th=1&psc=1"><img src="https://m.media-amazon.com/images/I/518zmodQYgL._SL500_.jpg" alt="Product Image"></a><p>UpNourish AREDS 2+ - Advanced Eye Vitamin Supplement for Macular Health and Dry Eye - Lutein, Zeaxanthin, Saffron, Astaxanthin & DHA - Supports Eye Strain, Pressure, Night Vision - 120 softgels</p><p>$24.99 ($0.21 / Count)</p><a href="https://www.amazon.com/dp/B07Y6Q6TFF?tag=eloabder-20&linkCode=osi&th=1&psc=1">View Product</a></div><div class="product"><a href="https://www.amazon.com/dp/B07JNK257G?tag=eloabder-20&linkCode=osi&th=1&psc=1"><img src="https://m.media-amazon.com/images/I/41HuGBuDqaL._SL500_.jpg" alt="Product Image"></a><p>EyeScience Macular Health Beyond AREDS2 Formula, Advanced Ocular Vitamin - Containing Lutein, Zeaxanthin, Bilberry, and Vitamins C, D, E, and B6 (60 Day Supply)</p><p>$54.99 ($0.46 / Count)</p><a href="https://www.amazon.com/dp/B07JNK257G?tag=eloabder-20&linkCode=osi&th=1&psc=1">View Product</a></div><div class="product"><a href="https://www.amazon.com/dp/B007Z4EKQE?tag=eloabder-20&linkCode=osi&th=1&psc=1"><img src="https://m.media-amazon.com/images/I/315eIHyBj6L._SL500_.jpg" alt="Product Image"></a><p>EyePromise Restore Supplement - 60 Softgel Capsules Containing Lutein, Vitamin C, Vitamin D, Vitamin E, Omega-3 Fish Oil, and Zeaxanthin - A Patented Complete Eye Health Formula</p><p>$40.95 ($0.68 / Count)</p><a href="https://www.amazon.com/dp/B007Z4EKQE?tag=eloabder-20&linkCode=osi&th=1&psc=1">View Product</a></div><div class="product"><a href="https://www.amazon.com/dp/B004R66K9I?tag=eloabder-20&linkCode=osi&th=1&psc=1"><img src="https://m.media-amazon.com/images/I/41wdjw9An4L._SL500_.jpg" alt="Product Image"></a><p>Puritan's Pride Lutein 40 Mg with Zeaxanthin, Helps Support Eye Health*, Whole Bean, 60 Ct,</p><p>$8.08 ($0.13 / Count)</p><a href="https://www.amazon.com/dp/B004R66K9I?tag=eloabder-20&linkCode=osi&th=1&psc=1">View Product</a></div>


<div class="product"><a href="https://www.amazon.com/dp/B0C9M3VMD5?tag=eloabder-20&linkCode=osi&th=1&psc=1"><img src="https://m.media-amazon.com/images/I/51Ef845LRAL._SL500_.jpg" alt="Product Image"></a><p>Poygik Premium 420 Piece Large First Aid Kit for Home, Car, Travel, Camping, Truck, Hiking, Sports, Office, Vehicle & Outdoor Emergencies - Emergency Medical Kits, Businesses & Home Medical Supplies</p><p>$46.95 ($46.95 / Count)</p><a href="https://www.amazon.com/dp/B0C9M3VMD5?tag=eloabder-20&linkCode=osi&th=1&psc=1">View Product</a></div><div class="product"><a href="https://www.amazon.com/dp/B08127GKPR?tag=eloabder-20&linkCode=osi&th=1&psc=1"><img src="https://m.media-amazon.com/images/I/51IJV3GwkxL._SL500_.jpg" alt="Product Image"></a><p>Care Science First Aid Kit, 110 Pieces | Professional Use for Travel, Work, School, Home, Car, Survival, Camping, Hiking, and More</p><p>$9.99 ($0.09 / Count)</p><a href="https://www.amazon.com/dp/B08127GKPR?tag=eloabder-20&linkCode=osi&th=1&psc=1">View Product</a></div><div class="product"><a href="https://www.amazon.com/dp/B0B41MYSGP?tag=eloabder-20&linkCode=osi&th=1&psc=1"><img src="https://m.media-amazon.com/images/I/51TXjQQrgWL._SL500_.jpg" alt="Product Image"></a><p>Johnson & Johnson Travel Ready Portable Emergency First Aid Kit for Minor Wound Care with Assorted Adhesive Bandages, Gauze Pads & More, Ideal for Travel, Car & On-The-Go, 80 pc</p><p>$8.16 ($0.10 / Count)</p><a href="https://www.amazon.com/dp/B0B41MYSGP?tag=eloabder-20&linkCode=osi&th=1&psc=1">View Product</a></div><div class="product"><a href="https://www.amazon.com/dp/B006RNSPYM?tag=eloabder-20&linkCode=osi&th=1&psc=1"><img src="https://m.media-amazon.com/images/I/41oaygM+6-L._SL500_.jpg" alt="Product Image"></a><p>First Aid Only 9302-25M 25-Person Contractor's Emergency First Aid Kit for Home Renovation, Job Sites, and Construction Vehicles, 178 Pieces</p><p>$25.59</p><a href="https://www.amazon.com/dp/B006RNSPYM?tag=eloabder-20&linkCode=osi&th=1&psc=1">View Product</a></div><div class="product"><a href="https://www.amazon.com/dp/B07KRMQ8W6?tag=eloabder-20&linkCode=osi&th=1&psc=1"><img src="https://m.media-amazon.com/images/I/31-2HjYAfiL._SL500_.jpg" alt="Product Image"></a><p>Bactine MAX First Aid Spray - Pain Relief Cleansing Spray with 4% Lidocaine - Numbing Lidocaine Spray Kills 99.9% of Germs - Pain + Itch Relief for Minor Cuts & Scrapes, Burns & Bug Bites - 5oz</p><p>$4.42 ($0.88 / Fl Oz)</p><a href="https://www.amazon.com/dp/B07KRMQ8W6?tag=eloabder-20&linkCode=osi&th=1&psc=1">View Product</a></div><div class="product"><a href="https://www.amazon.com/dp/B096X2NK1B?tag=eloabder-20&linkCode=osi&th=1&psc=1"><img src="https://m.media-amazon.com/images/I/41Qyy+jNITL._SL500_.jpg" alt="Product Image"></a><p>330 Piece First Aid Kit, Premium Waterproof Compact Trauma Medical Kits for Any Emergencies, Ideal for Home, Office, Car, Travel, Outdoor, Camping, Hiking, Boating (Red)</p><p>$45.99 ($0.14 / Count)</p><a href="https://www.amazon.com/dp/B096X2NK1B?tag=eloabder-20&linkCode=osi&th=1&psc=1">View Product</a></div><div class="product"><a href="https://www.amazon.com/dp/B00164IIUI?tag=eloabder-20&linkCode=osi&th=1&psc=1"><img src="https://m.media-amazon.com/images/I/51vsE2VasGL._SL500_.jpg" alt="Product Image"></a><p>Neosporin Original First Aid Antibiotic Ointment with Bacitracin Zinc For Infection Protection, Wound Care Treatment & Scar Appearance Minimizer for Minor Cuts, Scrapes and Burns,.5 oz</p><p>$4.87 ($9.74 / Ounce)</p><a href="https://www.amazon.com/dp/B00164IIUI?tag=eloabder-20&linkCode=osi&th=1&psc=1">View Product</a></div><div class="product"><a href="https://www.amazon.com/dp/B0C17MKP1S?tag=eloabder-20&linkCode=osi&th=1&psc=1"><img src="https://m.media-amazon.com/images/I/41If81FeQFL._SL500_.jpg" alt="Product Image"></a><p>Mini First Aid Kit, 100 Pieces Water-Resistant Hard Shell Small Case - Perfect for Travel, Outdoor, Home, Office, Camping, Hiking, Car (Red)</p><p>$12.99 ($0.13 / Count)</p><a href="https://www.amazon.com/dp/B0C17MKP1S?tag=eloabder-20&linkCode=osi&th=1&psc=1">View Product</a></div>
<div class="product"><a href="https://www.amazon.com/dp/B007EBRA6A?tag=eloabder-20&linkCode=osi&th=1&psc=1"><img src="https://m.media-amazon.com/images/I/31XNtfz6-lL._SL500_.jpg" alt="Product Image"></a><p>Improved Medihoney Gel Wound and & Burn Dressing from Derma Sciences, 0.5 oz,</p><p>$7.99 ($15.98 / Fl Oz)</p><a href="https://www.amazon.com/dp/B007EBRA6A?tag=eloabder-20&linkCode=osi&th=1&psc=1">View Product</a></div><div class="product"><a href="https://www.amazon.com/dp/B07964SRBL?tag=eloabder-20&linkCode=osi&th=1&psc=1"><img src="https://m.media-amazon.com/images/I/31BpDfWNr6L._SL500_.jpg" alt="Product Image"></a><p>Be Smart Get Prepared SILVEX Wound Gel</p><p>$8.12 ($16.24 / Ounce)</p><a href="https://www.amazon.com/dp/B07964SRBL?tag=eloabder-20&linkCode=osi&th=1&psc=1">View Product</a></div><div class="product"><a href="https://www.amazon.com/dp/B00N2VOLF4?tag=eloabder-20&linkCode=osi&th=1&psc=1"><img src="https://m.media-amazon.com/images/I/31k3xbO6c2L._SL500_.jpg" alt="Product Image"></a><p>terrasil Wound Care 3X - Healing Ointment for Cuts, Burns, Blisters, Rashes, Scars, Bed Sores, & Diabetic Ulcers. Natural Skin Care Treatment, Dermatologist-Tested, Hypoallergenic Approved (.5oz)</p><p>$24.00 ($48.98 / Ounce)</p><a href="https://www.amazon.com/dp/B00N2VOLF4?tag=eloabder-20&linkCode=osi&th=1&psc=1">View Product</a></div><div class="product"><a href="https://www.amazon.com/dp/B019660RPG?tag=eloabder-20&linkCode=osi&th=1&psc=1"><img src="https://m.media-amazon.com/images/I/41wsMk2hIZL._SL500_.jpg" alt="Product Image"></a><p>Vashe Wound Solution OTC | Pure Hypochlorous Acid-Preserved Wound Cleanser | Home Wound Care | Non-Cytotoxic and Skin-Neutral pH | 8.5 Fl Oz</p><p>$23.99</p><a href="https://www.amazon.com/dp/B019660RPG?tag=eloabder-20&linkCode=osi&th=1&psc=1">View Product</a></div><div class="product"><a href="https://www.amazon.com/dp/B09V3GHJYF?tag=eloabder-20&linkCode=osi&th=1&psc=1"><img src="https://m.media-amazon.com/images/I/41DjaWOgweL._SL500_.jpg" alt="Product Image"></a><p>Absorbine Silver Honey Rapid Wound Repair Ointment 2oz Tube, Medical Grade Manuka Honey & MicroSilver BG</p><p>$23.36 ($11.68 / Ounce)</p><a href="https://www.amazon.com/dp/B09V3GHJYF?tag=eloabder-20&linkCode=osi&th=1&psc=1">View Product</a></div><div class="product"><a href="https://www.amazon.com/dp/B00EC6DE7Y?tag=eloabder-20&linkCode=osi&th=1&psc=1"><img src="https://m.media-amazon.com/images/I/41BlVTkyTCL._SL500_.jpg" alt="Product Image"></a><p>NeilMed Cleanse Sterile Saline Wound Wash, 6.3 Ounce</p><p>$5.98 ($1.00 / Fl Oz)</p><a href="https://www.amazon.com/dp/B00EC6DE7Y?tag=eloabder-20&linkCode=osi&th=1&psc=1">View Product</a></div><div class="product"><a href="https://www.amazon.com/dp/B07FYDFGVD?tag=eloabder-20&linkCode=osi&th=1&psc=1"><img src="https://m.media-amazon.com/images/I/515p26GgPxL._SL500_.jpg" alt="Product Image"></a><p>All Health Wound Care Kit, 40 Items | For Small to Medium Sized Wounds</p><p>$7.47</p><a href="https://www.amazon.com/dp/B07FYDFGVD?tag=eloabder-20&linkCode=osi&th=1&psc=1">View Product</a></div><div class="product"><a href="https://www.amazon.com/dp/B0019FHWPQ?tag=eloabder-20&linkCode=osi&th=1&psc=1"><img src="https://m.media-amazon.com/images/I/31Qs02lFNDL._SL500_.jpg" alt="Product Image"></a><p>Medline Skintegrity Wound Cleanser, 8 ounce Spray Bottle, for wound cleaning, debridement, removing protein, pressure injuries, infected wounds, spray can be adjusted from mist to stream,White</p><p>$9.99 ($1.25 / Ounce)</p><a href="https://www.amazon.com/dp/B0019FHWPQ?tag=eloabder-20&linkCode=osi&th=1&psc=1">View Product</a></div>
<div class="product"><a href="https://www.amazon.com/dp/B0B1N47758?tag=eloabder-20&linkCode=osi&th=1&psc=1"><img src="https://m.media-amazon.com/images/I/517wH3I79AL._SL500_.jpg" alt="Product Image"></a><p>LifeVac Yellow Travel Kit 2 Pack - Portable Suction Rescue Device, First Aid Kit for Kids and Adults, Portable Airway Suction Device for Children and Adults</p><p>$139.99 ($70.00 / Count)</p><a href="https://www.amazon.com/dp/B0B1N47758?tag=eloabder-20&linkCode=osi&th=1&psc=1">View Product</a></div>




<div class="product"><a href="https://www.amazon.com/dp/B0CZ6PVVSP?tag=eloabder-20&linkCode=osi&th=1&psc=1"><img src="https://m.media-amazon.com/images/I/41Edr6RdDDL._SL500_.jpg" alt="Product Image"></a><p>Nieteyrue Updated Vaginial Cream Applicators (40 Packs) Disposable Dosage Markings Plastic Individually Wrapped Fit to Most Cream, Gels, Lub-ric-ants, Feminine Care Vaginial Applicators</p><p>$16.99 ($0.42 / Count)</p><a href="https://www.amazon.com/dp/B0CZ6PVVSP?tag=eloabder-20&linkCode=osi&th=1&psc=1">View Product</a></div><div class="product"><a href="https://www.amazon.com/dp/B0D2L35LLP?tag=eloabder-20&linkCode=osi&th=1&psc=1"><img src="https://m.media-amazon.com/images/I/41SAiDtZfHL._SL500_.jpg" alt="Product Image"></a><p>(16 Pcs) Hearing Aid Wax Guard Filter for Starkey Prowax Minifit Hear Clear Accessories,Starkey Prowax Filters(1.5mm) Hearing Aids Supplies,Ear Replacement Parts Cleaning Kit Tool（2 Pack）</p><p>$7.99 ($0.50 / Count)</p><a href="https://www.amazon.com/dp/B0D2L35LLP?tag=eloabder-20&linkCode=osi&th=1&psc=1">View Product</a></div>
<div class="product"><a href="https://www.amazon.com/dp/B0CDZJ9JJC?tag=eloabder-20&linkCode=osi&th=1&psc=1"><img src="https://m.media-amazon.com/images/I/51eaQ4M7l3L._SL500_.jpg" alt="Product Image"></a><p>Charmin Ultra Soft Toilet Paper 6 Mega Rolls = 24 Regular Rolls</p><p>$7.97 ($0.59 / 100 Sheets)</p><a href="https://www.amazon.com/dp/B0CDZJ9JJC?tag=eloabder-20&linkCode=osi&th=1&psc=1">View Product</a></div><div class="product"><a href="https://www.amazon.com/dp/B07BGLT25K?tag=eloabder-20&linkCode=osi&th=1&psc=1"><img src="https://m.media-amazon.com/images/I/51E4cTD1y1L._SL500_.jpg" alt="Product Image"></a><p>Scott ComfortPlus Toilet Paper, 12 Double Rolls, 231 Sheets per Roll, Septic-Safe, 1-Ply Toilet Tissue</p><p>$5.99 ($0.22 / 100 Sheets)</p><a href="https://www.amazon.com/dp/B07BGLT25K?tag=eloabder-20&linkCode=osi&th=1&psc=1">View Product</a></div><div class="product"><a href="https://www.amazon.com/dp/B0CKK43XXS?tag=eloabder-20&linkCode=osi&th=1&psc=1"><img src="https://m.media-amazon.com/images/I/51H5mXFgbsL._SL500_.jpg" alt="Product Image"></a><p>Scott Paper Towels, Choose-A-Sheet, 6 Double Rolls = 12 Regular Rolls (100 Sheets Per Roll)</p><p>$6.84 ($1.14 / 100 Sheets)</p><a href="https://www.amazon.com/dp/B0CKK43XXS?tag=eloabder-20&linkCode=osi&th=1&psc=1">View Product</a></div><div class="product"><a href="https://www.amazon.com/dp/B0BB3JGBH5?tag=eloabder-20&linkCode=osi&th=1&psc=1"><img src="https://m.media-amazon.com/images/I/51qDQ2GH7sL._SL500_.jpg" alt="Product Image"></a><p>Quilted Northern Ultra Plush Toilet Paper, 6 Mega Rolls = 24 Regular Rolls, 3X Thicker*, 3 Ply Soft Toilet Tissue</p><p>$6.98 ($0.46 / 100 Sheets)</p><a href="https://www.amazon.com/dp/B0BB3JGBH5?tag=eloabder-20&linkCode=osi&th=1&psc=1">View Product</a></div><div class="product"><a href="https://www.amazon.com/dp/B09NW81TH8?tag=eloabder-20&linkCode=osi&th=1&psc=1"><img src="https://m.media-amazon.com/images/I/31qATnww2+L._SL500_.jpg" alt="Product Image"></a><p>Angel Soft Toilet Paper, 16 Mega Rolls = 64 Regular Rolls, Soft and Strong Toilet Tissue</p><p>$12.49 ($0.24 / 100 Sheets)</p><a href="https://www.amazon.com/dp/B09NW81TH8?tag=eloabder-20&linkCode=osi&th=1&psc=1">View Product</a></div><div class="product"><a href="https://www.amazon.com/dp/B0CH8LDMMS?tag=eloabder-20&linkCode=osi&th=1&psc=1"><img src="https://m.media-amazon.com/images/I/51nChMBC32L._SL500_.jpg" alt="Product Image"></a><p>AIDEA Laundry Detergent Sheets, Eco-Friendly Laundry Detergent, Washer Sheets Detergent, No Plastic Jug, Laundry Soap Sheets For Travel, Home Washing, Fresh Scent-(160 Loads) 80 Sheets</p><p>$6.99 ($0.04 / Load)</p><a href="https://www.amazon.com/dp/B0CH8LDMMS?tag=eloabder-20&linkCode=osi&th=1&psc=1">View Product</a></div>
<div class="product"><a href="https://www.amazon.com/dp/B086PHR52V?tag=eloabder-20&linkCode=osi&th=1&psc=1"><img src="https://m.media-amazon.com/images/I/519QOCq89xL._SL500_.jpg" alt="Product Image"></a><p>Viva Naturals Elderberry with Vitamin C and Zinc for Adults - 5 in 1 Sambucus Black Elderberry Capsules with Vitamin D3 5000 IU, Elderberries Immune Support Supplement 2 Months Supply Pills</p><p>$24.95 ($0.21 / Count)</p><a href="https://www.amazon.com/dp/B086PHR52V?tag=eloabder-20&linkCode=osi&th=1&psc=1">View Product</a></div><div class="product"><a href="https://www.amazon.com/dp/B08RPB34NR?tag=eloabder-20&linkCode=osi&th=1&psc=1"><img src="https://m.media-amazon.com/images/I/51GlheVabKL._SL500_.jpg" alt="Product Image"></a><p>8 in 1 Immune Support Booster Supplement with Echinacea, Vitamin C and Zinc 50mg, Vitamin D 5000 IU, Turmeric Curcumin & Ginger, B6, Elderberry 120 Count (Pack of 2)</p><p>$27.95 ($0.23 / Count)</p><a href="https://www.amazon.com/dp/B08RPB34NR?tag=eloabder-20&linkCode=osi&th=1&psc=1">View Product</a></div><div class="product"><a href="https://www.amazon.com/dp/B07JGW2JKF?tag=eloabder-20&linkCode=osi&th=1&psc=1"><img src="https://m.media-amazon.com/images/I/412JKfC+qLL._SL500_.jpg" alt="Product Image"></a><p>Amazon Basics Adult Multivitamin, 150 Gummies, 75-Day Supply, Mixed Berry & Cherry (Previously Solimo)</p><p>$8.42 ($0.06 / Count)</p><a href="https://www.amazon.com/dp/B07JGW2JKF?tag=eloabder-20&linkCode=osi&th=1&psc=1">View Product</a></div><div class="product"><a href="https://www.amazon.com/dp/B007L0DPE0?tag=eloabder-20&linkCode=osi&th=1&psc=1"><img src="https://m.media-amazon.com/images/I/41u67LVdJFL._SL500_.jpg" alt="Product Image"></a><p>Vitafusion Womens Multivitamin Gummies, Berry Flavored Daily Vitamins for Women With Vitamins A, C, D, E, B-6 and B-12, America’s Number 1 Gummy Vitamin Brand, 75 Days Supply, 150 Count</p><p>$11.99 ($0.08 / Count)</p><a href="https://www.amazon.com/dp/B007L0DPE0?tag=eloabder-20&linkCode=osi&th=1&psc=1">View Product</a></div><div class="product"><a href="https://www.amazon.com/dp/B00DS5BGDY?tag=eloabder-20&linkCode=osi&th=1&psc=1"><img src="https://m.media-amazon.com/images/I/41zXI0XuNYL._SL500_.jpg" alt="Product Image"></a><p>Nature Made Vitamin B12 1000 mcg, Dietary Supplement for Energy Metabolism Support, 150 Softgels, 150 Day Supply</p><p>$9.98 ($0.07 / Count)</p><a href="https://www.amazon.com/dp/B00DS5BGDY?tag=eloabder-20&linkCode=osi&th=1&psc=1">View Product</a></div><div class="product"><a href="https://www.amazon.com/dp/B004U3Y8OM?tag=eloabder-20&linkCode=osi&th=1&psc=1"><img src="https://m.media-amazon.com/images/I/41FAeb-VvJL._SL500_.jpg" alt="Product Image"></a><p>Nature Made Vitamin D3 1000 IU (25 mcg), Dietary Supplement for Bone, Teeth, Muscle and Immune Health Support, 300 Softgels, 300 Day Supply</p><p>$12.35 ($0.04 / Count)</p><a href="https://www.amazon.com/dp/B004U3Y8OM?tag=eloabder-20&linkCode=osi&th=1&psc=1">View Product</a></div><div class="product"><a href="https://www.amazon.com/dp/B002QO00YO?tag=eloabder-20&linkCode=osi&th=1&psc=1"><img src="https://m.media-amazon.com/images/I/41SQ-7dbsHL._SL500_.jpg" alt="Product Image"></a><p>Nature Made Vitamin D3 2000 IU (50 mcg), Dietary Supplement for Bone, Teeth, Muscle and Immune Health Support, 90 Softgels, 90 Day Supply</p><p>$6.28 ($0.07 / Count)</p><a href="https://www.amazon.com/dp/B002QO00YO?tag=eloabder-20&linkCode=osi&th=1&psc=1">View Product</a></div><div class="product"><a href="https://www.amazon.com/dp/B09KCCVL9V?tag=eloabder-20&linkCode=osi&th=1&psc=1"><img src="https://m.media-amazon.com/images/I/419o0W0LJgL._SL500_.jpg" alt="Product Image"></a><p>Centrum Silver Women's Multivitamin for Women 50 Plus, Multivitamin/Multimineral Supplement with Vitamin D3, B Vitamins, Non-GMO Ingredients, Supports Memory and Cognition in Older Adults - 200 Ct</p><p>$15.99 ($0.08 / Count)</p><a href="https://www.amazon.com/dp/B09KCCVL9V?tag=eloabder-20&linkCode=osi&th=1&psc=1">View Product</a></div><div class="product"><a href="https://www.amazon.com/dp/B004QQ9LVS?tag=eloabder-20&linkCode=osi&th=1&psc=1"><img src="https://m.media-amazon.com/images/I/41YF4lk0WwL._SL500_.jpg" alt="Product Image"></a><p>SmartyPants Kids Multivitamin Gummies: Omega 3 Fish Oil (EPA/DHA), Vitamin D3, C, Vitamin B12, B6, Vitamin A, K & Zinc for Immune Support, Gluten Free, Three Fruit Flavors, 120 Count (30 Day Supply)</p><p>$19.81 ($0.17 / Count)</p><a href="https://www.amazon.com/dp/B004QQ9LVS?tag=eloabder-20&linkCode=osi&th=1&psc=1">View Product</a></div><div class="product"><a href="https://www.amazon.com/dp/B0000DJASY?tag=eloabder-20&linkCode=osi&th=1&psc=1"><img src="https://m.media-amazon.com/images/I/41PwuIsYASL._SL500_.jpg" alt="Product Image"></a><p>Nature Made Extra Strength Vitamin C 1000 mg, Dietary Supplement for Immune Support, 100 Tablets, 100 Day Supply</p><p>$9.50 ($0.10 / Count)</p><a href="https://www.amazon.com/dp/B0000DJASY?tag=eloabder-20&linkCode=osi&th=1&psc=1">View Product</a></div>
<div class="product"><a href="https://www.amazon.com/dp/B01DBTFO98?tag=eloabder-20&linkCode=osi&th=1&psc=1"><img src="https://m.media-amazon.com/images/I/61+VtB3+QPL._SL500_.jpg" alt="Product Image"></a><p>Turmeric Curcumin with Black Pepper Extract 1500mg - High Absorption Ultra Potent Turmeric Supplement with 95% Curcuminoids and BioPerine - Non GMO Turmeric Capsules for Joint Support - 90 Capsules</p><p>$18.79 ($0.21 / Count)</p><a href="https://www.amazon.com/dp/B01DBTFO98?tag=eloabder-20&linkCode=osi&th=1&psc=1">View Product</a></div><div class="product"><a href="https://www.amazon.com/dp/B0BG6TGKZS?tag=eloabder-20&linkCode=osi&th=1&psc=1"><img src="https://m.media-amazon.com/images/I/41aCogcx9OL._SL500_.jpg" alt="Product Image"></a><p>Clean Nutraceuticals Lions Mane 3000mg 20in1 Mushroom Supplement with Turkey Tail 2000mg Reishi 1000mg Cordyceps Chaga 1000mg Maitake Meshima Poria Cocos Shiitake Oyster Porcini Enoki 60 Count</p><p>$29.95 ($0.50 / Count)</p><a href="https://www.amazon.com/dp/B0BG6TGKZS?tag=eloabder-20&linkCode=osi&th=1&psc=1">View Product</a></div><div class="product"><a href="https://www.amazon.com/dp/B08YLTCDTN?tag=eloabder-20&linkCode=osi&th=1&psc=1"><img src="https://m.media-amazon.com/images/I/41aybXdjmLL._SL500_.jpg" alt="Product Image"></a><p>Nature's Bounty Zinc 50mg, Immune Support & Antioxidant Supplement, Promotes Skin Health 250 Caplets</p><p>$9.48 ($0.04 / Count)</p><a href="https://www.amazon.com/dp/B08YLTCDTN?tag=eloabder-20&linkCode=osi&th=1&psc=1">View Product</a></div><div class="product"><a href="https://www.amazon.com/dp/B07TK5K5TQ?tag=eloabder-20&linkCode=osi&th=1&psc=1"><img src="https://m.media-amazon.com/images/I/41S-Rt0xcrL._SL500_.jpg" alt="Product Image"></a><p>TRU NIAGEN Patented NAD+ Supplement for Anti Aging and Cell Regeneration, 300 mg Niagen, 30 Servings | Supports Cellular Energy, Brain, Muscle | Nicotinamide Riboside (NR) Take 1 Daily | 1 Bottle</p><p>$45.90 ($1.53 / Count)</p><a href="https://www.amazon.com/dp/B07TK5K5TQ?tag=eloabder-20&linkCode=osi&th=1&psc=1">View Product</a></div><div class="product"><a href="https://www.amazon.com/dp/B08HHQWBBZ?tag=eloabder-20&linkCode=osi&th=1&psc=1"><img src="https://m.media-amazon.com/images/I/51LeIP217fL._SL500_.jpg" alt="Product Image"></a><p>NutriFlair Premium Berberine HCL 1200mg, 120 Capsules - plus Pure True Ceylon Cinnamon, Berberine HCI Root Supplements Pills - immune system, healthy weight management</p><p>$26.99 ($0.22 / Count)</p><a href="https://www.amazon.com/dp/B08HHQWBBZ?tag=eloabder-20&linkCode=osi&th=1&psc=1">View Product</a></div><div class="product"><a href="https://www.amazon.com/dp/B078SH8WGC?tag=eloabder-20&linkCode=osi&th=1&psc=1"><img src="https://m.media-amazon.com/images/I/51z5QG2DZKL._SL500_.jpg" alt="Product Image"></a><p>Turmeric Curcumin with BioPerine & Ginger 95% Curcuminoids 1950mg - Black Pepper Extract for Max Absorption, Nature's Joint Support Supplement, Herbal Turmeric Pills, Vegan Non-GMO - 120 Capsules</p><p>$16.82 ($0.14 / Count)</p><a href="https://www.amazon.com/dp/B078SH8WGC?tag=eloabder-20&linkCode=osi&th=1&psc=1">View Product</a></div><div class="product"><a href="https://www.amazon.com/dp/B0000DJAQU?tag=eloabder-20&linkCode=osi&th=1&psc=1"><img src="https://m.media-amazon.com/images/I/41c7alI7ydL._SL500_.jpg" alt="Product Image"></a><p>Nature Made Fish Oil 1200 mg Softgels, Fish Oil Supplements, Omega 3 Fish Oil for Healthy Heart Support, Omega 3 Supplement with 100 Softgels, 50 Day Supply</p><p>$9.99 ($0.10 / Count)</p><a href="https://www.amazon.com/dp/B0000DJAQU?tag=eloabder-20&linkCode=osi&th=1&psc=1">View Product</a></div><div class="product"><a href="https://www.amazon.com/dp/B01BMDAVIY?tag=eloabder-20&linkCode=osi&th=1&psc=1"><img src="https://m.media-amazon.com/images/I/31KIpekdbRL._SL500_.jpg" alt="Product Image"></a><p>NatureWise Curcumin Turmeric 2250mg | 95% Curcuminoids & BioPerine Black Pepper Extract | Advanced Absorption for Joint Support [2 Month Supply - 180 Count]</p><p>$21.49 ($0.12 / Count)</p><a href="https://www.amazon.com/dp/B01BMDAVIY?tag=eloabder-20&linkCode=osi&th=1&psc=1">View Product</a></div><div class="product"><a href="https://www.amazon.com/dp/B074QHCL9Z?tag=eloabder-20&linkCode=osi&th=1&psc=1"><img src="https://m.media-amazon.com/images/I/416o-Si5NIL._SL500_.jpg" alt="Product Image"></a><p>Nature Made Turmeric Curcumin 500 mg, Herbal Supplement for Antioxidant Support, 120 Capsules, 120 Day Supply</p><p>$17.28 ($0.14 / Count)</p><a href="https://www.amazon.com/dp/B074QHCL9Z?tag=eloabder-20&linkCode=osi&th=1&psc=1">View Product</a></div><div class="product"><a href="https://www.amazon.com/dp/B0CV9JW4DS?tag=eloabder-20&linkCode=osi&th=1&psc=1"><img src="https://m.media-amazon.com/images/I/51L8z3xzNsL._SL500_.jpg" alt="Product Image"></a><p>Zoyava Dynamic Vitality Bundle, Sea Moss and Shilajit Bundle, Sea Moss 7000mg, Black Seed Oil 4000mg, Ashwagandha 2000mg, Ginger & Shilajit 9000mg, Rhodiola Rosea 1000mg, Panax Ginseng (60 Count)</p><p>$31.99 ($0.53 / Count)</p><a href="https://www.amazon.com/dp/B0CV9JW4DS?tag=eloabder-20&linkCode=osi&th=1&psc=1">View Product</a></div>
<div class="product"><a href="https://www.amazon.com/dp/B01AB4U6PI?tag=eloabder-20&linkCode=osi&th=1&psc=1"><img src="https://m.media-amazon.com/images/I/41rff0KTJnL._SL500_.jpg" alt="Product Image"></a><p>Salonpas Pain Relieving Patch for Back, Neck, Shoulder, Knee Pain and Muscle Soreness - 8 Hour Pain Relief - 60 Count</p><p>$10.34 ($0.17 / Count)</p><a href="https://www.amazon.com/dp/B01AB4U6PI?tag=eloabder-20&linkCode=osi&th=1&psc=1">View Product</a></div><div class="product"><a href="https://www.amazon.com/dp/B0CTTF514L?tag=eloabder-20&linkCode=osi&th=1&psc=1"><img src="https://m.media-amazon.com/images/I/51akRPk18aL._SL500_.jpg" alt="Product Image"></a><p>Advil Targeted Relief Pain Relieving Cream with Massage Applicator, Up to 8 Hours of Powerful Relief of Joint Pain, Lower Back Pain and Muscle Pain, 2.5 oz</p><p>$13.63 ($5.45 / Ounce)</p><a href="https://www.amazon.com/dp/B0CTTF514L?tag=eloabder-20&linkCode=osi&th=1&psc=1">View Product</a></div><div class="product"><a href="https://www.amazon.com/dp/B084ZMMVQS?tag=eloabder-20&linkCode=osi&th=1&psc=1"><img src="https://m.media-amazon.com/images/I/51yLIRFzDGL._SL500_.jpg" alt="Product Image"></a><p>Voltaren Arthritis Pain Gel for Powerful Topical Arthritis Pain Relief - NEW Easy Open Cap - 100 g x 2</p><p>$26.36 ($3.77 / Ounce)</p><a href="https://www.amazon.com/dp/B084ZMMVQS?tag=eloabder-20&linkCode=osi&th=1&psc=1">View Product</a></div><div class="product"><a href="https://www.amazon.com/dp/B01ITWHT7C?tag=eloabder-20&linkCode=osi&th=1&psc=1"><img src="https://m.media-amazon.com/images/I/41KR-44GBTL._SL500_.jpg" alt="Product Image"></a><p>Salonpas Pain Relieving Patch, LARGE, 6 Count, for Back, Neck, Shoulder, Knee Pain and Muscle Soreness, 8 Hour Pain Relief</p><p>$5.23 ($0.87 / Count)</p><a href="https://www.amazon.com/dp/B01ITWHT7C?tag=eloabder-20&linkCode=osi&th=1&psc=1">View Product</a></div><div class="product"><a href="https://www.amazon.com/dp/B0CTTPJSYP?tag=eloabder-20&linkCode=osi&th=1&psc=1"><img src="https://m.media-amazon.com/images/I/51McdhdZDjL._SL500_.jpg" alt="Product Image"></a><p>Advil Targeted Relief Pain Relieving Cream, Up to 8 Hours of Powerful Relief of Joint Pain, Lower Back Pain and Muscle Pain - 2.3 oz</p><p>$10.98 ($4.77 / Ounce)</p><a href="https://www.amazon.com/dp/B0CTTPJSYP?tag=eloabder-20&linkCode=osi&th=1&psc=1">View Product</a></div><div class="product"><a href="https://www.amazon.com/dp/B074F2H9VT?tag=eloabder-20&linkCode=osi&th=1&psc=1"><img src="https://m.media-amazon.com/images/I/31h55XAq3BL._SL500_.jpg" alt="Product Image"></a><p>Amazon Basic Care Extra Strength Pain Relief, Acetaminophen Caplets, 500 mg, 200 Count</p><p>$4.79 ($0.02 / Count)</p><a href="https://www.amazon.com/dp/B074F2H9VT?tag=eloabder-20&linkCode=osi&th=1&psc=1">View Product</a></div><div class="product"><a href="https://www.amazon.com/dp/B00HCQEYCK?tag=eloabder-20&linkCode=osi&th=1&psc=1"><img src="https://m.media-amazon.com/images/I/51D8+ZSqZvL._SL500_.jpg" alt="Product Image"></a><p>Boiron Arnicare Gel for Soothing Relief of Joint Pain, Muscle Pain, Muscle Soreness, and Swelling from Bruises or Injury - Non-greasy and Fragrance-Free - 2.6 oz</p><p>$8.32 ($3.20 / Ounce)</p><a href="https://www.amazon.com/dp/B00HCQEYCK?tag=eloabder-20&linkCode=osi&th=1&psc=1">View Product</a></div><div class="product"><a href="https://www.amazon.com/dp/B0BTMWW333?tag=eloabder-20&linkCode=osi&th=1&psc=1"><img src="https://m.media-amazon.com/images/I/515qvsGXGOL._SL500_.jpg" alt="Product Image"></a><p>Absorbine Jr. PRO Maximum Strength Lidocaine Roll-On for Fast Nerve and Muscle Pain Relief</p><p>$12.97 ($5.19 / Ounce)</p><a href="https://www.amazon.com/dp/B0BTMWW333?tag=eloabder-20&linkCode=osi&th=1&psc=1">View Product</a></div><div class="product"><a href="https://www.amazon.com/dp/B01LXFEY6H?tag=eloabder-20&linkCode=osi&th=1&psc=1"><img src="https://m.media-amazon.com/images/I/31hLnewBXIL._SL500_.jpg" alt="Product Image"></a><p>Biofreeze Pain Relief Gel, Arthritis Pain Reliver, Knee & Lower Back Pain Relief, Sore Muscle Relief, Neck Pain Relief, Pharmacist Recommended, FSA Eligible, 3 FL OZ Biofreeze Menthol Gel</p><p>$10.35 ($3.45 / Ounce)</p><a href="https://www.amazon.com/dp/B01LXFEY6H?tag=eloabder-20&linkCode=osi&th=1&psc=1">View Product</a></div><div class="product"><a href="https://www.amazon.com/dp/B000WZOJCI?tag=eloabder-20&linkCode=osi&th=1&psc=1"><img src="https://m.media-amazon.com/images/I/31jVr3ExroL._SL500_.jpg" alt="Product Image"></a><p>Sombra Warm Pain Relief Gel, 8-Ounce</p><p>$24.09 ($3.01 / Ounce)</p><a href="https://www.amazon.com/dp/B000WZOJCI?tag=eloabder-20&linkCode=osi&th=1&psc=1">View Product</a></div>
<div class="product"><a href="https://www.amazon.com/dp/B09NWH8553?tag=eloabder-20&linkCode=osi&th=1&psc=1"><img src="https://m.media-amazon.com/images/I/515vtwhdqiL._SL500_.jpg" alt="Product Image"></a><p>Johnson & Johnson All-Purpose Portable Compact First Aid Kit for Minor Cuts, Scrapes, Sprains & Burns, Ideal for Home, Car, Travel, Camping and Outdoor Emergencies, 160 pieces</p><p>$15.55</p><a href="https://www.amazon.com/dp/B09NWH8553?tag=eloabder-20&linkCode=osi&th=1&psc=1">View Product</a></div><div class="product"><a href="https://www.amazon.com/dp/B000069EYA?tag=eloabder-20&linkCode=osi&th=1&psc=1"><img src="https://m.media-amazon.com/images/I/51aUpEuI0cL._SL500_.jpg" alt="Product Image"></a><p>First Aid Only 299 Piece All-Purpose First Aid Emergency Kit (FAO-442)</p><p>$17.49</p><a href="https://www.amazon.com/dp/B000069EYA?tag=eloabder-20&linkCode=osi&th=1&psc=1">View Product</a></div><div class="product"><a href="https://www.amazon.com/dp/B076FS9RYL?tag=eloabder-20&linkCode=osi&th=1&psc=1"><img src="https://m.media-amazon.com/images/I/51A3wOry1oL._SL500_.jpg" alt="Product Image"></a><p>General Medi 160 Piece First Aid Kit Bag Refill Kit - Includes Eyewash, Instant Cold Pack, Bandages,Emergency Blanket, Moleskin Pad, Gauze - Extra Replacement Medical Supplies for First Aid</p><p>$18.95</p><a href="https://www.amazon.com/dp/B076FS9RYL?tag=eloabder-20&linkCode=osi&th=1&psc=1">View Product</a></div><div class="product"><a href="https://www.amazon.com/dp/B0CMSVYQW5?tag=eloabder-20&linkCode=osi&th=1&psc=1"><img src="https://m.media-amazon.com/images/I/51R6OcPKsiL._SL500_.jpg" alt="Product Image"></a><p>AZEN 25 Pack Gauze Rolls Bandages, 3 in x 4.1 Yards, Premium Medical Supplies & First Aid Supplies, Bandage Wrap Vet Wrap, Mummy Wraps</p><p>$6.99 ($0.28 / Count)</p><a href="https://www.amazon.com/dp/B0CMSVYQW5?tag=eloabder-20&linkCode=osi&th=1&psc=1">View Product</a></div><div class="product"><a href="https://www.amazon.com/dp/B08P28JYCR?tag=eloabder-20&linkCode=osi&th=1&psc=1"><img src="https://m.media-amazon.com/images/I/51m0p4thWvL._SL500_.jpg" alt="Product Image"></a><p>First Aid Only OSHA-Compliant All-Purpose 100-Person Emergency First Aid Kit for Home, Work, and Travel, 335 Pieces</p><p>$35.65</p><a href="https://www.amazon.com/dp/B08P28JYCR?tag=eloabder-20&linkCode=osi&th=1&psc=1">View Product</a></div><div class="product"><a href="https://www.amazon.com/dp/B08P27LHJ4?tag=eloabder-20&linkCode=osi&th=1&psc=1"><img src="https://m.media-amazon.com/images/I/41Crt9xFJOL._SL500_.jpg" alt="Product Image"></a><p>First Aid Only 91248 OSHA-Compliant All-Purpose 50-Person Emergency First Aid Kit for Home, Work, and Travel, 260 Pieces</p><p>$21.99</p><a href="https://www.amazon.com/dp/B08P27LHJ4?tag=eloabder-20&linkCode=osi&th=1&psc=1">View Product</a></div><div class="product"><a href="https://www.amazon.com/dp/B0084GX1JO?tag=eloabder-20&linkCode=osi&th=1&psc=1"><img src="https://m.media-amazon.com/images/I/31BzSButj2S._SL500_.jpg" alt="Product Image"></a><p>First Aid Only FAE-7011 SmartCompliance Refill Burn Cream Packets, 10 Count</p><p>$3.99 ($0.40 / Count)</p><a href="https://www.amazon.com/dp/B0084GX1JO?tag=eloabder-20&linkCode=osi&th=1&psc=1">View Product</a></div><div class="product"><a href="https://www.amazon.com/dp/B093JSJ2ZF?tag=eloabder-20&linkCode=osi&th=1&psc=1"><img src="https://m.media-amazon.com/images/I/51zutl8x7pS._SL500_.jpg" alt="Product Image"></a><p>Ever Ready First Aid Disposable Cold Compress Therapy Instant Ice Pack for Injuries 4.5" x 7" - 6 Pack</p><p>$8.95 ($1.49 / Count)</p><a href="https://www.amazon.com/dp/B093JSJ2ZF?tag=eloabder-20&linkCode=osi&th=1&psc=1">View Product</a></div><div class="product"><a href="https://www.amazon.com/dp/B00CEK3D8U?tag=eloabder-20&linkCode=osi&th=1&psc=1"><img src="https://m.media-amazon.com/images/I/41JFciltbaL._SL500_.jpg" alt="Product Image"></a><p>First Aid Only 18-012 Hydrocortisone Cream Packets, 12 Count</p><p>$2.49 ($6.55 / Ounce)</p><a href="https://www.amazon.com/dp/B00CEK3D8U?tag=eloabder-20&linkCode=osi&th=1&psc=1">View Product</a></div><div class="product"><a href="https://www.amazon.com/dp/B01LX9UR77?tag=eloabder-20&linkCode=osi&th=1&psc=1"><img src="https://m.media-amazon.com/images/I/51A7ljiKvAL._SL500_.jpg" alt="Product Image"></a><p>Ever Ready First Aid Self Adherent Cohesive Bandages 3" x 5 Yards - 6 Count, Rainbow Colors</p><p>$9.95 ($1.66 / Count)</p><a href="https://www.amazon.com/dp/B01LX9UR77?tag=eloabder-20&linkCode=osi&th=1&psc=1">View Product</a></div>
<div class="product"><a href="https://www.amazon.com/dp/B0D1KXV9ZS?tag=eloabder-20&linkCode=osi&th=1&psc=1"><img src="https://m.media-amazon.com/images/I/311Liu9BWoL._SL500_.jpg" alt="Product Image"></a><p>Vagisil pH Balance Daily Freshening Wipes for Feminine Hygiene in Resealable Pouch, Gynecologist Tested & Hypoallergenic, 20 Wipes (Pack of 1)</p><p>$2.97 ($0.15 / Count)</p><a href="https://www.amazon.com/dp/B0D1KXV9ZS?tag=eloabder-20&linkCode=osi&th=1&psc=1">View Product</a></div><div class="product"><a href="https://www.amazon.com/dp/B000QXH4PK?tag=eloabder-20&linkCode=osi&th=1&psc=1"><img src="https://m.media-amazon.com/images/I/41SXL+-YzcL._SL500_.jpg" alt="Product Image"></a><p>Listerine Cool Mint Pocketpaks Breath Strips Kills Bad Breath Germs, 24-Strip Pack, 3 Pack</p><p>$5.72 ($0.08 / Count)</p><a href="https://www.amazon.com/dp/B000QXH4PK?tag=eloabder-20&linkCode=osi&th=1&psc=1">View Product</a></div><div class="product"><a href="https://www.amazon.com/dp/B0C7BF3ZPK?tag=eloabder-20&linkCode=osi&th=1&psc=1"><img src="https://m.media-amazon.com/images/I/41luSMM-7GL._SL500_.jpg" alt="Product Image"></a><p>Peri Bottle for Postpartum & Perineal Care,Portable Travel Bidet for Personal Hygiene Cleaning,16.9 OZ (1Green)</p><p>$14.49 ($14.49 / Count)</p><a href="https://www.amazon.com/dp/B0C7BF3ZPK?tag=eloabder-20&linkCode=osi&th=1&psc=1">View Product</a></div><div class="product"><a href="https://www.amazon.com/dp/B091MBD3Q3?tag=eloabder-20&linkCode=osi&th=1&psc=1"><img src="https://m.media-amazon.com/images/I/51y96dNQUfL._SL500_.jpg" alt="Product Image"></a><p>GuruNanda Tongue Scraper for Adults (2 Pack) with Travel Case, 420 Medical-Grade 100% Stainless Steel Tongue Cleaner, Aids in Fresh Breath & Oral Care</p><p>$4.97 ($2.48 / Count)</p><a href="https://www.amazon.com/dp/B091MBD3Q3?tag=eloabder-20&linkCode=osi&th=1&psc=1">View Product</a></div><div class="product"><a href="https://www.amazon.com/dp/B0CR9WN3Y1?tag=eloabder-20&linkCode=osi&th=1&psc=1"><img src="https://m.media-amazon.com/images/I/51quPRWZiIL._SL500_.jpg" alt="Product Image"></a><p>G.CATACC Dental Tools, Dental Pick Teeth Cleaning Tools, Dental Hygiene Kit, Plaque Remover for Teeth, Professional Stainless Steel Tooth Scraper Plaque Tartar Cleaner - with Case</p><p>$7.96</p><a href="https://www.amazon.com/dp/B0CR9WN3Y1?tag=eloabder-20&linkCode=osi&th=1&psc=1">View Product</a></div>
<div class="product"><a href="https://www.amazon.com/dp/B09F8FZ18G?tag=eloabder-20&linkCode=osi&th=1&psc=1"><img src="https://m.media-amazon.com/images/I/51WkgqQXqCL._SL500_.jpg" alt="Product Image"></a><p>Crest 3D White Advanced Luminous Mint Teeth Whitening Toothpaste, 3.7 oz Pack of 4 - Helps Remove Surface Stains, Whitens Teeth, Strengthens Tooth Enamel, Protects Against Cavities</p><p>$14.99 ($1.01 / Ounce)</p><a href="https://www.amazon.com/dp/B09F8FZ18G?tag=eloabder-20&linkCode=osi&th=1&psc=1">View Product</a></div><div class="product"><a href="https://www.amazon.com/dp/B005PLQIQ4?tag=eloabder-20&linkCode=osi&th=1&psc=1"><img src="https://m.media-amazon.com/images/I/51DOyE1fx2L._SL500_.jpg" alt="Product Image"></a><p>Crest + Scope Complete Whitening Toothpaste - Pack of 3, 5.4 Oz Tubes - Anticavity Fluoride Toothpaste - Fresh Breath, Kills Germs - Tartar Protection, Enamel Protection - Minty Fresh Flavor</p><p>$8.99 ($0.55 / Ounce)</p><a href="https://www.amazon.com/dp/B005PLQIQ4?tag=eloabder-20&linkCode=osi&th=1&psc=1">View Product</a></div><div class="product"><a href="https://www.amazon.com/dp/B01BNHREXE?tag=eloabder-20&linkCode=osi&th=1&psc=1"><img src="https://m.media-amazon.com/images/I/41J8piWJzLL._SL500_.jpg" alt="Product Image"></a><p>Colgate Baking Soda & Peroxide Toothpaste - Whitens Teeth, Fights Cavities & Removes Stains, Brisk Mint, 6 Ounce (Pack of 2)</p><p>$3.78 ($0.32 / Ounce)</p><a href="https://www.amazon.com/dp/B01BNHREXE?tag=eloabder-20&linkCode=osi&th=1&psc=1">View Product</a></div><div class="product"><a href="https://www.amazon.com/dp/B08S8QNW2K?tag=eloabder-20&linkCode=osi&th=1&psc=1"><img src="https://m.media-amazon.com/images/I/51uFURqklfL._SL500_.jpg" alt="Product Image"></a><p>Crest Complete Active Fresh + Whitening Toothpaste, 5.5oz (Pack of 4)</p><p>$10.99 ($0.50 / Ounce)</p><a href="https://www.amazon.com/dp/B08S8QNW2K?tag=eloabder-20&linkCode=osi&th=1&psc=1">View Product</a></div><div class="product"><a href="https://www.amazon.com/dp/B0BLJ68F9R?tag=eloabder-20&linkCode=osi&th=1&psc=1"><img src="https://m.media-amazon.com/images/I/51ccJX66fBL._SL500_.jpg" alt="Product Image"></a><p>Crest Pro-Health Clean Mint Toothpaste (4.3oz) Triple Pack</p><p>$8.97 ($0.70 / Ounce)</p><a href="https://www.amazon.com/dp/B0BLJ68F9R?tag=eloabder-20&linkCode=osi&th=1&psc=1">View Product</a></div><div class="product"><a href="https://www.amazon.com/dp/B07C1ZQ5ZY?tag=eloabder-20&linkCode=osi&th=1&psc=1"><img src="https://m.media-amazon.com/images/I/41RgpjDdTeL._SL500_.jpg" alt="Product Image"></a><p>Sensodyne Repair and Protect Whitening Toothpaste, Toothpaste for Sensitive Teeth and Cavity Prevention, 3.4 oz (Pack of 2)</p><p>$12.48 ($1.84 / Ounce)</p><a href="https://www.amazon.com/dp/B07C1ZQ5ZY?tag=eloabder-20&linkCode=osi&th=1&psc=1">View Product</a></div><div class="product"><a href="https://www.amazon.com/dp/B0CQKNQ2GR?tag=eloabder-20&linkCode=osi&th=1&psc=1"><img src="https://m.media-amazon.com/images/I/414VWUZJYvL._SL500_.jpg" alt="Product Image"></a><p>Crest 3D White Advanced Teeth Whitening Toothpaste, Radiant Mint, 3.3 oz, Pack of 3</p><p>$12.97 ($1.31 / Ounce)</p><a href="https://www.amazon.com/dp/B0CQKNQ2GR?tag=eloabder-20&linkCode=osi&th=1&psc=1">View Product</a></div><div class="product"><a href="https://www.amazon.com/dp/B082F1QH7S?tag=eloabder-20&linkCode=osi&th=1&psc=1"><img src="https://m.media-amazon.com/images/I/41QujaAN0gL._SL500_.jpg" alt="Product Image"></a><p>Colgate Optic White Advanced Hydrogen Peroxide Toothpaste, Teeth Whitening Toothpaste Pack, Enamel-Safe Formula, Helps Remove Tea, Coffee, and Wine Stains, Sparkling White, 3 Pack, 3.2 oz</p><p>$12.96 ($1.35 / Ounce)</p><a href="https://www.amazon.com/dp/B082F1QH7S?tag=eloabder-20&linkCode=osi&th=1&psc=1">View Product</a></div><div class="product"><a href="https://www.amazon.com/dp/B09VK1RKM8?tag=eloabder-20&linkCode=osi&th=1&psc=1"><img src="https://m.media-amazon.com/images/I/51Kb2dMe82L._SL500_.jpg" alt="Product Image"></a><p>Arm & Hammer Advance White Toothpaste, Clean Mint Flavor, Stain Defense Technology, 6 Ounce (Pack of 4)</p><p>$13.96 ($0.58 / Ounce)</p><a href="https://www.amazon.com/dp/B09VK1RKM8?tag=eloabder-20&linkCode=osi&th=1&psc=1">View Product</a></div>
<div class="product"><a href="https://www.amazon.com/dp/B00CC6XSRC?tag=eloabder-20&linkCode=osi&th=1&psc=1"><img src="https://m.media-amazon.com/images/I/41OKKVbMN-L._SL500_.jpg" alt="Product Image"></a><p>Colgate Extra Clean Toothbrush, Medium Bulk Toothbrush Pack, Adult Medium Bristle Toothbrushes with Ergonomic Handle and Circular Cleaning Bristles, Helps Remove Surface Stains, 6 Pack</p><p>$4.96 ($0.83 / Count)</p><a href="https://www.amazon.com/dp/B00CC6XSRC?tag=eloabder-20&linkCode=osi&th=1&psc=1">View Product</a></div><div class="product"><a href="https://www.amazon.com/dp/B06XK2M3H3?tag=eloabder-20&linkCode=osi&th=1&psc=1"><img src="https://m.media-amazon.com/images/I/41tntn0c7BL._SL500_.jpg" alt="Product Image"></a><p>Oral-B Vivid Dual Action Whitening Toothbrushes, Soft, 4 Count (Packaging and Product Color May Vary)</p><p>$7.69 ($1.92 / Count)</p><a href="https://www.amazon.com/dp/B06XK2M3H3?tag=eloabder-20&linkCode=osi&th=1&psc=1">View Product</a></div><div class="product"><a href="https://www.amazon.com/dp/B01KZ6V00W?tag=eloabder-20&linkCode=osi&th=1&psc=1"><img src="https://m.media-amazon.com/images/I/51+dIaobkXL._SL500_.jpg" alt="Product Image"></a><p>Oral-B CrossAction All In One Soft Toothbrushes, Deep Plaque Removal, Rounded Bristles Gentle on Teeth, Tongue and Cheek Cleaner, Gum Stimulators, 6 Count</p><p>$17.97 ($3.00 / Count)</p><a href="https://www.amazon.com/dp/B01KZ6V00W?tag=eloabder-20&linkCode=osi&th=1&psc=1">View Product</a></div><div class="product"><a href="https://www.amazon.com/dp/B08QWYMMYL?tag=eloabder-20&linkCode=osi&th=1&psc=1"><img src="https://m.media-amazon.com/images/I/41WAFKNB0iL._SL500_.jpg" alt="Product Image"></a><p>Amazon Basics Clean Plus Toothbrushes, Soft, Full, 10 Count, Assorted Colors (Previously Solimo)</p><p>$5.28 ($0.53 / Count)</p><a href="https://www.amazon.com/dp/B08QWYMMYL?tag=eloabder-20&linkCode=osi&th=1&psc=1">View Product</a></div><div class="product"><a href="https://www.amazon.com/dp/B07S9GV83R?tag=eloabder-20&linkCode=osi&th=1&psc=1"><img src="https://m.media-amazon.com/images/I/41ziiRLsaEL._SL500_.jpg" alt="Product Image"></a><p>Colgate 360 Optic White Advanced Whitening Toothbrush, Adult Medium Toothbrush with Whitening Cups, Helps Whiten Teeth and Removes Odor Causing Bacteria, 2 Pack</p><p>$6.96 ($3.48 / Count)</p><a href="https://www.amazon.com/dp/B07S9GV83R?tag=eloabder-20&linkCode=osi&th=1&psc=1">View Product</a></div><div class="product"><a href="https://www.amazon.com/dp/B09HSS29YD?tag=eloabder-20&linkCode=osi&th=1&psc=1"><img src="https://m.media-amazon.com/images/I/41nh2h+aUpL._SL500_.jpg" alt="Product Image"></a><p>Reach Essentials Toothbrush with Toothbrush Covers, Multi-Angled Medium Bristles, Contoured Handle, Tongue Scraper, 6 Count</p><p>$3.98 ($0.66 / Count)</p><a href="https://www.amazon.com/dp/B09HSS29YD?tag=eloabder-20&linkCode=osi&th=1&psc=1">View Product</a></div><div class="product"><a href="https://www.amazon.com/dp/B08JQCZ71B?tag=eloabder-20&linkCode=osi&th=1&psc=1"><img src="https://m.media-amazon.com/images/I/41Zvcj-EvDL._SL500_.jpg" alt="Product Image"></a><p>Reach Essentials Toothbrush with Toothbrush Caps, Multi-Zoned Angled Soft Bristles, Contoured Handle, Tongue Scraper, 6 Count</p><p>$3.98 ($0.66 / Count)</p><a href="https://www.amazon.com/dp/B08JQCZ71B?tag=eloabder-20&linkCode=osi&th=1&psc=1">View Product</a></div><div class="product"><a href="https://www.amazon.com/dp/B07MH9CH76?tag=eloabder-20&linkCode=osi&th=1&psc=1"><img src="https://m.media-amazon.com/images/I/41skjrL65LL._SL500_.jpg" alt="Product Image"></a><p>Oral-B Charcoal Toothbrushes, Medium 2ct</p><p>$5.67 ($2.84 / Count)</p><a href="https://www.amazon.com/dp/B07MH9CH76?tag=eloabder-20&linkCode=osi&th=1&psc=1">View Product</a></div><div class="product"><a href="https://www.amazon.com/dp/B005LB75NI?tag=eloabder-20&linkCode=osi&th=1&psc=1"><img src="https://m.media-amazon.com/images/I/41-l+TIj4rS._SL500_.jpg" alt="Product Image"></a><p>NIMBUS Extra Soft Toothbrushes (Regular Size Head), Periodontist Design Tapered Bristles for Sensitive Teeth & Receding Gums (5 Pack, Colors May Vary)</p><p>$18.99 ($3.80 / Count)</p><a href="https://www.amazon.com/dp/B005LB75NI?tag=eloabder-20&linkCode=osi&th=1&psc=1">View Product</a></div>
<div class="product"><a href="https://www.amazon.com/dp/B00IRKRK9O?tag=eloabder-20&linkCode=osi&th=1&psc=1"><img src="https://m.media-amazon.com/images/I/51oNh1DLVjL._SL500_.jpg" alt="Product Image"></a><p>TheraBreath Fresh Breath Mouthwash, Icy Mint Flavor, Alcohol-Free, 16 Fl Oz (Pack of 2)</p><p>$15.34 ($0.48 / Fl Oz)</p><a href="https://www.amazon.com/dp/B00IRKRK9O?tag=eloabder-20&linkCode=osi&th=1&psc=1">View Product</a></div><div class="product"><a href="https://www.amazon.com/dp/B08MFWB9DY?tag=eloabder-20&linkCode=osi&th=1&psc=1"><img src="https://m.media-amazon.com/images/I/41EFMnoVtWL._SL500_.jpg" alt="Product Image"></a><p>Listerine Cool Mint Mouthwash, Kills 99.9% of Germs That Cause Bad Breath, Plaque and Gingivitis, Antiseptic, Cool Mint Flavor, 1 L (Pack of 2)</p><p>$21.98 ($0.33 / Count)</p><a href="https://www.amazon.com/dp/B08MFWB9DY?tag=eloabder-20&linkCode=osi&th=1&psc=1">View Product</a></div><div class="product"><a href="https://www.amazon.com/dp/B0126XBQK6?tag=eloabder-20&linkCode=osi&th=1&psc=1"><img src="https://m.media-amazon.com/images/I/41nVZBcG4uL._SL500_.jpg" alt="Product Image"></a><p>Crest Pro-Health Advanced Mouthwash, Alcohol Free, Extra Whitening, Energizing Mint Flavor, 946 mL (32 fl oz)</p><p>$7.32 ($0.23 / Fl Oz)</p><a href="https://www.amazon.com/dp/B0126XBQK6?tag=eloabder-20&linkCode=osi&th=1&psc=1">View Product</a></div><div class="product"><a href="https://www.amazon.com/dp/B0B5Y2G4HH?tag=eloabder-20&linkCode=osi&th=1&psc=1"><img src="https://m.media-amazon.com/images/I/41KhoumiQGL._SL500_.jpg" alt="Product Image"></a><p>Listerine Freshburst Antiseptic Mouthwash for Bad Breath, Kills 99% of Germs That Cause Bad Breath & Fight Plaque & Gingivitis, ADA Accepted Mouthwash, Spearmint, 1 L, Pack of 2</p><p>$13.96 ($0.21 / Fl Oz)</p><a href="https://www.amazon.com/dp/B0B5Y2G4HH?tag=eloabder-20&linkCode=osi&th=1&psc=1">View Product</a></div><div class="product"><a href="https://www.amazon.com/dp/B09HH8SDR6?tag=eloabder-20&linkCode=osi&th=1&psc=1"><img src="https://m.media-amazon.com/images/I/31hUvGiWasL._SL500_.jpg" alt="Product Image"></a><p>Amazon Basics Antiseptic Mouthwash, Blue Mint, 1 Litre, 33.8 Fluid Ounces, 1-Pack (Previously Solimo)</p><p>$6.24 ($0.18 / Fl Oz)</p><a href="https://www.amazon.com/dp/B09HH8SDR6?tag=eloabder-20&linkCode=osi&th=1&psc=1">View Product</a></div><div class="product"><a href="https://www.amazon.com/dp/B003CP12O8?tag=eloabder-20&linkCode=osi&th=1&psc=1"><img src="https://m.media-amazon.com/images/I/41q24Q+sXGL._SL500_.jpg" alt="Product Image"></a><p>Crest Pro Health Multi-Protection Mouthwash with CPC (Cetylpyridinium Chloride), Clean Mint, 1L (33.8 fl oz)</p><p>$4.97 ($0.05 / Fl Oz)</p><a href="https://www.amazon.com/dp/B003CP12O8?tag=eloabder-20&linkCode=osi&th=1&psc=1">View Product</a></div><div class="product"><a href="https://www.amazon.com/dp/B0B5Y7KCS8?tag=eloabder-20&linkCode=osi&th=1&psc=1"><img src="https://m.media-amazon.com/images/I/51Dmtgp-2ZL._SL500_.jpg" alt="Product Image"></a><p>Listerine Total Care Anticavity Fluoride Mouthwash, Kills 99.9% of Germs That cause Bad Breath and Prevents Cavities, Fresh Mint Flavor, 1L (Pack of 2)</p><p>$15.96 ($0.24 / Fl Oz)</p><a href="https://www.amazon.com/dp/B0B5Y7KCS8?tag=eloabder-20&linkCode=osi&th=1&psc=1">View Product</a></div><div class="product"><a href="https://www.amazon.com/dp/B001ET76AI?tag=eloabder-20&linkCode=osi&th=1&psc=1"><img src="https://m.media-amazon.com/images/I/516FU3AGpJL._SL500_.jpg" alt="Product Image"></a><p>TheraBreath Fresh Breath Mouthwash, Mild Mint Flavor, Alcohol-Free, 16 Fl Oz (2-Pack)</p><p>$15.34 ($0.48 / Fl Oz)</p><a href="https://www.amazon.com/dp/B001ET76AI?tag=eloabder-20&linkCode=osi&th=1&psc=1">View Product</a></div><div class="product"><a href="https://www.amazon.com/dp/B0C881GLNM?tag=eloabder-20&linkCode=osi&th=1&psc=1"><img src="https://m.media-amazon.com/images/I/51C2ohy2RWL._SL500_.jpg" alt="Product Image"></a><p>Crest Pro-Health Advanced Mouthwash, Alcohol Free, Multi-Protection, Fresh Mint, 1 L (33.8 fl oz), Pack of 2</p><p>$10.97 ($0.16 / Fl Oz)</p><a href="https://www.amazon.com/dp/B0C881GLNM?tag=eloabder-20&linkCode=osi&th=1&psc=1">View Product</a></div>
<div class="product"><a href="https://www.amazon.com/dp/B0828J5DJ3?tag=eloabder-20&linkCode=osi&th=1&psc=1"><img src="https://m.media-amazon.com/images/I/419pebc+HXL._SL500_.jpg" alt="Product Image"></a><p>Edge Shaving Gel for Men, Sensitive Skin with Aloe, 7oz (3 Pack) - Shaving Gel For Men That Moisturizes, Protects, and Soothes To Help Reduce Skin Irritation (Packaging May Vary)</p><p>$9.71 ($0.46 / Ounce)</p><a href="https://www.amazon.com/dp/B0828J5DJ3?tag=eloabder-20&linkCode=osi&th=1&psc=1">View Product</a></div><div class="product"><a href="https://www.amazon.com/dp/B00NERPNYE?tag=eloabder-20&linkCode=osi&th=1&psc=1"><img src="https://m.media-amazon.com/images/I/41W0Es9KyqL._SL500_.jpg" alt="Product Image"></a><p>Gillette Series 3X Action Shave Gel, Sensitive Twin Pack, 7 Oz (Pack of 2)</p><p>$5.97 ($0.43 / Fl Oz)</p><a href="https://www.amazon.com/dp/B00NERPNYE?tag=eloabder-20&linkCode=osi&th=1&psc=1">View Product</a></div><div class="product"><a href="https://www.amazon.com/dp/B00O4QAF9C?tag=eloabder-20&linkCode=osi&th=1&psc=1"><img src="https://m.media-amazon.com/images/I/41RVD6l-hrL._SL500_.jpg" alt="Product Image"></a><p>NIVEA MEN Sensitive Shave Gel with Vitamin E, Soothing Chamomile and Witch Hazel Extracts, No Drying Alcohols, 3 Pack of 7 Oz Cans</p><p>$12.29 ($0.59 / Ounce)</p><a href="https://www.amazon.com/dp/B00O4QAF9C?tag=eloabder-20&linkCode=osi&th=1&psc=1">View Product</a></div><div class="product"><a href="https://www.amazon.com/dp/B001KYQF3Q?tag=eloabder-20&linkCode=osi&th=1&psc=1"><img src="https://m.media-amazon.com/images/I/31s+x9rJ-qL._SL500_.jpg" alt="Product Image"></a><p>eos Shea Better Shaving Cream- Pomegranate Raspberry, Women's Shave Cream, Skin Care, Doubles as an In-Shower Lotion, 24-Hour Hydration, 7 fl oz</p><p>$3.97 ($0.57 / Fl Oz)</p><a href="https://www.amazon.com/dp/B001KYQF3Q?tag=eloabder-20&linkCode=osi&th=1&psc=1">View Product</a></div><div class="product"><a href="https://www.amazon.com/dp/B001E5E9RK?tag=eloabder-20&linkCode=osi&th=1&psc=1"><img src="https://m.media-amazon.com/images/I/515y2aCFbpL._SL500_.jpg" alt="Product Image"></a><p>Gillette Foamy Shaving Cream, Sensitive Skin, 11 Ounce (Pack of 12)</p><p>$16.74 ($0.25 / Ounce)</p><a href="https://www.amazon.com/dp/B001E5E9RK?tag=eloabder-20&linkCode=osi&th=1&psc=1">View Product</a></div><div class="product"><a href="https://www.amazon.com/dp/B01ALAVIK4?tag=eloabder-20&linkCode=osi&th=1&psc=1"><img src="https://m.media-amazon.com/images/I/41VmDEGM01L._SL500_.jpg" alt="Product Image"></a><p>Gillette Satin Care Ultra Sensitive Shave Gel for Women, Pack of 2, 7oz Each, Frangrance Free</p><p>$5.27 ($0.38 / Fl Oz)</p><a href="https://www.amazon.com/dp/B01ALAVIK4?tag=eloabder-20&linkCode=osi&th=1&psc=1">View Product</a></div><div class="product"><a href="https://www.amazon.com/dp/B00MW3AIHI?tag=eloabder-20&linkCode=osi&th=1&psc=1"><img src="https://m.media-amazon.com/images/I/51Bxum4jbHL._SL500_.jpg" alt="Product Image"></a><p>Barbasol Thick and Rich Shaving Cream, Original 10 oz (Pack of 2)</p><p>$12.47 ($0.12 / Ounce)</p><a href="https://www.amazon.com/dp/B00MW3AIHI?tag=eloabder-20&linkCode=osi&th=1&psc=1">View Product</a></div><div class="product"><a href="https://www.amazon.com/dp/B00005338S?tag=eloabder-20&linkCode=osi&th=1&psc=1"><img src="https://m.media-amazon.com/images/I/31tOr1F5ErL._SL500_.jpg" alt="Product Image"></a><p>Gillette Foamy Regular Shaving Foam, 2 oz</p><p>$1.29 ($0.64 / Ounce)</p><a href="https://www.amazon.com/dp/B00005338S?tag=eloabder-20&linkCode=osi&th=1&psc=1">View Product</a></div><div class="product"><a href="https://www.amazon.com/dp/B00Q1L9Q0W?tag=eloabder-20&linkCode=osi&th=1&psc=1"><img src="https://m.media-amazon.com/images/I/41m5NDPkYuL._SL500_.jpg" alt="Product Image"></a><p>Barbasol Thick & Rich Shaving Cream, Original 10 oz (Value Pack of 3)</p><p>$14.50 ($4.83 / Count)</p><a href="https://www.amazon.com/dp/B00Q1L9Q0W?tag=eloabder-20&linkCode=osi&th=1&psc=1">View Product</a></div>
<div class="product"><a href="https://www.amazon.com/dp/B01H4KQYJY?tag=eloabder-20&linkCode=osi&th=1&psc=1"><img src="https://m.media-amazon.com/images/I/41p2XO+cG8S._SL500_.jpg" alt="Product Image"></a><p>Dorco 100 Piece Prime Double Edge Razor Blades</p><p>$11.25 ($0.11 / Count)</p><a href="https://www.amazon.com/dp/B01H4KQYJY?tag=eloabder-20&linkCode=osi&th=1&psc=1">View Product</a></div><div class="product"><a href="https://www.amazon.com/dp/B07CZCQ481?tag=eloabder-20&linkCode=osi&th=1&psc=1"><img src="https://m.media-amazon.com/images/I/51fV12qs95L._SL500_.jpg" alt="Product Image"></a><p>Amazon Basics 5-Blade MotionSphere Razor for Men with Dual Lubrication and Precision Trimmer, Handle & 16 Cartridges, Cartridges fit, Razor Handles only, 17 Piece Set, Black</p><p>$20.99 ($1.31 / Count)</p><a href="https://www.amazon.com/dp/B07CZCQ481?tag=eloabder-20&linkCode=osi&th=1&psc=1">View Product</a></div><div class="product"><a href="https://www.amazon.com/dp/B0039LMTAQ?tag=eloabder-20&linkCode=osi&th=1&psc=1"><img src="https://m.media-amazon.com/images/I/51tkDAVkmCL._SL500_.jpg" alt="Product Image"></a><p>Gillette Venus Sensitive Women's Disposable Razors - Single Package of 3 Razors</p><p>$6.94</p><a href="https://www.amazon.com/dp/B0039LMTAQ?tag=eloabder-20&linkCode=osi&th=1&psc=1">View Product</a></div><div class="product"><a href="https://www.amazon.com/dp/B0787JNN97?tag=eloabder-20&linkCode=osi&th=1&psc=1"><img src="https://m.media-amazon.com/images/I/41H+SqazA0L._SL500_.jpg" alt="Product Image"></a><p>BIC Soleil Smooth Colors Women's Disposable Razors With Aloe Vera and vitamin E Lubricating Strip for Enhanced Glide, With 3 Blades, 14 Count</p><p>$14.75 ($1.05 / Count)</p><a href="https://www.amazon.com/dp/B0787JNN97?tag=eloabder-20&linkCode=osi&th=1&psc=1">View Product</a></div><div class="product"><a href="https://www.amazon.com/dp/B0001LQGPG?tag=eloabder-20&linkCode=osi&th=1&psc=1"><img src="https://m.media-amazon.com/images/I/51V5N3IVEwL._SL500_.jpg" alt="Product Image"></a><p>Gillette Sensor3 Sensitive Men's Disposable Razor, 4 Razors</p><p>$6.97 ($1.74 / Count)</p><a href="https://www.amazon.com/dp/B0001LQGPG?tag=eloabder-20&linkCode=osi&th=1&psc=1">View Product</a></div><div class="product"><a href="https://www.amazon.com/dp/B000R2WYYQ?tag=eloabder-20&linkCode=osi&th=1&psc=1"><img src="https://m.media-amazon.com/images/I/51EexRfTCRL._SL500_.jpg" alt="Product Image"></a><p>BIC Single Blade Razor, Sensitive, 12 ct</p><p>$3.32 ($0.28 / Count)</p><a href="https://www.amazon.com/dp/B000R2WYYQ?tag=eloabder-20&linkCode=osi&th=1&psc=1">View Product</a></div><div class="product"><a href="https://www.amazon.com/dp/B07CYN88NJ?tag=eloabder-20&linkCode=osi&th=1&psc=1"><img src="https://m.media-amazon.com/images/I/41w0Vc7n8wL._SL500_.jpg" alt="Product Image"></a><p>Amazon Basics 5-Blade Razor for Women, Handle, 12 Cartridges & Shower Hanger (Cartridges fit Amazon Basics Razor Handles only) 14 Piece Set, Blue</p><p>$20.38 ($1.70 / Count)</p><a href="https://www.amazon.com/dp/B07CYN88NJ?tag=eloabder-20&linkCode=osi&th=1&psc=1">View Product</a></div><div class="product"><a href="https://www.amazon.com/dp/B0CP6JTQ4X?tag=eloabder-20&linkCode=osi&th=1&psc=1"><img src="https://m.media-amazon.com/images/I/51XrHMi-S5L._SL500_.jpg" alt="Product Image"></a><p>Gillette Sensor3 Comfort Men's Disposable Razors, 12 Razors</p><p>$14.97 ($1.25 / Count)</p><a href="https://www.amazon.com/dp/B0CP6JTQ4X?tag=eloabder-20&linkCode=osi&th=1&psc=1">View Product</a></div><div class="product"><a href="https://www.amazon.com/dp/B07DZYGDSF?tag=eloabder-20&linkCode=osi&th=1&psc=1"><img src="https://m.media-amazon.com/images/I/51mFm+GwEZL._SL500_.jpg" alt="Product Image"></a><p>Gillette Fusion ProGlide Razors, Men 1 Gillette Razor, 4 Razor Blade Refills, Shields Against Skin Irritation</p><p>$19.99 ($4.00 / Count)</p><a href="https://www.amazon.com/dp/B07DZYGDSF?tag=eloabder-20&linkCode=osi&th=1&psc=1">View Product</a></div><div class="product"><a href="https://www.amazon.com/dp/B003EMNITQ?tag=eloabder-20&linkCode=osi&th=1&psc=1"><img src="https://m.media-amazon.com/images/I/41aNcEj3ViL._SL500_.jpg" alt="Product Image"></a><p>Gillette Venus ComfortGlide White Tea Women's Razor Blade Refills, 6 Count</p><p>$21.97 ($3.66 / Count)</p><a href="https://www.amazon.com/dp/B003EMNITQ?tag=eloabder-20&linkCode=osi&th=1&psc=1">View Product</a></div>
<div class="product"><a href="https://www.amazon.com/dp/B072J2ZBPY?tag=eloabder-20&linkCode=osi&th=1&psc=1"><img src="https://m.media-amazon.com/images/I/41Th2KQyzlL._SL500_.jpg" alt="Product Image"></a><p>Degree Men UltraClear Antiperspirant Deodorant Black + White 72-Hour Sweat & Odor Protection Antiperspirant For Men With MotionSense Technology 2.7 Ounce (Pack of 4)</p><p>$19.73 ($1.83 / Ounce)</p><a href="https://www.amazon.com/dp/B072J2ZBPY?tag=eloabder-20&linkCode=osi&th=1&psc=1">View Product</a></div><div class="product"><a href="https://www.amazon.com/dp/B07GB3NVN1?tag=eloabder-20&linkCode=osi&th=1&psc=1"><img src="https://m.media-amazon.com/images/I/31BnXaLnMWL._SL500_.jpg" alt="Product Image"></a><p>Native Deodorant Contains Naturally Derived Ingredients, 72 Hour Odor Control | Deodorant for Women and Men, Aluminum Free with Baking Soda, Coconut Oil and Shea Butter | Coconut & Vanilla</p><p>$12.97 ($4.89 / Ounce)</p><a href="https://www.amazon.com/dp/B07GB3NVN1?tag=eloabder-20&linkCode=osi&th=1&psc=1">View Product</a></div><div class="product"><a href="https://www.amazon.com/dp/B00TPRG5D0?tag=eloabder-20&linkCode=osi&th=1&psc=1"><img src="https://m.media-amazon.com/images/I/61Ezqbe7QUL._SL500_.jpg" alt="Product Image"></a><p>Degree Men Original Antiperspirant Deodorant Cool Rush Twin Pack 48-Hour Sweat & Odor Protection Antiperspirant For Men 2.7 oz</p><p>$6.27 ($1.16 / Ounce)</p><a href="https://www.amazon.com/dp/B00TPRG5D0?tag=eloabder-20&linkCode=osi&th=1&psc=1">View Product</a></div><div class="product"><a href="https://www.amazon.com/dp/B08ZH6P1NY?tag=eloabder-20&linkCode=osi&th=1&psc=1"><img src="https://m.media-amazon.com/images/I/51D2Klixa3L._SL500_.jpg" alt="Product Image"></a><p>Speed Stick Men's Deodorant, Regular, 3 Ounce, 4 Pack</p><p>$8.97 ($0.75 / Ounce)</p><a href="https://www.amazon.com/dp/B08ZH6P1NY?tag=eloabder-20&linkCode=osi&th=1&psc=1">View Product</a></div><div class="product"><a href="https://www.amazon.com/dp/B0080PEM3S?tag=eloabder-20&linkCode=osi&th=1&psc=1"><img src="https://m.media-amazon.com/images/I/61a+r3V48HL._SL500_.jpg" alt="Product Image"></a><p>Degree Advanced Protection Antiperspirant Deodorant White Flowers & Lychee for 72-Hour Sweat & Odor Control for Women, with Body Heat Activated Technology, 2.6 oz</p><p>$4.99 ($1.92 / Ounce)</p><a href="https://www.amazon.com/dp/B0080PEM3S?tag=eloabder-20&linkCode=osi&th=1&psc=1">View Product</a></div><div class="product"><a href="https://www.amazon.com/dp/B002VUAM46?tag=eloabder-20&linkCode=osi&th=1&psc=1"><img src="https://m.media-amazon.com/images/I/51+tUdTWg0L._SL500_.jpg" alt="Product Image"></a><p>Degree Men Antiperspirant Deodorant Adventure Freshness and Odor Protection Deodorant for Men 2.7 Oz, (Pack of 4) Woodsy, Stick</p><p>$10.38 ($0.96 / Ounce)</p><a href="https://www.amazon.com/dp/B002VUAM46?tag=eloabder-20&linkCode=osi&th=1&psc=1">View Product</a></div><div class="product"><a href="https://www.amazon.com/dp/B01HTJTPZA?tag=eloabder-20&linkCode=osi&th=1&psc=1"><img src="https://m.media-amazon.com/images/I/618IrjjMkUL._SL500_.jpg" alt="Product Image"></a><p>Dove Advanced Care Antiperspirant Deodorant Stick Cool Essentials 4 ct for helping your skin barrier repair after shaving 72 hour odor control and sweat protection with Pro Ceramide Technology 2.6 oz</p><p>$16.98 ($1.63 / Ounce)</p><a href="https://www.amazon.com/dp/B01HTJTPZA?tag=eloabder-20&linkCode=osi&th=1&psc=1">View Product</a></div><div class="product"><a href="https://www.amazon.com/dp/B08NYHVJ5N?tag=eloabder-20&linkCode=osi&th=1&psc=1"><img src="https://m.media-amazon.com/images/I/51s98nEidOL._SL500_.jpg" alt="Product Image"></a><p>Old Spice Aluminum Free Deodorant for Men, High Endurance Sport, 24/7 Odor Protection, 3 Oz Each, (Pack Of 3)</p><p>$14.43 ($3.61 / Count)</p><a href="https://www.amazon.com/dp/B08NYHVJ5N?tag=eloabder-20&linkCode=osi&th=1&psc=1">View Product</a></div><div class="product"><a href="https://www.amazon.com/dp/B01HTJTMF8?tag=eloabder-20&linkCode=osi&th=1&psc=1"><img src="https://m.media-amazon.com/images/I/61k+x5yZyML._SL500_.jpg" alt="Product Image"></a><p>Dove Men + Care Antiperspirant Deodorant, 72hr Sweat & Odor Protection, Vitamin E, Triple Moisturizer, 4 Pack</p><p>$18.48 ($1.71 / Ounce)</p><a href="https://www.amazon.com/dp/B01HTJTMF8?tag=eloabder-20&linkCode=osi&th=1&psc=1">View Product</a></div><div class="product"><a href="https://www.amazon.com/dp/B08WYXNVQ7?tag=eloabder-20&linkCode=osi&th=1&psc=1"><img src="https://m.media-amazon.com/images/I/31n90+gYyKL._SL500_.jpg" alt="Product Image"></a><p>SALT & STONE Natural Deodorant - Santal & Vetiver | Extra Strength Natural Deodorant for Women & Men | Aluminum Free with Seaweed Extracts, Shea Butter & Probiotics | Free From Parabens & Sulfates</p><p>$20.00 ($7.69 / Ounce)</p><a href="https://www.amazon.com/dp/B08WYXNVQ7?tag=eloabder-20&linkCode=osi&th=1&psc=1">View Product</a></div>

<div class="product"><a href="https://www.amazon.com/dp/B00ADRH2OM?tag=eloabder-20&linkCode=osi&th=1&psc=1"><img src="https://m.media-amazon.com/images/I/413WPcPNDbL._SL500_.jpg" alt="Product Image"></a><p>OGX Thick & Full + Biotin & Collagen Volumizing Shampoo, Nutrient-Infused Hair Shampoo with Vitamin B7 Biotin Gives Hair Volume & Body for 72+ Hours, Sulfate-Free Surfactants, 13 fl. oz</p><p>$6.97 ($0.54 / Fl Oz)</p><a href="https://www.amazon.com/dp/B00ADRH2OM?tag=eloabder-20&linkCode=osi&th=1&psc=1">View Product</a></div><div class="product"><a href="https://www.amazon.com/dp/B082YG62JM?tag=eloabder-20&linkCode=osi&th=1&psc=1"><img src="https://m.media-amazon.com/images/I/31c5qlF0nYL._SL500_.jpg" alt="Product Image"></a><p>Acure Shampoo 100% Vegan, Ultra Hydrating Moisture & Omega Fatty Acids, , Yellow Argan Oil & Pumpkin, 8 Fl Oz</p><p>$9.99 ($1.25 / Fl Oz)</p><a href="https://www.amazon.com/dp/B082YG62JM?tag=eloabder-20&linkCode=osi&th=1&psc=1">View Product</a></div><div class="product"><a href="https://www.amazon.com/dp/B008J2GP9G?tag=eloabder-20&linkCode=osi&th=1&psc=1"><img src="https://m.media-amazon.com/images/I/31BkIKu3HgL._SL500_.jpg" alt="Product Image"></a><p>OGX Renewing + Argan Oil of Morocco Shampoo, Damage Repair Shampoo & Argan Oil to Help Strengthen & Repair Dry, Damaged Hair, Paraben-Free, Sulfate-Free Surfactants, 25.4 fl. oz</p><p>$12.28 ($0.48 / Fl Oz)</p><a href="https://www.amazon.com/dp/B008J2GP9G?tag=eloabder-20&linkCode=osi&th=1&psc=1">View Product</a></div><div class="product"><a href="https://www.amazon.com/dp/B00AINMFAC?tag=eloabder-20&linkCode=osi&th=1&psc=1"><img src="https://m.media-amazon.com/images/I/41D7x04cFtL._SL500_.jpg" alt="Product Image"></a><p>Nizoral Anti-Dandruff Shampoo with 1% Ketoconazole, Fresh Scent, 7 Fl Oz</p><p>$15.88 ($2.27 / Fl Oz)</p><a href="https://www.amazon.com/dp/B00AINMFAC?tag=eloabder-20&linkCode=osi&th=1&psc=1">View Product</a></div><div class="product"><a href="https://www.amazon.com/dp/B082YGK39W?tag=eloabder-20&linkCode=osi&th=1&psc=1"><img src="https://m.media-amazon.com/images/I/31ZzE6IMgGL._SL500_.jpg" alt="Product Image"></a><p>Acure Vivacious Volume Shampoo | Revitalize and Volumize: Mint and Echinacea Infused Regimen for Fine, Fragile Hair, 8 Fl Oz</p><p>$6.39</p><a href="https://www.amazon.com/dp/B082YGK39W?tag=eloabder-20&linkCode=osi&th=1&psc=1">View Product</a></div><div class="product"><a href="https://www.amazon.com/dp/B00OO0J9UY?tag=eloabder-20&linkCode=osi&th=1&psc=1"><img src="https://m.media-amazon.com/images/I/6111IvzP9vL._SL500_.jpg" alt="Product Image"></a><p>SheaMoisture Intensive Hydration Shampoo for Dry, Damaged Hair Manuka Honey and Mafura Oil Sulfate-Free 13 oz</p><p>$9.68 ($0.74 / Fl Oz)</p><a href="https://www.amazon.com/dp/B00OO0J9UY?tag=eloabder-20&linkCode=osi&th=1&psc=1">View Product</a></div><div class="product"><a href="https://www.amazon.com/dp/B08RG1LQGL?tag=eloabder-20&linkCode=osi&th=1&psc=1"><img src="https://m.media-amazon.com/images/I/31leNyYQAaL._SL500_.jpg" alt="Product Image"></a><p>365 By Whole Foods Market, Moisture & Shine Shampoo Lavender, 32 Fl Oz</p><p>$8.10 ($0.25 / Fl Oz)</p><a href="https://www.amazon.com/dp/B08RG1LQGL?tag=eloabder-20&linkCode=osi&th=1&psc=1">View Product</a></div><div class="product"><a href="https://www.amazon.com/dp/B08RG15SLJ?tag=eloabder-20&linkCode=osi&th=1&psc=1"><img src="https://m.media-amazon.com/images/I/413+ccliIaL._SL500_.jpg" alt="Product Image"></a><p>365 by Whole Foods Market, Volume & Thick Shampoo Rosemary Mint, 32 Fl Oz</p><p>$11.49 ($0.36 / Fl Oz)</p><a href="https://www.amazon.com/dp/B08RG15SLJ?tag=eloabder-20&linkCode=osi&th=1&psc=1">View Product</a></div>
<div class="product"><a href="https://www.amazon.com/dp/B0048F38DY?tag=eloabder-20&linkCode=osi&th=1&psc=1"><img src="https://m.media-amazon.com/images/I/41GrHa75nWL._SL500_.jpg" alt="Product Image"></a><p>OGX Renewing + Argan Oil of Morocco Conditioner, Repair Conditioner & Argan Oil Helps Strengthen & Repair Dry, Damaged Hair, Paraben-Free, Sulfate-Free Surfactants, 13 fl. oz</p><p>$6.97 ($0.54 / Fl Oz)</p><a href="https://www.amazon.com/dp/B0048F38DY?tag=eloabder-20&linkCode=osi&th=1&psc=1">View Product</a></div><div class="product"><a href="https://www.amazon.com/dp/B00OVQO66S?tag=eloabder-20&linkCode=osi&th=1&psc=1"><img src="https://m.media-amazon.com/images/I/61S7x6GUaFL._SL500_.jpg" alt="Product Image"></a><p>SheaMoisture Conditioner Intensive Hydration for Dry, Damaged Hair Manuka Honey and Mafura Oil to Nourish and Soften Hair 13 oz</p><p>$9.68 ($0.74 / Fl Oz)</p><a href="https://www.amazon.com/dp/B00OVQO66S?tag=eloabder-20&linkCode=osi&th=1&psc=1">View Product</a></div><div class="product"><a href="https://www.amazon.com/dp/B00ADR6M2U?tag=eloabder-20&linkCode=osi&th=1&psc=1"><img src="https://m.media-amazon.com/images/I/41m-SPUM-nL._SL500_.jpg" alt="Product Image"></a><p>OGX Thick & Full + Biotin & Collagen Volumizing Conditioner, Nutrient-Infused Conditioner with Vitamin B7 Biotin Gives Hair Volume & Body for 72+ Hours, Sulfate-Free Surfactants, 13 fl. Oz</p><p>$6.97 ($0.54 / Fl Oz)</p><a href="https://www.amazon.com/dp/B00ADR6M2U?tag=eloabder-20&linkCode=osi&th=1&psc=1">View Product</a></div><div class="product"><a href="https://www.amazon.com/dp/B000TG850M?tag=eloabder-20&linkCode=osi&th=1&psc=1"><img src="https://m.media-amazon.com/images/I/31TYCRS9xuL._SL500_.jpg" alt="Product Image"></a><p>OGX Nourishing + Coconut Milk Conditioner, Hydrating & Restoring Conditioner Moisturizes for Soft Hair After the First Use, Parabens-Free, Sulfate-Free Surfactants, 13 fl. Oz</p><p>$6.97 ($0.54 / Fl Oz)</p><a href="https://www.amazon.com/dp/B000TG850M?tag=eloabder-20&linkCode=osi&th=1&psc=1">View Product</a></div><div class="product"><a href="https://www.amazon.com/dp/B008OL3VW6?tag=eloabder-20&linkCode=osi&th=1&psc=1"><img src="https://m.media-amazon.com/images/I/31tIRt0xMJL._SL500_.jpg" alt="Product Image"></a><p>Avalon Organics Therapy Thickening Conditioner, Biotin B-Complex, 32 Oz</p><p>$17.38 ($0.54 / Ounce)</p><a href="https://www.amazon.com/dp/B008OL3VW6?tag=eloabder-20&linkCode=osi&th=1&psc=1">View Product</a></div><div class="product"><a href="https://www.amazon.com/dp/B0128QFSPK?tag=eloabder-20&linkCode=osi&th=1&psc=1"><img src="https://m.media-amazon.com/images/I/31lrVfnasLL._SL500_.jpg" alt="Product Image"></a><p>OGX Quenching + Coconut Curls Curl-Defining Conditioner, Nourishing Curly Hair Conditioner with Coconut /Citrus Oil & Honey, Paraben-Free with Sulfate-Free Surfactants, 13oz</p><p>$6.97 ($0.54 / Fl Oz)</p><a href="https://www.amazon.com/dp/B0128QFSPK?tag=eloabder-20&linkCode=osi&th=1&psc=1">View Product</a></div><div class="product"><a href="https://www.amazon.com/dp/B00V6GPXZO?tag=eloabder-20&linkCode=osi&th=1&psc=1"><img src="https://m.media-amazon.com/images/I/41PW2fckFML._SL500_.jpg" alt="Product Image"></a><p>SheaMoisture Conditioner 100% Pure Jamaican Black Castor Oil to Intensely Smooth and Nourish Hair with Shea Butter, Peppermint and Apple Cider Vinegar 13 oz</p><p>$9.68 ($0.74 / Fl Oz)</p><a href="https://www.amazon.com/dp/B00V6GPXZO?tag=eloabder-20&linkCode=osi&th=1&psc=1">View Product</a></div><div class="product"><a href="https://www.amazon.com/dp/B000VEJVCI?tag=eloabder-20&linkCode=osi&th=1&psc=1"><img src="https://m.media-amazon.com/images/I/21qrX8H4+-L._SL500_.jpg" alt="Product Image"></a><p>Paul Mitchell The Conditioner Original Leave-In, Balances Moisture, For All Hair Types, 16.9 fl. oz.</p><p>$21.00 ($1.24 / Fl Oz)</p><a href="https://www.amazon.com/dp/B000VEJVCI?tag=eloabder-20&linkCode=osi&th=1&psc=1">View Product</a></div>
<div class="product"><a href="https://www.amazon.com/dp/B0BZGRCBY4?tag=eloabder-20&linkCode=osi&th=1&psc=1"><img src="https://m.media-amazon.com/images/I/31qfcnEuzhL._SL500_.jpg" alt="Product Image"></a><p>eos Shea Better Body Lotion- Fresh & Cozy, 24-Hour Moisture Skin Care, Lightweight & Non-Greasy, Made with Natural Shea, Vegan, 16 Fl Oz (Pack of 1)</p><p>$8.98 ($0.56 / Fl Oz)</p><a href="https://www.amazon.com/dp/B0BZGRCBY4?tag=eloabder-20&linkCode=osi&th=1&psc=1">View Product</a></div>

<div class="product"><a href="https://www.amazon.com/dp/B0719GRD5R?tag=eloabder-20&linkCode=osi&th=1&psc=1"><img src="https://m.media-amazon.com/images/I/41YE7bBHNCL._SL500_.jpg" alt="Product Image"></a><p>Clean & Clear Deep Action Exfoliating Cleanser with Pro-Vitamin B5, Gentle Exfoliating Daily Face Scrub Cleans Deep Down to the Pore for Soft, Smooth, Hydrated Skin, Oil Free Face Wash, 7 FL OZ</p><p>$5.32 ($0.76 / Fl Oz)</p><a href="https://www.amazon.com/dp/B0719GRD5R?tag=eloabder-20&linkCode=osi&th=1&psc=1">View Product</a></div><div class="product"><a href="https://www.amazon.com/dp/B088S1685Y?tag=eloabder-20&linkCode=osi&th=1&psc=1"><img src="https://m.media-amazon.com/images/I/310l8Je7mSL._SL500_.jpg" alt="Product Image"></a><p>Neutrogena Skin Balancing Milky Cleanser with 2% Polyhydroxy Acid (PHA), Soothing & Moisturizing Face Wash for Dry & Sensitive Skin, Paraben-Free, Soap-Free, Sulfate-Free, 6.3 oz</p><p>$3.94 ($0.63 / Fl Oz)</p><a href="https://www.amazon.com/dp/B088S1685Y?tag=eloabder-20&linkCode=osi&th=1&psc=1">View Product</a></div><div class="product"><a href="https://www.amazon.com/dp/B000NWDSAE?tag=eloabder-20&linkCode=osi&th=1&psc=1"><img src="https://m.media-amazon.com/images/I/41X+HuMzv9L._SL500_.jpg" alt="Product Image"></a><p>Neutrogena Oil-Free Acne Face Scrub, 2% Salicylic Acid Acne Treatment Medicine, Daily Face Wash to help Prevent Breakouts, Oil Free Exfoliating Facial Cleanser for Acne-Prone Skin, 4.2 fl. oz</p><p>$7.29 ($1.73 / Fl Oz)</p><a href="https://www.amazon.com/dp/B000NWDSAE?tag=eloabder-20&linkCode=osi&th=1&psc=1">View Product</a></div><div class="product"><a href="https://www.amazon.com/dp/B000052ZB5?tag=eloabder-20&linkCode=osi&th=1&psc=1"><img src="https://m.media-amazon.com/images/I/31ItNDNYdIL._SL500_.jpg" alt="Product Image"></a><p>Neutrogena Deep Clean Daily Facial Cream Cleanser with Beta Hydroxy Acid to Remove Dirt, Oil & Makeup, Alcohol-Free, Oil-Free & Non-Comedogenic, 7 fl. oz</p><p>$6.49 ($0.87 / Fl Oz)</p><a href="https://www.amazon.com/dp/B000052ZB5?tag=eloabder-20&linkCode=osi&th=1&psc=1">View Product</a></div><div class="product"><a href="https://www.amazon.com/dp/B00006FE2Z?tag=eloabder-20&linkCode=osi&th=1&psc=1"><img src="https://m.media-amazon.com/images/I/310Nwq030fL._SL500_.jpg" alt="Product Image"></a><p>Neutrogena Deep Clean Gentle Daily Facial Scrub, Oil-Free Cleanser, 4.2 Fl Oz</p><p>$6.49 ($1.55 / Fl Oz)</p><a href="https://www.amazon.com/dp/B00006FE2Z?tag=eloabder-20&linkCode=osi&th=1&psc=1">View Product</a></div>

<div class="product"><a href="https://www.amazon.com/dp/B087781VTJ?tag=eloabder-20&linkCode=osi&th=1&psc=1"><img src="https://m.media-amazon.com/images/I/31OkRWcr12L._SL500_.jpg" alt="Product Image"></a><p>PURELL Advanced Hand Sanitizer Refreshing Gel, Clean Scent, 1 Liter Pump Bottle (Pack of 1) - 9632-04-CMR</p><p>$11.24 ($0.33 / Fl Oz)</p><a href="https://www.amazon.com/dp/B087781VTJ?tag=eloabder-20&linkCode=osi&th=1&psc=1">View Product</a></div><div class="product"><a href="https://www.amazon.com/dp/B0889WWM49?tag=eloabder-20&linkCode=osi&th=1&psc=1"><img src="https://m.media-amazon.com/images/I/51KTBSE1ZwL._SL500_.jpg" alt="Product Image"></a><p>Germ-X Original Hand Sanitizer, Moisturizing Gel with Vitamin E, Instant and No Rinse Formula, Back to School Supplies College, 8 Fl Oz Pump Bottle (Pack of 12)</p><p>$23.04 ($0.24 / Fl Oz)</p><a href="https://www.amazon.com/dp/B0889WWM49?tag=eloabder-20&linkCode=osi&th=1&psc=1">View Product</a></div><div class="product"><a href="https://www.amazon.com/dp/B08XZS6BGG?tag=eloabder-20&linkCode=osi&th=1&psc=1"><img src="https://m.media-amazon.com/images/I/51XpsRtfkiL._SL500_.jpg" alt="Product Image"></a><p>PURELL Advanced Hand Sanitizer Naturals with Plant Based Alcohol, Citrus Scent, 8 fl oz Pump Bottle (Pack of 4), 9626-06-ECDECO</p><p>$14.99 ($0.47 / Fl Oz)</p><a href="https://www.amazon.com/dp/B08XZS6BGG?tag=eloabder-20&linkCode=osi&th=1&psc=1">View Product</a></div><div class="product"><a href="https://www.amazon.com/dp/B08VL1MXNZ?tag=eloabder-20&linkCode=osi&th=1&psc=1"><img src="https://m.media-amazon.com/images/I/41EMtmcLMxL._SL500_.jpg" alt="Product Image"></a><p>PURELL PRIME DEFENSE Advanced Hand Sanitizer, 85%, Maximum Strength Formula, 12 fl oz Pump Bottles (Pack of 4) - 3699-06-EC2</p><p>$27.99 ($0.58 / Fl Oz)</p><a href="https://www.amazon.com/dp/B08VL1MXNZ?tag=eloabder-20&linkCode=osi&th=1&psc=1">View Product</a></div><div class="product"><a href="https://www.amazon.com/dp/B08R15JGNX?tag=eloabder-20&linkCode=osi&th=1&psc=1"><img src="https://m.media-amazon.com/images/I/41YXo-hwuXL._SL500_.jpg" alt="Product Image"></a><p>Amazon Basic Care - Aloe Vera Hand Sanitizer 62%, 12 fl oz (Pack of 6)</p><p>$15.09 ($0.21 / Fl Oz)</p><a href="https://www.amazon.com/dp/B08R15JGNX?tag=eloabder-20&linkCode=osi&th=1&psc=1">View Product</a></div><div class="product"><a href="https://www.amazon.com/dp/B08R14XP4D?tag=eloabder-20&linkCode=osi&th=1&psc=1"><img src="https://m.media-amazon.com/images/I/415ogBNctoL._SL500_.jpg" alt="Product Image"></a><p>Amazon Basic Care - Original Hand Sanitizer 62%, 12 fl oz (Pack of 6)</p><p>$19.95 ($0.28 / Fl Oz)</p><a href="https://www.amazon.com/dp/B08R14XP4D?tag=eloabder-20&linkCode=osi&th=1&psc=1">View Product</a></div><div class="product"><a href="https://www.amazon.com/dp/B00U2KYUAY?tag=eloabder-20&linkCode=osi&th=1&psc=1"><img src="https://m.media-amazon.com/images/I/516ldzLw1iL._SL500_.jpg" alt="Product Image"></a><p>PURELL Advanced Hand Sanitizer Soothing Gel, Fresh Scent, 8 fl oz Pump Bottle (Pack of 4), 9674-06-ECDECO</p><p>$14.99 ($0.47 / Fl Oz)</p><a href="https://www.amazon.com/dp/B00U2KYUAY?tag=eloabder-20&linkCode=osi&th=1&psc=1">View Product</a></div>
<div class="product"><a href="https://www.amazon.com/dp/B01N7TYBKS?tag=eloabder-20&linkCode=osi&th=1&psc=1"><img src="https://m.media-amazon.com/images/I/31PicytUhxL._SL500_.jpg" alt="Product Image"></a><p>MRS. MEYER'S CLEAN DAY Hand Lotion for Dry Hands, Non-Greasy Moisturizer Made with Essential Oils, Lavender, 12 oz</p><p>$10.80 ($0.90 / Fl Oz)</p><a href="https://www.amazon.com/dp/B01N7TYBKS?tag=eloabder-20&linkCode=osi&th=1&psc=1">View Product</a></div><div class="product"><a href="https://www.amazon.com/dp/B0BYQ34X6C?tag=eloabder-20&linkCode=osi&th=1&psc=1"><img src="https://m.media-amazon.com/images/I/61e61W8P89L._SL500_.jpg" alt="Product Image"></a><p>Vaseline Hand Sanitizer Lotion 2-in-1 Hydrating Skin Care 3 Ct Moisturizes and Eliminates Bacteria with Vitamin E 8 oz</p><p>$20.97 ($0.87 / Fl Oz)</p><a href="https://www.amazon.com/dp/B0BYQ34X6C?tag=eloabder-20&linkCode=osi&th=1&psc=1">View Product</a></div><div class="product"><a href="https://www.amazon.com/dp/B07QBN245V?tag=eloabder-20&linkCode=osi&th=1&psc=1"><img src="https://m.media-amazon.com/images/I/31N7vGLuV0L._SL500_.jpg" alt="Product Image"></a><p>Jergens Lavender Body Butter Body and Hand Lotion, Moisturizer for Women, 7 Fl Oz (Pack of 1), with Essential Oils for Indulgent Moisturization White</p><p>$7.72 ($1.10 / Fl Oz)</p><a href="https://www.amazon.com/dp/B07QBN245V?tag=eloabder-20&linkCode=osi&th=1&psc=1">View Product</a></div><div class="product"><a href="https://www.amazon.com/dp/B001PBOKRM?tag=eloabder-20&linkCode=osi&th=1&psc=1"><img src="https://m.media-amazon.com/images/I/31NR+HKsONL._SL500_.jpg" alt="Product Image"></a><p>Jergens Original Scent Dry Skin Lotion, Body and Hand Moisturizer for Long Lasting Skin Hydration, with HYDRALUCENCE blend and Cherry Almond Essence, 32 Ounce</p><p>$10.47 ($0.33 / Fl Oz)</p><a href="https://www.amazon.com/dp/B001PBOKRM?tag=eloabder-20&linkCode=osi&th=1&psc=1">View Product</a></div><div class="product"><a href="https://www.amazon.com/dp/B0CGR35JRD?tag=eloabder-20&linkCode=osi&th=1&psc=1"><img src="https://m.media-amazon.com/images/I/31ALnyy+p6L._SL500_.jpg" alt="Product Image"></a><p>Jergens Hand and Body Lotion, Ultra Healing Dry Skin Moisturizer, Fragrance Free Lotion, Sensitive Skin Lotion, 21 Oz</p><p>$7.47 ($0.36 / Fl Oz)</p><a href="https://www.amazon.com/dp/B0CGR35JRD?tag=eloabder-20&linkCode=osi&th=1&psc=1">View Product</a></div>
<div class="product"><a href="https://www.amazon.com/dp/B0BQWYRXPT?tag=eloabder-20&linkCode=osi&th=1&psc=1"><img src="https://m.media-amazon.com/images/I/411xH4LwE1L._SL500_.jpg" alt="Product Image"></a><p>Dermoplast Wound Wipes Medicated First Aid Cloths, Analgesic & Antiseptic Wipes for Treating Minor Cuts, Scrapes and Burns on The Go, Sting Free Formula, 10 Individual Cloths (Packaging May Vary)</p><p>$9.99 ($1.00 / Count)</p><a href="https://www.amazon.com/dp/B0BQWYRXPT?tag=eloabder-20&linkCode=osi&th=1&psc=1">View Product</a></div><div class="product"><a href="https://www.amazon.com/dp/B0057Z24WK?tag=eloabder-20&linkCode=osi&th=1&psc=1"><img src="https://m.media-amazon.com/images/I/41Np605ZC3L._SL500_.jpg" alt="Product Image"></a><p>BZK Antiseptic Towelettes, 100 Count (Pack of 1)</p><p>$7.97 ($0.08 / Count)</p><a href="https://www.amazon.com/dp/B0057Z24WK?tag=eloabder-20&linkCode=osi&th=1&psc=1">View Product</a></div><div class="product"><a href="https://www.amazon.com/dp/B07K335Y78?tag=eloabder-20&linkCode=osi&th=1&psc=1"><img src="https://m.media-amazon.com/images/I/31qFUEO9IjL._SL500_.jpg" alt="Product Image"></a><p>McKesson Obstetrical Antiseptic Towelettes Wipes, Sterile, Individual Packet, Clean Scent, 100 Count, 1 Pack</p><p>$7.20 ($0.07 / Count)</p><a href="https://www.amazon.com/dp/B07K335Y78?tag=eloabder-20&linkCode=osi&th=1&psc=1">View Product</a></div><div class="product"><a href="https://www.amazon.com/dp/B08S399VWH?tag=eloabder-20&linkCode=osi&th=1&psc=1"><img src="https://m.media-amazon.com/images/I/41dtXFAXLeL._SL500_.jpg" alt="Product Image"></a><p>Nurture XL Antibacterial Body & Hand Wipes | Alcohol-Free Antiseptic Wet Sanitizer Towelettes for Germ Removal, Disinfecting Skin, Sanitizing Hands |Cleaning Cloths | Adults & Baby | Thick & Strong</p><p>$44.95 ($0.15 / Count)</p><a href="https://www.amazon.com/dp/B08S399VWH?tag=eloabder-20&linkCode=osi&th=1&psc=1">View Product</a></div><div class="product"><a href="https://www.amazon.com/dp/B01N362TQ6?tag=eloabder-20&linkCode=osi&th=1&psc=1"><img src="https://m.media-amazon.com/images/I/31GuJZ7KbVL._SL500_.jpg" alt="Product Image"></a><p>McKesson Benzalkonium Chloride Towelettes, Antiseptic Cleansing, Individual Packet, 100 Count, 1 Pack</p><p>$7.78 ($0.08 / Count)</p><a href="https://www.amazon.com/dp/B01N362TQ6?tag=eloabder-20&linkCode=osi&th=1&psc=1">View Product</a></div><div class="product"><a href="https://www.amazon.com/dp/B06XS38XH6?tag=eloabder-20&linkCode=osi&th=1&psc=1"><img src="https://m.media-amazon.com/images/I/41P5yr0gl-L._SL500_.jpg" alt="Product Image"></a><p>Care Touch Alcohol Wipes Individually Wrapped - Prep Pads with 70% Isopropyl Alcohol, Great for Home, Medical & First Aid Kits Sterilized, Antiseptic 2-Ply Swabs 400 Count</p><p>$8.99 ($0.02 / Count)</p><a href="https://www.amazon.com/dp/B06XS38XH6?tag=eloabder-20&linkCode=osi&th=1&psc=1">View Product</a></div>
<div class="product"><a href="https://www.amazon.com/dp/B00006IDL6?tag=eloabder-20&linkCode=osi&th=1&psc=1"><img src="https://m.media-amazon.com/images/I/51SFTNQg7-L._SL500_.jpg" alt="Product Image"></a><p>Band-Aid Brand Flexible Fabric Adhesive Bandages for Wound Care and First Aid, All One Size, 100 Count</p><p>$8.48 ($0.08 / Count)</p><a href="https://www.amazon.com/dp/B00006IDL6?tag=eloabder-20&linkCode=osi&th=1&psc=1">View Product</a></div><div class="product"><a href="https://www.amazon.com/dp/B0BGH1YQC6?tag=eloabder-20&linkCode=osi&th=1&psc=1"><img src="https://m.media-amazon.com/images/I/51xvWhwfAnL._SL500_.jpg" alt="Product Image"></a><p>Amazon Basic Care Flexible Fabric Adhesive Bandages, First Aid and Wound Care Supplies, Assorted Sizes, 100 Count</p><p>$5.80 ($0.06 / Count)</p><a href="https://www.amazon.com/dp/B0BGH1YQC6?tag=eloabder-20&linkCode=osi&th=1&psc=1">View Product</a></div><div class="product"><a href="https://www.amazon.com/dp/B000GCPW8C?tag=eloabder-20&linkCode=osi&th=1&psc=1"><img src="https://m.media-amazon.com/images/I/51vXh4MmDrL._SL500_.jpg" alt="Product Image"></a><p>Band-Aid Brand Tru-Stay Adhesive Pads, Large Sterile Bandages for Wound Care, Large Size, 10 ct</p><p>$3.56 ($0.36 / Count)</p><a href="https://www.amazon.com/dp/B000GCPW8C?tag=eloabder-20&linkCode=osi&th=1&psc=1">View Product</a></div><div class="product"><a href="https://www.amazon.com/dp/B09N1PJFH4?tag=eloabder-20&linkCode=osi&th=1&psc=1"><img src="https://m.media-amazon.com/images/I/414tb0lZk2L._SL500_.jpg" alt="Product Image"></a><p>Band-Aid Brand Adhesive Bandages for Sensitive Skin, Hypoallergenic First Aid Bandages with Painless Removal, Stays on When Wet & Suitable for Eczema Prone Skin, Extra Large Size, 7 ct</p><p>$3.35 ($0.48 / Count)</p><a href="https://www.amazon.com/dp/B09N1PJFH4?tag=eloabder-20&linkCode=osi&th=1&psc=1">View Product</a></div><div class="product"><a href="https://www.amazon.com/dp/B08JH93SHW?tag=eloabder-20&linkCode=osi&th=1&psc=1"><img src="https://m.media-amazon.com/images/I/51mp6AFuzlL._SL500_.jpg" alt="Product Image"></a><p>CURAD Performance Series Ironman Antibacterial Bandages, Extreme Hold Adhesive Technology, Finger & Knuckle Bandages, Flexible Fabric, Variety Pack with Assorted Sizes & Colors, 50 Count</p><p>$6.97 ($0.14 / Count)</p><a href="https://www.amazon.com/dp/B08JH93SHW?tag=eloabder-20&linkCode=osi&th=1&psc=1">View Product</a></div><div class="product"><a href="https://www.amazon.com/dp/B07K31T5SC?tag=eloabder-20&linkCode=osi&th=1&psc=1"><img src="https://m.media-amazon.com/images/I/415PIj3D6HL._SL500_.jpg" alt="Product Image"></a><p>McKesson Adhesive Bandages, Sterile, Fabric Patch, 2 in x 3 in, 50 Count, 1 Pack</p><p>$8.30 ($0.17 / Count)</p><a href="https://www.amazon.com/dp/B07K31T5SC?tag=eloabder-20&linkCode=osi&th=1&psc=1">View Product</a></div><div class="product"><a href="https://www.amazon.com/dp/B01N6T0XHP?tag=eloabder-20&linkCode=osi&th=1&psc=1"><img src="https://m.media-amazon.com/images/I/31VmxqprYDL._SL500_.jpg" alt="Product Image"></a><p>Curad Assorted Bandages Variety Pack 300 Pieces, Including Antibacterial, Heavy Duty, Fabric, and Waterproof Bandages</p><p>$11.99 ($0.04 / Count)</p><a href="https://www.amazon.com/dp/B01N6T0XHP?tag=eloabder-20&linkCode=osi&th=1&psc=1">View Product</a></div><div class="product"><a href="https://www.amazon.com/dp/B0895DYMGL?tag=eloabder-20&linkCode=osi&th=1&psc=1"><img src="https://m.media-amazon.com/images/I/41hesAQJS3L._SL500_.jpg" alt="Product Image"></a><p>12 Pack Self Adherent Cohesive Wrap Bandages 2 Inches X 5 Yards,First Aid Tape, Elastic Self Adhesive Tape, Athletic, Sports wrap Tape, Bandage Wrap for Sports, Wrist, Skin Colour Athletic Tape</p><p>$8.99 ($0.75 / Count)</p><a href="https://www.amazon.com/dp/B0895DYMGL?tag=eloabder-20&linkCode=osi&th=1&psc=1">View Product</a></div><div class="product"><a href="https://www.amazon.com/dp/B0CKVN8SBL?tag=eloabder-20&linkCode=osi&th=1&psc=1"><img src="https://m.media-amazon.com/images/I/51LrlyDltUL._SL500_.jpg" alt="Product Image"></a><p>AZEN 8 Pack Self Adhesive Bandage Wrap, 2" X 5 Yards Elastic Cohesive Bandage Wrap, Skin Color Athletic Tape, Vet Wrap, Ankle Tape, Tattoo Grip Tape Wrap</p><p>$6.99 ($1.16 / Count)</p><a href="https://www.amazon.com/dp/B0CKVN8SBL?tag=eloabder-20&linkCode=osi&th=1&psc=1">View Product</a></div><div class="product"><a href="https://www.amazon.com/dp/B085V69JPM?tag=eloabder-20&linkCode=osi&th=1&psc=1"><img src="https://m.media-amazon.com/images/I/51zRkg4pCNL._SL500_.jpg" alt="Product Image"></a><p>Nexcare Max Hold Waterproof Bandages, Helps waterproof, dirtproof, and germproof your wounds, 60 ct</p><p>$7.49 ($0.12 / Count)</p><a href="https://www.amazon.com/dp/B085V69JPM?tag=eloabder-20&linkCode=osi&th=1&psc=1">View Product</a></div>




<div class="product"><a href="https://www.amazon.com/dp/B079HXLZGY?tag=eloabder-20&linkCode=osi&th=1&psc=1"><img src="https://m.media-amazon.com/images/I/51O0z0rymgL._SL500_.jpg" alt="Product Image"></a><p>Amazon Basic Care Nighttime Sleep Aid Tablets for Adults, Doxylamine Succinate 25 mg, 96 Count</p><p>$12.59 ($0.13 / Count)</p><a href="https://www.amazon.com/dp/B079HXLZGY?tag=eloabder-20&linkCode=osi&th=1&psc=1">View Product</a></div><div class="product"><a href="https://www.amazon.com/dp/B00NJ1BQZA?tag=eloabder-20&linkCode=osi&th=1&psc=1"><img src="https://m.media-amazon.com/images/I/41q8bT3bu0L._SL500_.jpg" alt="Product Image"></a><p>Relaxium Sleep Aid for Adults, Melatonin 5mg with Magnesium Glycinate, Sleep-Promoting Valerest & Ashwagandha, Non-Habit Forming Sleep Supplement, 60 Capsules, 30-Day Supply</p><p>$29.99 ($0.50 / count)</p><a href="https://www.amazon.com/dp/B00NJ1BQZA?tag=eloabder-20&linkCode=osi&th=1&psc=1">View Product</a></div><div class="product"><a href="https://www.amazon.com/dp/B0848WCZFM?tag=eloabder-20&linkCode=osi&th=1&psc=1"><img src="https://m.media-amazon.com/images/I/41Rzyzjg2UL._SL500_.jpg" alt="Product Image"></a><p>HealthA2Z Sleep Aid, Diphenhydramine Softgels, 50mg, Supports Deeper, Restful Sleeping, Non Habit-Forming (250 Counts)</p><p>$9.85 ($0.04 / Count)</p><a href="https://www.amazon.com/dp/B0848WCZFM?tag=eloabder-20&linkCode=osi&th=1&psc=1">View Product</a></div><div class="product"><a href="https://www.amazon.com/dp/B08H766XS8?tag=eloabder-20&linkCode=osi&th=1&psc=1"><img src="https://m.media-amazon.com/images/I/4117Yuu9uhL._SL500_.jpg" alt="Product Image"></a><p>RXZELL Sleep Aid, Diphenhydramine HCl 50mg, 220 Softgels - Fall Asleep Faster, Deeper Restful Sleeping, Non Habit-Forming</p><p>$9.98 ($0.05 / Count)</p><a href="https://www.amazon.com/dp/B08H766XS8?tag=eloabder-20&linkCode=osi&th=1&psc=1">View Product</a></div><div class="product"><a href="https://www.amazon.com/dp/B07BZW88NY?tag=eloabder-20&linkCode=osi&th=1&psc=1"><img src="https://m.media-amazon.com/images/I/51HD9BxwlWL._SL500_.jpg" alt="Product Image"></a><p>Kirkland Signature Sleep Aid, 192 Tablets</p><p>$13.95 ($0.07 / Count)</p><a href="https://www.amazon.com/dp/B07BZW88NY?tag=eloabder-20&linkCode=osi&th=1&psc=1">View Product</a></div><div class="product"><a href="https://www.amazon.com/dp/B08Y74HSSH?tag=eloabder-20&linkCode=osi&th=1&psc=1"><img src="https://m.media-amazon.com/images/I/41WtHEKTuML._SL500_.jpg" alt="Product Image"></a><p>ZzzQuil ULTRA, Sleep Aid, Nighttime Sleep Aid, 25 mg Doxylamine Succinate, From Makers of Nyquil, Non- Habit Forming, Fall Asleep Fast, Stay Asleep Longer, 48 Count</p><p>$19.63 ($0.41 / Count)</p><a href="https://www.amazon.com/dp/B08Y74HSSH?tag=eloabder-20&linkCode=osi&th=1&psc=1">View Product</a></div><div class="product"><a href="https://www.amazon.com/dp/B01683HFGY?tag=eloabder-20&linkCode=osi&th=1&psc=1"><img src="https://m.media-amazon.com/images/I/51hFnh0pfXL._SL500_.jpg" alt="Product Image"></a><p>Unisom SleepTabs, Nighttime Sleep-aid, Doxylamine Succinate, 80 Tablets</p><p>$13.98 ($0.17 / Count)</p><a href="https://www.amazon.com/dp/B01683HFGY?tag=eloabder-20&linkCode=osi&th=1&psc=1">View Product</a></div><div class="product"><a href="https://www.amazon.com/dp/B099JXNWYL?tag=eloabder-20&linkCode=osi&th=1&psc=1"><img src="https://m.media-amazon.com/images/I/41K+tJ73J2L._SL500_.jpg" alt="Product Image"></a><p>12-in-1 Melatonin Capsules - Melatonin 5mg Natural Sleep Aids for Adults - Magnesium Glycinate 500mg, Ashwagandha, L Theanine, Valerian Root, GABA, 5-HTP, Sleep Supplement for Adults, Pack of 1</p><p>$21.95 ($0.24 / Count)</p><a href="https://www.amazon.com/dp/B099JXNWYL?tag=eloabder-20&linkCode=osi&th=1&psc=1">View Product</a></div><div class="product"><a href="https://www.amazon.com/dp/B07PXT5LYR?tag=eloabder-20&linkCode=osi&th=1&psc=1"><img src="https://m.media-amazon.com/images/I/41Pu3C1zvML._SL500_.jpg" alt="Product Image"></a><p>Nature's Bounty Sleep3 Melatonin 10mg, Maximum Strength 100% Drug Free Sleep Aid, Dietary Supplement, L-Theanine & Nighttime Herbal Blend Time Release Technology, 60 Tri-Layered Tablets</p><p>$13.07 ($0.22 / Count)</p><a href="https://www.amazon.com/dp/B07PXT5LYR?tag=eloabder-20&linkCode=osi&th=1&psc=1">View Product</a></div>
<div class="product"><a href="https://www.amazon.com/dp/B00HE66ZUC?tag=eloabder-20&linkCode=osi&th=1&psc=1"><img src="https://m.media-amazon.com/images/I/510MmBSuAfL._SL500_.jpg" alt="Product Image"></a><p>GoodSense Allergy Relief Loratadine Tablets 10 mg, Compare to Claritin, Antihistamine, 24 Hour Allergy Relief, 365 Count</p><p>$12.99 ($0.04 / Count)</p><a href="https://www.amazon.com/dp/B00HE66ZUC?tag=eloabder-20&linkCode=osi&th=1&psc=1">View Product</a></div><div class="product"><a href="https://www.amazon.com/dp/B07S1BZXVW?tag=eloabder-20&linkCode=osi&th=1&psc=1"><img src="https://m.media-amazon.com/images/I/41KfCe6maEL._SL500_.jpg" alt="Product Image"></a><p>HealthA2Z® Allergy Relief | Cetirizine 10mg | All Day Allergy Relief | Indoor & Outdoor | Relief from Itchy Throat, Sneezing, Runny Noses (250 count (pack of 1))</p><p>$8.75 ($0.04 / Count)</p><a href="https://www.amazon.com/dp/B07S1BZXVW?tag=eloabder-20&linkCode=osi&th=1&psc=1">View Product</a></div><div class="product"><a href="https://www.amazon.com/dp/B074F19XB8?tag=eloabder-20&linkCode=osi&th=1&psc=1"><img src="https://m.media-amazon.com/images/I/412oY-CSVJL._SL500_.jpg" alt="Product Image"></a><p>Amazon Basic Care Complete Allergy Relief, Diphenhydramine HCl 25 mg, Relieves Symptoms, Antihistamine Tablets, 400 Count</p><p>$7.67 ($0.02 / Count)</p><a href="https://www.amazon.com/dp/B074F19XB8?tag=eloabder-20&linkCode=osi&th=1&psc=1">View Product</a></div><div class="product"><a href="https://www.amazon.com/dp/B074F18H5N?tag=eloabder-20&linkCode=osi&th=1&psc=1"><img src="https://m.media-amazon.com/images/I/41SMpawpNjL._SL500_.jpg" alt="Product Image"></a><p>Amazon Basic Care Allergy Relief Loratadine Tablets 10 mg, 300 Count</p><p>$16.54 ($0.06 / Count)</p><a href="https://www.amazon.com/dp/B074F18H5N?tag=eloabder-20&linkCode=osi&th=1&psc=1">View Product</a></div><div class="product"><a href="https://www.amazon.com/dp/B087CBHR9W?tag=eloabder-20&linkCode=osi&th=1&psc=1"><img src="https://m.media-amazon.com/images/I/41+XRnnkAXL._SL500_.jpg" alt="Product Image"></a><p>HealthA2Z Fexofenadine Hydrochloride 180mg, Antihistamine for Allergy Relief, Non-Drowsy, 24-Hour Antihistamine for Allergy Relief (120 Count (Pack of 1))</p><p>$21.25 ($0.18 / Count)</p><a href="https://www.amazon.com/dp/B087CBHR9W?tag=eloabder-20&linkCode=osi&th=1&psc=1">View Product</a></div><div class="product"><a href="https://www.amazon.com/dp/B083VVT61S?tag=eloabder-20&linkCode=osi&th=1&psc=1"><img src="https://m.media-amazon.com/images/I/41BJ8O5m3RL._SL500_.jpg" alt="Product Image"></a><p>Amazon Basic Care 24 Hour Allergy Relief, Levocetirizine Dihydrochloride Tablets, 5 mg, Antihistamine, Relieves Sneezing, Runny Nose, Itchy Nose or Throat and Itchy, Watery Eyes, 80 Count</p><p>$20.72 ($0.26 / Count)</p><a href="https://www.amazon.com/dp/B083VVT61S?tag=eloabder-20&linkCode=osi&th=1&psc=1">View Product</a></div><div class="product"><a href="https://www.amazon.com/dp/B08JVPNBGM?tag=eloabder-20&linkCode=osi&th=1&psc=1"><img src="https://m.media-amazon.com/images/I/41ZLXQU2qNL._SL500_.jpg" alt="Product Image"></a><p>Zyrtec 24 Hour Allergy Relief Tablets, Indoor & Outdoor Allergy Medicine with 10 mg Cetirizine HCl per Antihistamine Tablet, Relief of Allergies, 60 ct</p><p>$22.81 ($0.38 / Count)</p><a href="https://www.amazon.com/dp/B08JVPNBGM?tag=eloabder-20&linkCode=osi&th=1&psc=1">View Product</a></div><div class="product"><a href="https://www.amazon.com/dp/B087Z6TKD9?tag=eloabder-20&linkCode=osi&th=1&psc=1"><img src="https://m.media-amazon.com/images/I/41hMESBq3wL._SL500_.jpg" alt="Product Image"></a><p>HealthA2Z® Allergy Relief | Loratadine 10mg | Antihistamine | Non-Drowsy | Relief from Itchy Throat, Sneezing, Runny Noses | 24-Hours Allergy Medicine (300 Tablets)</p><p>$13.25 ($0.04 / Count)</p><a href="https://www.amazon.com/dp/B087Z6TKD9?tag=eloabder-20&linkCode=osi&th=1&psc=1">View Product</a></div><div class="product"><a href="https://www.amazon.com/dp/B074F145Y1?tag=eloabder-20&linkCode=osi&th=1&psc=1"><img src="https://m.media-amazon.com/images/I/41QxbjhcCML._SL500_.jpg" alt="Product Image"></a><p>Amazon Basic Care 24 Hour Allergy Relief, Cetirizine Hydrochloride Tablets, 10 mg, 300 Count</p><p>$25.87 ($0.09 / Count)</p><a href="https://www.amazon.com/dp/B074F145Y1?tag=eloabder-20&linkCode=osi&th=1&psc=1">View Product</a></div><div class="product"><a href="https://www.amazon.com/dp/B07HD64D4G?tag=eloabder-20&linkCode=osi&th=1&psc=1"><img src="https://m.media-amazon.com/images/I/51fjuo22JXL._SL500_.jpg" alt="Product Image"></a><p>HealthCareAisle Allergy Relief - Fexofenadine Hydrochloride Tablets USP, 180 mg – 90 Tablets – Allergy Medication, Non-Drowsy 24-Hour Allergy Relief</p><p>$12.71 ($0.14 / Count)</p><a href="https://www.amazon.com/dp/B07HD64D4G?tag=eloabder-20&linkCode=osi&th=1&psc=1">View Product</a></div>
<div class="product"><a href="https://www.amazon.com/dp/B012ROWNS8?tag=eloabder-20&linkCode=osi&th=1&psc=1"><img src="https://m.media-amazon.com/images/I/51cxYFhISYL._SL500_.jpg" alt="Product Image"></a><p>Boiron Chestal Honey Adult Cold and Cough Syrup for Nasal and Chest Congestion, Runny Nose, and Sore Throat Relief - 6.7 Fl oz</p><p>$11.70 ($1.75 / Fl Oz)</p><a href="https://www.amazon.com/dp/B012ROWNS8?tag=eloabder-20&linkCode=osi&th=1&psc=1">View Product</a></div><div class="product"><a href="https://www.amazon.com/dp/B000WAWN8K?tag=eloabder-20&linkCode=osi&th=1&psc=1"><img src="https://m.media-amazon.com/images/I/41MhHkkpCQL._SL500_.jpg" alt="Product Image"></a><p>Zicam Cold Remedy Zinc Rapidmelts, Citrus Flavor, 25 Count (Pack of 1)</p><p>$10.98 ($0.44 / Count)</p><a href="https://www.amazon.com/dp/B000WAWN8K?tag=eloabder-20&linkCode=osi&th=1&psc=1">View Product</a></div><div class="product"><a href="https://www.amazon.com/dp/B08836KTVQ?tag=eloabder-20&linkCode=osi&th=1&psc=1"><img src="https://m.media-amazon.com/images/I/51kNMcIeJPL._SL500_.jpg" alt="Product Image"></a><p>Mucinex Fast-Max Cold and Flu & Nightshift Severe Cold and Flu Medicine for Adults, Over-the-Counter Medication Combo Pack for Sore Throat Relief, Decongestant, Cough & Cold Medicines, 2 x 6 Fl Oz</p><p>$16.78 ($1.40 / Fl Oz)</p><a href="https://www.amazon.com/dp/B08836KTVQ?tag=eloabder-20&linkCode=osi&th=1&psc=1">View Product</a></div><div class="product"><a href="https://www.amazon.com/dp/B019DL5KCO?tag=eloabder-20&linkCode=osi&th=1&psc=1"><img src="https://m.media-amazon.com/images/I/51i-U6pGMjL._SL500_.jpg" alt="Product Image"></a><p>Coricidin HBP Decongestant-Free Cough and Cold Medicine - Specially Designed Relief for High Blood Pressure, Cough, Runny Nose, Sneezing and Cold Symptoms (16 Count)</p><p>$8.99 ($0.56 / Count)</p><a href="https://www.amazon.com/dp/B019DL5KCO?tag=eloabder-20&linkCode=osi&th=1&psc=1">View Product</a></div><div class="product"><a href="https://www.amazon.com/dp/B009ITR4EY?tag=eloabder-20&linkCode=osi&th=1&psc=1"><img src="https://m.media-amazon.com/images/I/5108J1lmIxL._SL500_.jpg" alt="Product Image"></a><p>Tylenol Cold + Flu Severe Medicine Caplets for Fever, Pain, Cough & Congestion, 24 ct.</p><p>$7.67 ($0.32 / Count)</p><a href="https://www.amazon.com/dp/B009ITR4EY?tag=eloabder-20&linkCode=osi&th=1&psc=1">View Product</a></div><div class="product"><a href="https://www.amazon.com/dp/B000XTO9CI?tag=eloabder-20&linkCode=osi&th=1&psc=1"><img src="https://m.media-amazon.com/images/I/51oNP4G9-7L._SL500_.jpg" alt="Product Image"></a><p>Nature's Way Umcka Cold Plus Flu Berry - 20 Chewables</p><p>$13.03 ($0.65 / Count)</p><a href="https://www.amazon.com/dp/B000XTO9CI?tag=eloabder-20&linkCode=osi&th=1&psc=1">View Product</a></div><div class="product"><a href="https://www.amazon.com/dp/B01FCDDEUC?tag=eloabder-20&linkCode=osi&th=1&psc=1"><img src="https://m.media-amazon.com/images/I/51tvGxyWfdL._SL500_.jpg" alt="Product Image"></a><p>Genexa Kids' Cold Crush | Multi-Symptom Cough & Cold Relief for Children | Delicious Organic Acai Berry Flavor | Certified Organic & Non-GMO | Homeopathic Remedy Made Clean | 60 Chewable Tablets</p><p>$14.99 ($0.25 / Count)</p><a href="https://www.amazon.com/dp/B01FCDDEUC?tag=eloabder-20&linkCode=osi&th=1&psc=1">View Product</a></div><div class="product"><a href="https://www.amazon.com/dp/B01FCDI70Y?tag=eloabder-20&linkCode=osi&th=1&psc=1"><img src="https://m.media-amazon.com/images/I/51XEbZuRk2L._SL500_.jpg" alt="Product Image"></a><p>Genexa Cold Crush | Multi-Symptom Cough & Cold Relief for Adults | Delicious Organic Acai Berry Flavor | Certified Organic & Non-GMO | Homeopathic Remedy Made Clean | 60 Chewable Tablets</p><p>$15.99 ($0.27 / Count)</p><a href="https://www.amazon.com/dp/B01FCDI70Y?tag=eloabder-20&linkCode=osi&th=1&psc=1">View Product</a></div><div class="product"><a href="https://www.amazon.com/dp/B085PSBV9B?tag=eloabder-20&linkCode=osi&th=1&psc=1"><img src="https://m.media-amazon.com/images/I/31xr+2nG29L._SL500_.jpg" alt="Product Image"></a><p>Earthley Wellness, Cough-B-Gone, Natural Herbal Formula, Cold and Cough Remedy, Removes Extra Mucus, Soothes Sore Throats, Promotes Lung Health, and Detoxification, Cough Be Gone (2oz, Kids)</p><p>$24.99 ($12.50 / Ounce)</p><a href="https://www.amazon.com/dp/B085PSBV9B?tag=eloabder-20&linkCode=osi&th=1&psc=1">View Product</a></div><div class="product"><a href="https://www.amazon.com/dp/B01DZ0CN6A?tag=eloabder-20&linkCode=osi&th=1&psc=1"><img src="https://m.media-amazon.com/images/I/41DVIB8+QVL._SL500_.jpg" alt="Product Image"></a><p>Hyland's Baby Mucus and Cold Relief, Daytime Baby Cold Medicine, Infant Cold and Cough Remedy, Decongestant, 4 Fluid Ounce</p><p>$7.01 ($1.75 / Fl Oz)</p><a href="https://www.amazon.com/dp/B01DZ0CN6A?tag=eloabder-20&linkCode=osi&th=1&psc=1">View Product</a></div>
<div class="product"><a href="https://www.amazon.com/dp/B0C21ZLQNC?tag=eloabder-20&linkCode=osi&th=1&psc=1"><img src="https://m.media-amazon.com/images/I/51mKzlUJ2mL._SL500_.jpg" alt="Product Image"></a><p>Physician's CHOICE Digestive Enzymes - Multi Enzymes, Organic Prebiotics & Probiotics for Digestive Health & Gut Health - Meal Time Discomfort Relief & Bloating - Dual Action Approach - 60 CT</p><p>$19.97 ($0.33 / Count)</p><a href="https://www.amazon.com/dp/B0C21ZLQNC?tag=eloabder-20&linkCode=osi&th=1&psc=1">View Product</a></div><div class="product"><a href="https://www.amazon.com/dp/B072YHM6S2?tag=eloabder-20&linkCode=osi&th=1&psc=1"><img src="https://m.media-amazon.com/images/I/41pyv2KOFDL._SL500_.jpg" alt="Product Image"></a><p>Zenwise Health Digestive Enzymes - Probiotic Multi Enzymes with Probiotics and Prebiotics for Digestive Health and Bloating Relief for Women and Men, Daily Enzymes for Gut and Digestion - 60 Count</p><p>$18.97 ($0.32 / Count)</p><a href="https://www.amazon.com/dp/B072YHM6S2?tag=eloabder-20&linkCode=osi&th=1&psc=1">View Product</a></div><div class="product"><a href="https://www.amazon.com/dp/B079H53D2B?tag=eloabder-20&linkCode=osi&th=1&psc=1"><img src="https://m.media-amazon.com/images/I/51Y4b2nfCYL._SL500_.jpg" alt="Product Image"></a><p>Physician's Choice Probiotics 60 Billion CFU - 10 Strains + Organic Prebiotics - Immune, Digestive & Gut Health - Supports Occasional Constipation, Diarrhea, Gas & Bloating - for Women & Men - 30ct</p><p>$23.97 ($0.80 / Count)</p><a href="https://www.amazon.com/dp/B079H53D2B?tag=eloabder-20&linkCode=osi&th=1&psc=1">View Product</a></div><div class="product"><a href="https://www.amazon.com/dp/B0007IQMVG?tag=eloabder-20&linkCode=osi&th=1&psc=1"><img src="https://m.media-amazon.com/images/I/41LbuIg0j9L._SL500_.jpg" alt="Product Image"></a><p>Digestive Advantage IBS Probiotics For Women and Men, Probiotics For Digestive Health & Intensive Bowel Support with Digestive Enzymes For Gut Health, Occasional Bloating & Immune Support, 96 Capsules</p><p>$23.18 ($0.24 / Count)</p><a href="https://www.amazon.com/dp/B0007IQMVG?tag=eloabder-20&linkCode=osi&th=1&psc=1">View Product</a></div><div class="product"><a href="https://www.amazon.com/dp/B012RFVHSO?tag=eloabder-20&linkCode=osi&th=1&psc=1"><img src="https://m.media-amazon.com/images/I/51As5g4VfnL._SL500_.jpg" alt="Product Image"></a><p>OLLY Probiotic + Prebiotic Gummy, Digestive Support and Gut Health, 500 Million CFUs, Fiber, Adult Chewable Supplement for Men and Women, Peach, 30 Day Supply - 30 Count</p><p>$12.49 ($0.42 / Count)</p><a href="https://www.amazon.com/dp/B012RFVHSO?tag=eloabder-20&linkCode=osi&th=1&psc=1">View Product</a></div><div class="product"><a href="https://www.amazon.com/dp/B01ND16K2I?tag=eloabder-20&linkCode=osi&th=1&psc=1"><img src="https://m.media-amazon.com/images/I/518cYvTBjlL._SL500_.jpg" alt="Product Image"></a><p>Digestive Advantage Probiotics For Digestive Health, Daily Probiotics For Women & Men, Supports Gut Health, Occasional Bloating & Diarrhea, Minor Abdominal Discomfort, & Immune Support, 80ct Capsules</p><p>$21.99 ($6.25 / Ounce)</p><a href="https://www.amazon.com/dp/B01ND16K2I?tag=eloabder-20&linkCode=osi&th=1&psc=1">View Product</a></div><div class="product"><a href="https://www.amazon.com/dp/B08Y66H6B7?tag=eloabder-20&linkCode=osi&th=1&psc=1"><img src="https://m.media-amazon.com/images/I/51zpwlruLzL._SL500_.jpg" alt="Product Image"></a><p>Culturelle Pro Strength Daily Probiotics For Digestive Health (2 Month Supply) with Prebiotics for Women & Men, Supports Occasional Diarrhea, Gas & Bloating, Gluten & Soy Free, 60 Count</p><p>$30.99 ($0.52 / Count)</p><a href="https://www.amazon.com/dp/B08Y66H6B7?tag=eloabder-20&linkCode=osi&th=1&psc=1">View Product</a></div><div class="product"><a href="https://www.amazon.com/dp/B0014CVXMW?tag=eloabder-20&linkCode=osi&th=1&psc=1"><img src="https://m.media-amazon.com/images/I/417nIjuQeVL._SL500_.jpg" alt="Product Image"></a><p>Nature's Bounty Acidophilus Probiotic, Daily Probiotic Supplement, Supports Digestive Health, 1 Pack, 120 Tablets</p><p>$7.74 ($0.06 / Count)</p><a href="https://www.amazon.com/dp/B0014CVXMW?tag=eloabder-20&linkCode=osi&th=1&psc=1">View Product</a></div><div class="product"><a href="https://www.amazon.com/dp/B001TH7K0G?tag=eloabder-20&linkCode=osi&th=1&psc=1"><img src="https://m.media-amazon.com/images/I/41nbiJxKRNL._SL500_.jpg" alt="Product Image"></a><p>Metamucil 3-in-1 Fiber Capsules, Daily Psyllium Husk Fiber Supplement, Fiber Capsules for Digestive Health, Plant-Based Psyllium Husk Fiber Capsules, #1 Doctor Recommended Fiber Brand, 300ct Capsules</p><p>$29.11 ($0.10 / Count)</p><a href="https://www.amazon.com/dp/B001TH7K0G?tag=eloabder-20&linkCode=osi&th=1&psc=1">View Product</a></div>
<div class="product"><a href="https://www.amazon.com/dp/B004PVLWW0?tag=eloabder-20&linkCode=osi&th=1&psc=1"><img src="https://m.media-amazon.com/images/I/41MNYerfHQL._SL500_.jpg" alt="Product Image"></a><p>DHT BLOCKER - Hair Growth Supplement for Genetic Thinning for Men and Women | Approved* by American Hair Loss Association | Guaranteed, Backed by 20 Years of Experience in Hair Loss Treatment Clinics</p><p>$43.90 ($0.37 / Count)</p><a href="https://www.amazon.com/dp/B004PVLWW0?tag=eloabder-20&linkCode=osi&th=1&psc=1">View Product</a></div><div class="product"><a href="https://www.amazon.com/dp/B00M6I5SNI?tag=eloabder-20&linkCode=osi&th=1&psc=1"><img src="https://m.media-amazon.com/images/I/51c0-S5TYBL._SL500_.jpg" alt="Product Image"></a><p>Rogaine Women's 5% Minoxidil Foam, Topical Once-A-Day Hair Loss Treatment for Women to Regrow Fuller, Thicker Hair, Unscented, 4-Month Supply, 2 x 2.11 oz</p><p>$47.28 ($22.41 / Ounce)</p><a href="https://www.amazon.com/dp/B00M6I5SNI?tag=eloabder-20&linkCode=osi&th=1&psc=1">View Product</a></div><div class="product"><a href="https://www.amazon.com/dp/B0012BNVE8?tag=eloabder-20&linkCode=osi&th=1&psc=1"><img src="https://m.media-amazon.com/images/I/51AbEqW79jL._SL500_.jpg" alt="Product Image"></a><p>Men's Rogaine 5% Minoxidil Topical Aerosol Hair Regrowth Treatment Foam, 3 Month Supply (Each Can 2.11 Ounce - 60 Gram)</p><p>$51.82 ($8.19 / Ounce)</p><a href="https://www.amazon.com/dp/B0012BNVE8?tag=eloabder-20&linkCode=osi&th=1&psc=1">View Product</a></div><div class="product"><a href="https://www.amazon.com/dp/B00M6I5SMY?tag=eloabder-20&linkCode=osi&th=1&psc=1"><img src="https://m.media-amazon.com/images/I/415RcmGI84L._SL500_.jpg" alt="Product Image"></a><p>Rogaine 5% Minoxidil Foam, Topical Once-A-Day Hair Loss Treatment for Women to Regrow Fuller, Thicker Hair, Unscented, 2-Month Supply, 2.11 oz</p><p>$28.26 ($13.39 / Ounce)</p><a href="https://www.amazon.com/dp/B00M6I5SMY?tag=eloabder-20&linkCode=osi&th=1&psc=1">View Product</a></div><div class="product"><a href="https://www.amazon.com/dp/B019ZZB3O2?tag=eloabder-20&linkCode=osi&th=1&psc=1"><img src="https://m.media-amazon.com/images/I/413jmbWcG3L._SL500_.jpg" alt="Product Image"></a><p>SugarbearPRO Hair Vitamin Extra Strength 6000mcg Biotin, Longer-Looking Hair Gummy for Women & Men,B12, MSM, Inositol, Omega 3, Elderberry, Growth, USA Patent Design, Kosher Halal Vegan 2 Month Supply</p><p>$38.99 ($0.65 / Count)</p><a href="https://www.amazon.com/dp/B019ZZB3O2?tag=eloabder-20&linkCode=osi&th=1&psc=1">View Product</a></div><div class="product"><a href="https://www.amazon.com/dp/B0000Y8H3S?tag=eloabder-20&linkCode=osi&th=1&psc=1"><img src="https://m.media-amazon.com/images/I/41HVx2izbyL._SL500_.jpg" alt="Product Image"></a><p>Men's Rogaine Extra Strength 5% Minoxidil Topical Solution for Thin Hair, Hair Loss Treatment to Regrow Fuller, Thicker Hair, 3-Month Supply, 3 x 2 fl. oz</p><p>$55.99 ($9.33 / Fl Oz)</p><a href="https://www.amazon.com/dp/B0000Y8H3S?tag=eloabder-20&linkCode=osi&th=1&psc=1">View Product</a></div><div class="product"><a href="https://www.amazon.com/dp/B08FGZSW8L?tag=eloabder-20&linkCode=osi&th=1&psc=1"><img src="https://m.media-amazon.com/images/I/41zpZ6a7pwL._SL500_.jpg" alt="Product Image"></a><p>WEEM Hair Skin and Nails Gummies - Supports healthy hair - Vegan biotin Vitamins for Women & Men Supports Faster Hair Growth, Stronger Nails, Healthy Skin, Extra Strength (1)</p><p>$29.95 ($0.50 / Count)</p><a href="https://www.amazon.com/dp/B08FGZSW8L?tag=eloabder-20&linkCode=osi&th=1&psc=1">View Product</a></div><div class="product"><a href="https://www.amazon.com/dp/B09LSLLF6M?tag=eloabder-20&linkCode=osi&th=1&psc=1"><img src="https://m.media-amazon.com/images/I/51KUcMGYOaL._SL500_.jpg" alt="Product Image"></a><p>Biotin and Collagen Vitamins + Keratin with Folate - Hair Loss Treatments for Women & Men - Hair, Skin and Nails Supplements for Hair Growth & Postpartum Support - GMO Free & Gluten Free (120 Caps)</p><p>$24.99 ($0.21 / Count)</p><a href="https://www.amazon.com/dp/B09LSLLF6M?tag=eloabder-20&linkCode=osi&th=1&psc=1">View Product</a></div><div class="product"><a href="https://www.amazon.com/dp/B00BMLOKHU?tag=eloabder-20&linkCode=osi&th=1&psc=1"><img src="https://m.media-amazon.com/images/I/41NZ8vQtHtL._SL500_.jpg" alt="Product Image"></a><p>Rogaine Women's 2% Minoxidil Topical Solution for Womens Hair Thinning and Loss & Hair Regrowth, 3-Month Supply, 4 Piece Set, Unscented, 6 Fl Oz</p><p>$56.35 ($9.39 / Fl Oz)</p><a href="https://www.amazon.com/dp/B00BMLOKHU?tag=eloabder-20&linkCode=osi&th=1&psc=1">View Product</a></div><div class="product"><a href="https://www.amazon.com/dp/B0BWZTV1V7?tag=eloabder-20&linkCode=osi&th=1&psc=1"><img src="https://m.media-amazon.com/images/I/41R4tp1Hq3L._SL500_.jpg" alt="Product Image"></a><p>Nature's Bounty Hair Growth Supplement, 1 Per Day, Clinically Shown to Support Thicker, Fuller Hair, with Biotin, Silicon & Arginine, 30 Capsules</p><p>$16.98 ($0.57 / Count)</p><a href="https://www.amazon.com/dp/B0BWZTV1V7?tag=eloabder-20&linkCode=osi&th=1&psc=1">View Product</a></div>
<div class="product"><a href="https://www.amazon.com/dp/B091NJQ29P?tag=eloabder-20&linkCode=osi&th=1&psc=1"><img src="https://m.media-amazon.com/images/I/31b6zrb8KuL._SL500_.jpg" alt="Product Image"></a><p>Good Molecules Yerba Mate Wake Up Eye Gel - Yerba Mate, Hyaluronic Acid and Caffeine to Hydrate, Minimize Puffiness and Swelling - Skincare for Face</p><p>$6.00 ($12.00 / Fl Oz)</p><a href="https://www.amazon.com/dp/B091NJQ29P?tag=eloabder-20&linkCode=osi&th=1&psc=1">View Product</a></div><div class="product"><a href="https://www.amazon.com/dp/B0BNLRSCRR?tag=eloabder-20&linkCode=osi&th=1&psc=1"><img src="https://m.media-amazon.com/images/I/41IMVQnA5uL._SL500_.jpg" alt="Product Image"></a><p>Blink Eye Drops for Dry Eyes, Triple Care Lubricant Eye Drops, Instantly Soothing, Moisturizing & Extra Long-Lasting Hydrating Eye Care for Moderate to Severe Dry Eye Symptom Relief, 0.34 fl oz</p><p>$12.37 ($36.38 / Fl Oz)</p><a href="https://www.amazon.com/dp/B0BNLRSCRR?tag=eloabder-20&linkCode=osi&th=1&psc=1">View Product</a></div><div class="product"><a href="https://www.amazon.com/dp/B08DG3C22G?tag=eloabder-20&linkCode=osi&th=1&psc=1"><img src="https://m.media-amazon.com/images/I/51NCnFVfYTL._SL500_.jpg" alt="Product Image"></a><p>Celor Under Eye Patches for Puffy Eyes and Dark Circles - Eye Masks with Amino Acids & Collagen, Eye Care for Wrinkles - Birthday Gift for Women - Skincare Self Care - USA Tested (20 Pairs)</p><p>$9.99 ($0.50 / Count)</p><a href="https://www.amazon.com/dp/B08DG3C22G?tag=eloabder-20&linkCode=osi&th=1&psc=1">View Product</a></div><div class="product"><a href="https://www.amazon.com/dp/B07BVYZL88?tag=eloabder-20&linkCode=osi&th=1&psc=1"><img src="https://m.media-amazon.com/images/I/41Nyltw77SL._SL500_.jpg" alt="Product Image"></a><p>LUMIFY Redness Reliever Eye Drops 0.25 Ounce (7.5mL)</p><p>$21.48 ($84.90 / Fl Oz)</p><a href="https://www.amazon.com/dp/B07BVYZL88?tag=eloabder-20&linkCode=osi&th=1&psc=1">View Product</a></div><div class="product"><a href="https://www.amazon.com/dp/B00CWY8O1O?tag=eloabder-20&linkCode=osi&th=1&psc=1"><img src="https://m.media-amazon.com/images/I/41GAeXziMYL._SL500_.jpg" alt="Product Image"></a><p>RoC Multi Correxion 5 in 1 Anti-Aging Eye Cream for Puffiness, Under Eye Bags & Dark Circles, Skin Care Treatment with Shea Butter, (.5 oz) with Night Cream Packette (Packaging May Vary)</p><p>$18.80 ($37.60 / Fl Oz)</p><a href="https://www.amazon.com/dp/B00CWY8O1O?tag=eloabder-20&linkCode=osi&th=1&psc=1">View Product</a></div><div class="product"><a href="https://www.amazon.com/dp/B0B1MFMS7W?tag=eloabder-20&linkCode=osi&th=1&psc=1"><img src="https://m.media-amazon.com/images/I/41BGKrFfFxL._SL500_.jpg" alt="Product Image"></a><p>CorneaCare Rest: Self Heating Warm Compress for Eyes | Heated Eye Mask for Fast Relief of Dry Eyes | No Microwave Needed | Eye Treatment Products for Dry Eye Relief | 30 Count | FSA & HSA Eligible</p><p>$35.00 ($1.17 / Count)</p><a href="https://www.amazon.com/dp/B0B1MFMS7W?tag=eloabder-20&linkCode=osi&th=1&psc=1">View Product</a></div><div class="product"><a href="https://www.amazon.com/dp/B0CQ2VBK8M?tag=eloabder-20&linkCode=osi&th=1&psc=1"><img src="https://m.media-amazon.com/images/I/61yjNxVwmgL._SL500_.jpg" alt="Product Image"></a><p>Under Eye Patches for Dark Circles and Puffy Eyes (30 Pairs), Marine Collagen Eye Gel Pads for Puffiness with Vitamin C, Hyaluronic Acid, and Pearl Extract, Eye Mask for Dark Circles and Puffiness</p><p>$19.95 ($0.66 / Count)</p><a href="https://www.amazon.com/dp/B0CQ2VBK8M?tag=eloabder-20&linkCode=osi&th=1&psc=1">View Product</a></div>
<div class="product"><a href="https://www.amazon.com/dp/B072N7WRHS?tag=eloabder-20&linkCode=osi&th=1&psc=1"><img src="https://m.media-amazon.com/images/I/413f-GdLNQL._SL500_.jpg" alt="Product Image"></a><p>Renu Contact Lens Solution Advanced Formula Multipurpose Lens Cleaner for Eye Contacts, Cleaning, Moisturizing and Disinfecting Care for Soft & Silicon Hydrogel Lenses, 12 Fl Oz (Pack of 2)</p><p>$14.96 ($0.62 / Fl Oz)</p><a href="https://www.amazon.com/dp/B072N7WRHS?tag=eloabder-20&linkCode=osi&th=1&psc=1">View Product</a></div><div class="product"><a href="https://www.amazon.com/dp/B09WRB83MX?tag=eloabder-20&linkCode=osi&th=1&psc=1"><img src="https://m.media-amazon.com/images/I/418Hy6lumfL._SL500_.jpg" alt="Product Image"></a><p>Biotrue Hydration Plus Contact Lens Solution, Multi-Purpose Solution for Soft Contact Lenses, Lens Case Included, 10 FL OZ (Pack of 2)</p><p>$18.99 ($0.95 / Fl Oz)</p><a href="https://www.amazon.com/dp/B09WRB83MX?tag=eloabder-20&linkCode=osi&th=1&psc=1">View Product</a></div><div class="product"><a href="https://www.amazon.com/dp/B00EALX660?tag=eloabder-20&linkCode=osi&th=1&psc=1"><img src="https://m.media-amazon.com/images/I/51nm-B778HL._SL500_.jpg" alt="Product Image"></a><p>Bausch & Lomb Sensitive Eyes Contact Lens Solution, Sensitive Eyes Solution for Soft Contact & Gas Permeable Lenses, Saline Solution with Potassium, 12 Fl Oz (Pack of 2)</p><p>$6.99 ($0.29 / Fl Oz)</p><a href="https://www.amazon.com/dp/B00EALX660?tag=eloabder-20&linkCode=osi&th=1&psc=1">View Product</a></div><div class="product"><a href="https://www.amazon.com/dp/B086TPW1WP?tag=eloabder-20&linkCode=osi&th=1&psc=1"><img src="https://m.media-amazon.com/images/I/51qNhUL2EvL._SL500_.jpg" alt="Product Image"></a><p>Renu Contact Lens Solution Multipurpose Disinfectant, Advanced Formula Lens Cleaner, Cleans & Moisturizes Soft & Silicon Hydrogel Lenses, Multi-Pack 16 Fl Oz (Pack of 2) + 2 Fl Oz Travel Size</p><p>$19.99 ($0.59 / Ounce)</p><a href="https://www.amazon.com/dp/B086TPW1WP?tag=eloabder-20&linkCode=osi&th=1&psc=1">View Product</a></div><div class="product"><a href="https://www.amazon.com/dp/B010GD3NUY?tag=eloabder-20&linkCode=osi&th=1&psc=1"><img src="https://m.media-amazon.com/images/I/51J4K0ac2IL._SL500_.jpg" alt="Product Image"></a><p>Clear Care Plus Cleaning Solution with Lens Case, Twin Pack, Multi, 12 Oz, Pack of 2</p><p>$17.49 ($0.73 / Fl Oz)</p><a href="https://www.amazon.com/dp/B010GD3NUY?tag=eloabder-20&linkCode=osi&th=1&psc=1">View Product</a></div><div class="product"><a href="https://www.amazon.com/dp/B072N7WNTK?tag=eloabder-20&linkCode=osi&th=1&psc=1"><img src="https://m.media-amazon.com/images/I/4109e6u0vfL._SL500_.jpg" alt="Product Image"></a><p>Renu Contact Lens Solution Multipurpose Disinfectant, Advanced Formula Lens Cleaner, Cleans & Moisturizes Soft & Silicon Hydrogel Lenses, 12 Fl Oz</p><p>$8.58 ($0.72 / Fl Oz)</p><a href="https://www.amazon.com/dp/B072N7WNTK?tag=eloabder-20&linkCode=osi&th=1&psc=1">View Product</a></div><div class="product"><a href="https://www.amazon.com/dp/B001V9QLYI?tag=eloabder-20&linkCode=osi&th=1&psc=1"><img src="https://m.media-amazon.com/images/I/41LQd8ELOOL._SL500_.jpg" alt="Product Image"></a><p>Boston Advance Contact Lens Solution by Bausch+ Lomb, for Gas Permeable Contact Lenses, 1 Fl Oz (Packaging May Vary)</p><p>$9.48</p><a href="https://www.amazon.com/dp/B001V9QLYI?tag=eloabder-20&linkCode=osi&th=1&psc=1">View Product</a></div><div class="product"><a href="https://www.amazon.com/dp/B001LFF5WG?tag=eloabder-20&linkCode=osi&th=1&psc=1"><img src="https://m.media-amazon.com/images/I/41yeo4z2YQL._SL500_.jpg" alt="Product Image"></a><p>Boston Simplus Contact Lens Solution, for Gas Permeable Contact Lenses, 3.5 Fl Oz</p><p>$9.58 ($2.74 / Fl Oz)</p><a href="https://www.amazon.com/dp/B001LFF5WG?tag=eloabder-20&linkCode=osi&th=1&psc=1">View Product</a></div><div class="product"><a href="https://www.amazon.com/dp/B018KC4G2C?tag=eloabder-20&linkCode=osi&th=1&psc=1"><img src="https://m.media-amazon.com/images/I/41f3UfFJoWL._SL500_.jpg" alt="Product Image"></a><p>Biotrue Contact Lens Solution, Multi-Purpose Solution for Soft Contact Lenses, Lens Case Included, 2 FL OZ</p><p>$3.43 ($1.72 / Fl Oz)</p><a href="https://www.amazon.com/dp/B018KC4G2C?tag=eloabder-20&linkCode=osi&th=1&psc=1">View Product</a></div><div class="product"><a href="https://www.amazon.com/dp/B01DP74HR6?tag=eloabder-20&linkCode=osi&th=1&psc=1"><img src="https://m.media-amazon.com/images/I/41262O5xYEL._SL500_.jpg" alt="Product Image"></a><p>Biotrue Contact Lens Solution, Multi-Purpose Solution for Soft Contact Lenses, Lens Case Included, 4 FL OZ</p><p>$4.86 ($1.22 / Fl Oz)</p><a href="https://www.amazon.com/dp/B01DP74HR6?tag=eloabder-20&linkCode=osi&th=1&psc=1">View Product</a></div>
<div class="product"><a href="https://www.amazon.com/dp/B09XW9LBLF?tag=eloabder-20&linkCode=osi&th=1&psc=1"><img src="https://m.media-amazon.com/images/I/51n47pJYTJL._SL500_.jpg" alt="Product Image"></a><p>Arm & Hammer Simply Saline Daily Care Nasal Mist 4.4oz, Saline Nasal Spray, Drug-Free, 3-Pack</p><p>$13.67 ($1.04 / Ounce)</p><a href="https://www.amazon.com/dp/B09XW9LBLF?tag=eloabder-20&linkCode=osi&th=1&psc=1">View Product</a></div><div class="product"><a href="https://www.amazon.com/dp/B088WMFYMJ?tag=eloabder-20&linkCode=osi&th=1&psc=1"><img src="https://m.media-amazon.com/images/I/517b8NFQwCL._SL500_.jpg" alt="Product Image"></a><p>Flonase Allergy Relief Nasal Spray, 24 Hour Non Drowsy Allergy Medicine, Metered Nasal Spray - 72 Sprays - Fall and Seasonal Allergy Relief</p><p>$17.48 ($46.00 / Fl Oz)</p><a href="https://www.amazon.com/dp/B088WMFYMJ?tag=eloabder-20&linkCode=osi&th=1&psc=1">View Product</a></div><div class="product"><a href="https://www.amazon.com/dp/B082DMRQRK?tag=eloabder-20&linkCode=osi&th=1&psc=1"><img src="https://m.media-amazon.com/images/I/51Jdsg2qhIL._SL500_.jpg" alt="Product Image"></a><p>HealthA2Z® Fluticasone Propionate Nasal Sprays | Allery Relief Spray | Runny Nose | Nasal Congestion | Sneezing | Itchy Watery Eyes | 24 Hour Allergy Relief | (2 Packs)</p><p>$24.75 ($22.92 / Fl Oz)</p><a href="https://www.amazon.com/dp/B082DMRQRK?tag=eloabder-20&linkCode=osi&th=1&psc=1">View Product</a></div><div class="product"><a href="https://www.amazon.com/dp/B0B59NJFNX?tag=eloabder-20&linkCode=osi&th=1&psc=1"><img src="https://m.media-amazon.com/images/I/51RAk5kegDL._SL500_.jpg" alt="Product Image"></a><p>Astepro Nasal Spray, 24-Hour Allergy Relief, Steroid-Free Antihistamine, Nasal Congestion, Runny & Itchy Nose, For Adults and Children 6 Years and Older, 200 Metered Sprays (1 Bottle)</p><p>$34.95 ($34.60 / Fl Oz)</p><a href="https://www.amazon.com/dp/B0B59NJFNX?tag=eloabder-20&linkCode=osi&th=1&psc=1">View Product</a></div><div class="product"><a href="https://www.amazon.com/dp/B08ZF4QDKG?tag=eloabder-20&linkCode=osi&th=1&psc=1"><img src="https://m.media-amazon.com/images/I/41QbiS5l98L._SL500_.jpg" alt="Product Image"></a><p>Amazon Basic Care Maximum Strength 12 Hour Nasal Spray, Oxymetazoline HCl Solution, Congestion Relief, Cold and Allergy Medicine, Decongestant, 1 Fl Oz (Pack of 1)</p><p>$3.99</p><a href="https://www.amazon.com/dp/B08ZF4QDKG?tag=eloabder-20&linkCode=osi&th=1&psc=1">View Product</a></div><div class="product"><a href="https://www.amazon.com/dp/B098PY8KGP?tag=eloabder-20&linkCode=osi&th=1&psc=1"><img src="https://m.media-amazon.com/images/I/41BksBu+y6L._SL500_.jpg" alt="Product Image"></a><p>Amazon Basic Care 24-Hour Allergy Relief Nasal Spray, Fluticasone Propionate (Glucocorticoid), 50 mcg, Full Prescription Strength, Non-Drowsy, 0.62 fl oz (Pack of 1)</p><p>$13.11 ($21.15 / Fl Oz)</p><a href="https://www.amazon.com/dp/B098PY8KGP?tag=eloabder-20&linkCode=osi&th=1&psc=1">View Product</a></div><div class="product"><a href="https://www.amazon.com/dp/B07MLTLN74?tag=eloabder-20&linkCode=osi&th=1&psc=1"><img src="https://m.media-amazon.com/images/I/41sFNiAjpkL._SL500_.jpg" alt="Product Image"></a><p>Amazon Basic Care No Drip Severe Congestion Nasal Pump Mist Spray, 12 Hour Relief, Oxymetazoline HCl, Maximum Strength Plus Menthol, Steroid Free, 1 fl oz (Pack of 1)</p><p>$6.99</p><a href="https://www.amazon.com/dp/B07MLTLN74?tag=eloabder-20&linkCode=osi&th=1&psc=1">View Product</a></div><div class="product"><a href="https://www.amazon.com/dp/B07MLTLN75?tag=eloabder-20&linkCode=osi&th=1&psc=1"><img src="https://m.media-amazon.com/images/I/41g+3os1psL._SL500_.jpg" alt="Product Image"></a><p>Amazon Basic Care No Drip Nasal Spray, 12 Hour Nasal Decongestant, Pump Mist, Oxymetazoline HCl, Cold and Allergy Nasal Spray, 1 fl oz (Pack of 1)</p><p>$5.79</p><a href="https://www.amazon.com/dp/B07MLTLN75?tag=eloabder-20&linkCode=osi&th=1&psc=1">View Product</a></div><div class="product"><a href="https://www.amazon.com/dp/B09J19Q189?tag=eloabder-20&linkCode=osi&th=1&psc=1"><img src="https://m.media-amazon.com/images/I/513rHNbyUxL._SL500_.jpg" alt="Product Image"></a><p>Flonase Allergy Relief Nasal Spray, 24-Hour Non-Drowsy Multi-Symptom Relief - 72 Sprays plus Bonus Pack of Tissues</p><p>$17.49</p><a href="https://www.amazon.com/dp/B09J19Q189?tag=eloabder-20&linkCode=osi&th=1&psc=1">View Product</a></div>
<div class="product"><a href="https://www.amazon.com/dp/B001FWXKTA?tag=eloabder-20&linkCode=osi&th=1&psc=1"><img src="https://m.media-amazon.com/images/I/31Rb8V-nAVL._SL500_.jpg" alt="Product Image"></a><p>Vicks Warm Mist Humidifier Small to Large Room for Baby, Kids and Adults, 1 Gallon Tank</p><p>$42.99</p><a href="https://www.amazon.com/dp/B001FWXKTA?tag=eloabder-20&linkCode=osi&th=1&psc=1">View Product</a></div>



<div class="product"><a href="https://www.amazon.com/dp/B01NCMJPOQ?tag=eloabder-20&linkCode=osi&th=1&psc=1"><img src="https://m.media-amazon.com/images/I/413cE2SHNeL._SL500_.jpg" alt="Product Image"></a><p>Lee Beauty Professional Callus Remover for Feet - Original, Powerful Formulation - Extra Strength Gel, Home Pedicure Foot Spa Results - Cracked & Dead Dry Skin Supplies - 8 Oz</p><p>$14.99 ($1.87 / Ounce)</p><a href="https://www.amazon.com/dp/B01NCMJPOQ?tag=eloabder-20&linkCode=osi&th=1&psc=1">View Product</a></div><div class="product"><a href="https://www.amazon.com/dp/B07Z6CG253?tag=eloabder-20&linkCode=osi&th=1&psc=1"><img src="https://m.media-amazon.com/images/I/41pgtZmmDcL._SL500_.jpg" alt="Product Image"></a><p>Okay Himalayan Pink Salt Detoxifying Foot Soak With & Tea Tree Oil, lavender, 20 Ounce</p><p>$9.99 ($0.50 / Ounce)</p><a href="https://www.amazon.com/dp/B07Z6CG253?tag=eloabder-20&linkCode=osi&th=1&psc=1">View Product</a></div><div class="product"><a href="https://www.amazon.com/dp/B07HRYCWQZ?tag=eloabder-20&linkCode=osi&th=1&psc=1"><img src="https://m.media-amazon.com/images/I/41foQatg2ZL._SL500_.jpg" alt="Product Image"></a><p>Extra Strength Callus Remover for Feet - Callus Remover Gel Foot Scrubber for Dead Skin - Professional Pedicure Foot Spa Essential, 6oz</p><p>$8.95</p><a href="https://www.amazon.com/dp/B07HRYCWQZ?tag=eloabder-20&linkCode=osi&th=1&psc=1">View Product</a></div><div class="product"><a href="https://www.amazon.com/dp/B00LE99PA2?tag=eloabder-20&linkCode=osi&th=1&psc=1"><img src="https://m.media-amazon.com/images/I/518ViTgYdGL._SL500_.jpg" alt="Product Image"></a><p>Amopé Pedi Perfect Electric Callus Remover Foot File w/ Diamond Crystals, Pedicure Tool for Feet, Removes Hard & Dead Skin, Feet Scrubber & Buffer, Splashproof, w/ Extra Coarse Roller Head, 1 Count</p><p>$19.88</p><a href="https://www.amazon.com/dp/B00LE99PA2?tag=eloabder-20&linkCode=osi&th=1&psc=1">View Product</a></div><div class="product"><a href="https://www.amazon.com/dp/B09NF6QX1G?tag=eloabder-20&linkCode=osi&th=1&psc=1"><img src="https://m.media-amazon.com/images/I/41HuNW0tjuL._SL500_.jpg" alt="Product Image"></a><p>Nervive Nerve Care, Pain Relieving Roll On Liquid, Max Strength No-Mess Topical Pain Reliever with Lidocaine and Menthol for Toes, Feet, Fingers, Hands, Legs & Arms, 2.5oz</p><p>$11.28 ($4.51 / Ounce)</p><a href="https://www.amazon.com/dp/B09NF6QX1G?tag=eloabder-20&linkCode=osi&th=1&psc=1">View Product</a></div>
<div class="product"><a href="https://www.amazon.com/dp/B004D24818?tag=eloabder-20&linkCode=osi&th=1&psc=1"><img src="https://m.media-amazon.com/images/I/41bHH-v8WsL._SL500_.jpg" alt="Product Image"></a><p>Neutrogena Retinol Eye Cream for Dark Circles, Rapid Wrinkle Repair, Daily Anti-Aging Under Eye Cream with Retinol & Hyaluronic Acid to Fight Fine Lines, Wrinkles, & Dark Spots, 0.5 fl. oz</p><p>$17.55 ($35.10 / Fl Oz)</p><a href="https://www.amazon.com/dp/B004D24818?tag=eloabder-20&linkCode=osi&th=1&psc=1">View Product</a></div><div class="product"><a href="https://www.amazon.com/dp/B01D1DR514?tag=eloabder-20&linkCode=osi&th=1&psc=1"><img src="https://m.media-amazon.com/images/I/31xMIASoSRL._SL500_.jpg" alt="Product Image"></a><p>e.l.f. SKIN Holy Hydration! Eye Cream, Rich Hydrating Eye Cream For Minimizing Dark Circles, Infused With Hyaluronic Acid, Vegan & Cruelty-free</p><p>$10.00 ($18.87 / Ounce)</p><a href="https://www.amazon.com/dp/B01D1DR514?tag=eloabder-20&linkCode=osi&th=1&psc=1">View Product</a></div><div class="product"><a href="https://www.amazon.com/dp/B0CRM6KKK5?tag=eloabder-20&linkCode=osi&th=1&psc=1"><img src="https://m.media-amazon.com/images/I/21nz5wmE0lL._SL500_.jpg" alt="Product Image"></a><p>Eight Saints Wonder-fill Plumping Eye Cream, Natural and Organic Anti Aging Under Eye Cream to Plump Skin, Reduce Wrinkles, Fine Lines, and Under Eye Bags, Dark Circles Under Eye Treatment, 0.5 Ounces</p><p>$38.00 ($76.00 / Ounce)</p><a href="https://www.amazon.com/dp/B0CRM6KKK5?tag=eloabder-20&linkCode=osi&th=1&psc=1">View Product</a></div>


<div class="product"><a href="https://www.amazon.com/dp/B099J2SWXV?tag=eloabder-20&linkCode=osi&th=1&psc=1"><img src="https://m.media-amazon.com/images/I/51XFs0dRjpL._SL500_.jpg" alt="Product Image"></a><p>Dymatize ISO100 Hydrolyzed Protein Powder, 100% Whey Isolate Protein, 25g of Protein, 5.5g BCAAs, Gluten Free, Fast Absorbing, Easy Digesting, Gourmet Vanilla, 20 servings</p><p>$27.96 ($1.30 / Ounce)</p><a href="https://www.amazon.com/dp/B099J2SWXV?tag=eloabder-20&linkCode=osi&th=1&psc=1">View Product</a></div><div class="product"><a href="https://www.amazon.com/dp/B000QSNYGI?tag=eloabder-20&linkCode=osi&th=1&psc=1"><img src="https://m.media-amazon.com/images/I/418FT93kkzL._SL500_.jpg" alt="Product Image"></a><p>Optimum Nutrition Gold Standard 100% Whey Protein Powder, Double Rich Chocolate, 5 Pound (Packaging May Vary)</p><p>$73.33 ($0.92 / Ounce)</p><a href="https://www.amazon.com/dp/B000QSNYGI?tag=eloabder-20&linkCode=osi&th=1&psc=1">View Product</a></div><div class="product"><a href="https://www.amazon.com/dp/B013MRPPL6?tag=eloabder-20&linkCode=osi&th=1&psc=1"><img src="https://m.media-amazon.com/images/I/51fmY5QAcGL._SL500_.jpg" alt="Product Image"></a><p>Equip Foods Prime Protein - Grass Fed Beef Protein Powder Isolate - Paleo and Keto Friendly, Gluten Free Carnivore Protein Powder - Chocolate, 1.7 Pounds - Helps Build and Repair Tissue</p><p>$67.99 ($2.50 / Ounce)</p><a href="https://www.amazon.com/dp/B013MRPPL6?tag=eloabder-20&linkCode=osi&th=1&psc=1">View Product</a></div><div class="product"><a href="https://www.amazon.com/dp/B00J074W7Q?tag=eloabder-20&linkCode=osi&th=1&psc=1"><img src="https://m.media-amazon.com/images/I/417tUIFuGVL._SL500_.jpg" alt="Product Image"></a><p>Orgain Organic Vegan Protein Powder, Vanilla Bean - 21g Plant Protein, 4g Prebiotic Fiber, No Lactose Ingredients, No Added Sugar, Non-GMO, For Shakes & Smoothies, 2.03 lb (Packaging May Vary)</p><p>$26.34 ($0.81 / Ounce)</p><a href="https://www.amazon.com/dp/B00J074W7Q?tag=eloabder-20&linkCode=osi&th=1&psc=1">View Product</a></div><div class="product"><a href="https://www.amazon.com/dp/B06Y5ZG66K?tag=eloabder-20&linkCode=osi&th=1&psc=1"><img src="https://m.media-amazon.com/images/I/51Lyzdfa4oL._SL500_.jpg" alt="Product Image"></a><p>Premier Protein Powder, Chocolate Milkshake, 30g Protein, 1g Sugar, 100% Whey Protein, Keto Friendly, No Soy Ingredients, Gluten Free, 17 Servings, 23.9 Ounce (Pack of 1)</p><p>$25.18 ($1.03 / Ounce)</p><a href="https://www.amazon.com/dp/B06Y5ZG66K?tag=eloabder-20&linkCode=osi&th=1&psc=1">View Product</a></div><div class="product"><a href="https://www.amazon.com/dp/B0BJLBD427?tag=eloabder-20&linkCode=osi&th=1&psc=1"><img src="https://m.media-amazon.com/images/I/51YnBZqOwCL._SL500_.jpg" alt="Product Image"></a><p>Body Fortress Super Advanced Whey Protein Powder, Chocolate, Immune Support (1), Vitamins C & D Plus Zinc, 1.78 lbs (Packaging May Vary)</p><p>$22.98 ($0.81 / Ounce)</p><a href="https://www.amazon.com/dp/B0BJLBD427?tag=eloabder-20&linkCode=osi&th=1&psc=1">View Product</a></div><div class="product"><a href="https://www.amazon.com/dp/B07PXNNFGT?tag=eloabder-20&linkCode=osi&th=1&psc=1"><img src="https://m.media-amazon.com/images/I/51Fw9Wm0sGL._SL500_.jpg" alt="Product Image"></a><p>Orgain Organic Vegan Protein + 50 Superfoods Powder, Vanilla Bean - 21g Plant Based Protein, 8g Prebiotic Fiber, No Lactose Ingredients, Gluten Free, No Added Sugar, Non-GMO, 2.02 lb</p><p>$29.99 ($0.93 / Ounce)</p><a href="https://www.amazon.com/dp/B07PXNNFGT?tag=eloabder-20&linkCode=osi&th=1&psc=1">View Product</a></div><div class="product"><a href="https://www.amazon.com/dp/B00EACSHF4?tag=eloabder-20&linkCode=osi&th=1&psc=1"><img src="https://m.media-amazon.com/images/I/41D4SI8q0mL._SL500_.jpg" alt="Product Image"></a><p>Dymatize Elite 100% Whey Protein Powder, 25g Protein, 5.5g BCAAs & 2.7g L-Leucine, Quick Absorbing & Fast Digesting for Optimal Muscle Recovery, Gourmet Vanilla, 5 Pound, 67 Servings</p><p>$67.49 ($0.84 / Ounce)</p><a href="https://www.amazon.com/dp/B00EACSHF4?tag=eloabder-20&linkCode=osi&th=1&psc=1">View Product</a></div><div class="product"><a href="https://www.amazon.com/dp/B00J074W94?tag=eloabder-20&linkCode=osi&th=1&psc=1"><img src="https://m.media-amazon.com/images/I/41jXWg1fe6L._SL500_.jpg" alt="Product Image"></a><p>Orgain Organic Vegan Protein Powder, Creamy Chocolate Fudge - 21g Plant Protein, 7g Prebiotic Fiber, Low Net Carb, No Lactose Ingredients, No Added Sugar, Non-GMO, For Shakes & Smoothies, 2.03 lb</p><p>$30.49 ($0.94 / Ounce)</p><a href="https://www.amazon.com/dp/B00J074W94?tag=eloabder-20&linkCode=osi&th=1&psc=1">View Product</a></div><div class="product"><a href="https://www.amazon.com/dp/B002DYIZHG?tag=eloabder-20&linkCode=osi&th=1&psc=1"><img src="https://m.media-amazon.com/images/I/41JLcuooSqL._SL500_.jpg" alt="Product Image"></a><p>Optimum Nutrition Gold Standard 100% Whey Protein Powder, Extreme Milk Chocolate, 2 Pound (Pack of 1) (Packaging May Vary)</p><p>$35.47 ($1.11 / Ounce)</p><a href="https://www.amazon.com/dp/B002DYIZHG?tag=eloabder-20&linkCode=osi&th=1&psc=1">View Product</a></div>
<div class="product"><a href="https://www.amazon.com/dp/B019GU4ILQ?tag=eloabder-20&linkCode=osi&th=1&psc=1"><img src="https://m.media-amazon.com/images/I/51QLnQIgtZL._SL500_.jpg" alt="Product Image"></a><p>Nuun Sport Electrolyte Tablets for Proactive Hydration, Mixed Citrus Berry Flavors, 4 Pack (40 Servings)</p><p>$21.80 ($0.54 / Count)</p><a href="https://www.amazon.com/dp/B019GU4ILQ?tag=eloabder-20&linkCode=osi&th=1&psc=1">View Product</a></div><div class="product"><a href="https://www.amazon.com/dp/B07DX89ZHN?tag=eloabder-20&linkCode=osi&th=1&psc=1"><img src="https://m.media-amazon.com/images/I/41INqodQzYL._SL500_.jpg" alt="Product Image"></a><p>Sports Research Triple Strength Omega 3 Fish Oil - Burpless Fish Oil Supplement w/EPA & DHA Fatty Acids from Single-Source Wild Alaska Pollock - 1250 mg, 90 ct</p><p>$26.95 ($0.30 / Count)</p><a href="https://www.amazon.com/dp/B07DX89ZHN?tag=eloabder-20&linkCode=osi&th=1&psc=1">View Product</a></div><div class="product"><a href="https://www.amazon.com/dp/B0892R2K3P?tag=eloabder-20&linkCode=osi&th=1&psc=1"><img src="https://m.media-amazon.com/images/I/41Ru5Hoi+JL._SL500_.jpg" alt="Product Image"></a><p>BARE PERFORMANCE NUTRITION, BPN G.1.M Go One More Sport, Endurance Training Fuel, Fruit Punch, Superior Carbohydrate Source & Electrolyte Formula, Reduce Fatigue, 25 Servings</p><p>$39.99 ($1.92 / Ounce)</p><a href="https://www.amazon.com/dp/B0892R2K3P?tag=eloabder-20&linkCode=osi&th=1&psc=1">View Product</a></div><div class="product"><a href="https://www.amazon.com/dp/B000GISTZ4?tag=eloabder-20&linkCode=osi&th=1&psc=1"><img src="https://m.media-amazon.com/images/I/41oF8bNCKHL._SL500_.jpg" alt="Product Image"></a><p>Optimum Nutrition Gold Standard 100% Whey Protein Powder, Vanilla Ice Cream, 2 Pound (Pack of 1) (Packaging May Vary)</p><p>$35.34 ($1.10 / Ounce)</p><a href="https://www.amazon.com/dp/B000GISTZ4?tag=eloabder-20&linkCode=osi&th=1&psc=1">View Product</a></div><div class="product"><a href="https://www.amazon.com/dp/B0CCJZVJYG?tag=eloabder-20&linkCode=osi&th=1&psc=1"><img src="https://m.media-amazon.com/images/I/41tfAgk2pvL._SL500_.jpg" alt="Product Image"></a><p>Sports Research Creatine Monohydrate - Gain Lean Muscle, Improve Performance and Strength and Support Workout Recovery - 5 g Micronized Creatine - 1.1LBS</p><p>$27.95 ($1.58 / Ounce)</p><a href="https://www.amazon.com/dp/B0CCJZVJYG?tag=eloabder-20&linkCode=osi&th=1&psc=1">View Product</a></div><div class="product"><a href="https://www.amazon.com/dp/B0BSNZLT17?tag=eloabder-20&linkCode=osi&th=1&psc=1"><img src="https://m.media-amazon.com/images/I/41nQChd8nGL._SL500_.jpg" alt="Product Image"></a><p>Animal Pak - Convenient All-in-One Vitamin & Supplement Pack - Zinc, Vitamins C, B, D, Amino Acids and More - Sports Nutrition Performance Mulitvitamin for Women & Men - Updated Version - 44 Count</p><p>$39.94 ($0.91 / Count)</p><a href="https://www.amazon.com/dp/B0BSNZLT17?tag=eloabder-20&linkCode=osi&th=1&psc=1">View Product</a></div><div class="product"><a href="https://www.amazon.com/dp/B002DYIZEE?tag=eloabder-20&linkCode=osi&th=1&psc=1"><img src="https://m.media-amazon.com/images/I/41bCZ4N2pdL._SL500_.jpg" alt="Product Image"></a><p>Optimum Nutrition Micronized Creatine Monohydrate Powder, Unflavored, Keto Friendly, 60 Servings (Packaging May Vary)</p><p>$20.45 ($1.93 / Ounce)</p><a href="https://www.amazon.com/dp/B002DYIZEE?tag=eloabder-20&linkCode=osi&th=1&psc=1">View Product</a></div><div class="product"><a href="https://www.amazon.com/dp/B0013OWAB4?tag=eloabder-20&linkCode=osi&th=1&psc=1"><img src="https://m.media-amazon.com/images/I/41rmB5rTj8L._SL500_.jpg" alt="Product Image"></a><p>NOW Sports Nutrition, Whey Protein Isolate, 25 g With BCAAs, Unflavored Powder, 1.2-Pound</p><p>$28.95 ($1.51 / Ounce)</p><a href="https://www.amazon.com/dp/B0013OWAB4?tag=eloabder-20&linkCode=osi&th=1&psc=1">View Product</a></div><div class="product"><a href="https://www.amazon.com/dp/B001LXMUW6?tag=eloabder-20&linkCode=osi&th=1&psc=1"><img src="https://m.media-amazon.com/images/I/413hbtz4hkL._SL500_.jpg" alt="Product Image"></a><p>NOW Sports Nutrition, ZMA (Zinc, Magnesium and Vitamin B-6), Enhanced Absorption, Sports Recovery*, 180 Capsules</p><p>$24.53 ($0.14 / Count)</p><a href="https://www.amazon.com/dp/B001LXMUW6?tag=eloabder-20&linkCode=osi&th=1&psc=1">View Product</a></div><div class="product"><a href="https://www.amazon.com/dp/B07BVJ858K?tag=eloabder-20&linkCode=osi&th=1&psc=1"><img src="https://m.media-amazon.com/images/I/510iuVavSBL._SL500_.jpg" alt="Product Image"></a><p>C4 Ripped Sport Pre Workout Powder Arctic Snow Cone - NSF Certified for Sport + Sugar Free Preworkout Energy Supplement for Men & Women - 135mg Caffeine + Weight Loss - 30 Servings</p><p>$22.94 ($2.64 / Ounce)</p><a href="https://www.amazon.com/dp/B07BVJ858K?tag=eloabder-20&linkCode=osi&th=1&psc=1">View Product</a></div>
<div class="product"><a href="https://www.amazon.com/dp/B078SJH4V3?tag=eloabder-20&linkCode=osi&th=1&psc=1"><img src="https://m.media-amazon.com/images/I/41Jdxoi2qyL._SL500_.jpg" alt="Product Image"></a><p>Turmeric Curcumin with BioPerine & Ginger 95% Curcuminoids 1950mg - Black Pepper Extract for Max Absorption, Nature's Joint Support Supplement, Herbal Turmeric Pills, Vegan Non-GMO - 60 Capsules</p><p>$12.82 ($0.21 / Count)</p><a href="https://www.amazon.com/dp/B078SJH4V3?tag=eloabder-20&linkCode=osi&th=1&psc=1">View Product</a></div><div class="product"><a href="https://www.amazon.com/dp/B01NCUJPBF?tag=eloabder-20&linkCode=osi&th=1&psc=1"><img src="https://m.media-amazon.com/images/I/418t59tc2oL._SL500_.jpg" alt="Product Image"></a><p>Liver Cleanse and Detox & Repair Formula - Herbal Liver Support Supplement with Milk Thistle Dandelion Root & Artichoke Extract for Liver Health - Silymarin Milk Thistle Liver Detox Capsules</p><p>$22.77 ($0.33 / Count)</p><a href="https://www.amazon.com/dp/B01NCUJPBF?tag=eloabder-20&linkCode=osi&th=1&psc=1">View Product</a></div><div class="product"><a href="https://www.amazon.com/dp/B07FSWJ5QR?tag=eloabder-20&linkCode=osi&th=1&psc=1"><img src="https://m.media-amazon.com/images/I/41PO8m1VIWL._SL500_.jpg" alt="Product Image"></a><p>Herbal Roots Organic Whole Bulb Garlic Pills - Potent Extra Strength | 600 mg - 60 Organic Vegan Capsules</p><p>$23.99 ($0.40 / Count)</p><a href="https://www.amazon.com/dp/B07FSWJ5QR?tag=eloabder-20&linkCode=osi&th=1&psc=1">View Product</a></div><div class="product"><a href="https://www.amazon.com/dp/B07W7N8SLX?tag=eloabder-20&linkCode=osi&th=1&psc=1"><img src="https://m.media-amazon.com/images/I/51G0BB4e-AL._SL500_.jpg" alt="Product Image"></a><p>Turmeric Curcumin with BioPerine 95% Standardized Curcuminoids 1950mg - Black Pepper Extract for Max Absorption, Nature's Joint Support Supplement, Herbal Turmeric Pills, Vegan Non-GMO - 240 Capsules</p><p>$26.32 ($0.11 / Count)</p><a href="https://www.amazon.com/dp/B07W7N8SLX?tag=eloabder-20&linkCode=osi&th=1&psc=1">View Product</a></div><div class="product"><a href="https://www.amazon.com/dp/B00HG0YZMG?tag=eloabder-20&linkCode=osi&th=1&psc=1"><img src="https://m.media-amazon.com/images/I/41VJNay0ZCL._SL500_.jpg" alt="Product Image"></a><p>Quality of Life Premium Kinoko Platinum AHCC Herbal Supplement, 750mg of AHCC per Capsule, for Immune Support, Liver Function, Maintains Natural Killer Cell Activity, 1 Pack, 60 Veggie Capsules</p><p>$74.96 ($1.25 / Count)</p><a href="https://www.amazon.com/dp/B00HG0YZMG?tag=eloabder-20&linkCode=osi&th=1&psc=1">View Product</a></div><div class="product"><a href="https://www.amazon.com/dp/B000RP5Q70?tag=eloabder-20&linkCode=osi&th=1&psc=1"><img src="https://m.media-amazon.com/images/I/31URCaNT8sL._SL500_.jpg" alt="Product Image"></a><p>Source Naturals Wellness Formula Bio-Aligned Vitamins & Herbal Defense for Immune System Support - Dietary Supplement & Immunity Booster - 60 Capsules</p><p>$9.63 ($0.16 / Count)</p><a href="https://www.amazon.com/dp/B000RP5Q70?tag=eloabder-20&linkCode=osi&th=1&psc=1">View Product</a></div><div class="product"><a href="https://www.amazon.com/dp/B0BNWDY2G7?tag=eloabder-20&linkCode=osi&th=1&psc=1"><img src="https://m.media-amazon.com/images/I/41fiG9I387L._SL500_.jpg" alt="Product Image"></a><p>Carlyle Turmeric Curcumin Supplement 2400mg | 180 Powder Capsules | Herbal Formula | Non-GMO, Gluten Free</p><p>$9.89 ($0.05 / Count)</p><a href="https://www.amazon.com/dp/B0BNWDY2G7?tag=eloabder-20&linkCode=osi&th=1&psc=1">View Product</a></div><div class="product"><a href="https://www.amazon.com/dp/B09QCTW4Z1?tag=eloabder-20&linkCode=osi&th=1&psc=1"><img src="https://m.media-amazon.com/images/I/51SwkLX9yzL._SL500_.jpg" alt="Product Image"></a><p>Turmeric Tablets 2600mg with Black Pepper & Ginger - 95% Curcumin Extract 180 and (3 Month) High Strength Active Supplements Not Capsules,by New Leaf</p><p>$14.95 ($0.08 / Count)</p><a href="https://www.amazon.com/dp/B09QCTW4Z1?tag=eloabder-20&linkCode=osi&th=1&psc=1">View Product</a></div><div class="product"><a href="https://www.amazon.com/dp/B07TMQ3RW8?tag=eloabder-20&linkCode=osi&th=1&psc=1"><img src="https://m.media-amazon.com/images/I/51rnnuvcjaL._SL500_.jpg" alt="Product Image"></a><p>HCL HERBAL CODE LABS Turmeric Boswellia Extract Supplement 2000 mg – Strong Natural Joint Support Pills – Extra Strength Boswellia Serrata with Turmeric Curcumin Powder 90 Capsules</p><p>$22.88 ($0.25 / Count)</p><a href="https://www.amazon.com/dp/B07TMQ3RW8?tag=eloabder-20&linkCode=osi&th=1&psc=1">View Product</a></div>
<div class="product"><a href="https://www.amazon.com/dp/B00YMSLT88?tag=eloabder-20&linkCode=osi&th=1&psc=1"><img src="https://m.media-amazon.com/images/I/41S95x-3xaL._SL500_.jpg" alt="Product Image"></a><p>Nature Made Multivitamin Tablets with Iron, Multivitamin for Women and Men for Daily Nutritional Support, 130 Tablets, 130 Day Supply</p><p>$11.99 ($0.09 / Count)</p><a href="https://www.amazon.com/dp/B00YMSLT88?tag=eloabder-20&linkCode=osi&th=1&psc=1">View Product</a></div><div class="product"><a href="https://www.amazon.com/dp/B00FOTMGTU?tag=eloabder-20&linkCode=osi&th=1&psc=1"><img src="https://m.media-amazon.com/images/I/41PtIQlINuL._SL500_.jpg" alt="Product Image"></a><p>THORNE Basic Nutrients 2/Day - Comprehensive Daily Multivitamin with Optimal Bioavailability - Vitamin and Mineral Formula - Gluten-Free, Dairy-Free, Soy-Free - 60 Capsules - 30 Servings</p><p>$32.00 ($0.53 / Count)</p><a href="https://www.amazon.com/dp/B00FOTMGTU?tag=eloabder-20&linkCode=osi&th=1&psc=1">View Product</a></div><div class="product"><a href="https://www.amazon.com/dp/B097S1GQ5B?tag=eloabder-20&linkCode=osi&th=1&psc=1"><img src="https://m.media-amazon.com/images/I/41XR1ndDxdL._SL500_.jpg" alt="Product Image"></a><p>Primal Harvest Multivitamin for Women and Men Vitamin A, Vitamin C, Vitamin D and E, Vitamin B12, B6, Biotin, Zinc Supplements, 30 Capsules</p><p>$29.95 ($1.00 / Count )</p><a href="https://www.amazon.com/dp/B097S1GQ5B?tag=eloabder-20&linkCode=osi&th=1&psc=1">View Product</a></div><div class="product"><a href="https://www.amazon.com/dp/B09BVYY7XR?tag=eloabder-20&linkCode=osi&th=1&psc=1"><img src="https://m.media-amazon.com/images/I/41y16Rsk2tL._SL500_.jpg" alt="Product Image"></a><p>Centrum Adult Multivitamin/Multimineral Supplement with Antioxidants, Zinc, Vitamin D3 and B Vitamins, Gluten Free, Non-GMO Ingredients - 200 Count</p><p>$12.12 ($0.06 / Count)</p><a href="https://www.amazon.com/dp/B09BVYY7XR?tag=eloabder-20&linkCode=osi&th=1&psc=1">View Product</a></div><div class="product"><a href="https://www.amazon.com/dp/B09KF8MKB8?tag=eloabder-20&linkCode=osi&th=1&psc=1"><img src="https://m.media-amazon.com/images/I/41jL2KGnSaL._SL500_.jpg" alt="Product Image"></a><p>One A Day Men’s 50+ Healthy Advantage Multivitamin, Multivitamin for Men with Vitamins A, C, E, B6, B12, Calcium and Vitamin D, Tablet, 200 Count (Pack of 1)</p><p>$19.98 ($0.10 / Count)</p><a href="https://www.amazon.com/dp/B09KF8MKB8?tag=eloabder-20&linkCode=osi&th=1&psc=1">View Product</a></div><div class="product"><a href="https://www.amazon.com/dp/B01BGZVXC6?tag=eloabder-20&linkCode=osi&th=1&psc=1"><img src="https://m.media-amazon.com/images/I/41Jd5FzxAkL._SL500_.jpg" alt="Product Image"></a><p>Pure Encapsulations O.N.E. Multivitamin - Once Daily Multivitamin with Antioxidant Complex Metafolin, CoQ10, and Lutein to Support Vision, Cognitive Function, and Cellular Health* - 120 Capsules</p><p>$86.00 ($0.72 / Count)</p><a href="https://www.amazon.com/dp/B01BGZVXC6?tag=eloabder-20&linkCode=osi&th=1&psc=1">View Product</a></div><div class="product"><a href="https://www.amazon.com/dp/B007L0DONW?tag=eloabder-20&linkCode=osi&th=1&psc=1"><img src="https://m.media-amazon.com/images/I/41vIgYSAtXL._SL500_.jpg" alt="Product Image"></a><p>vitafusion Adult Gummy Vitamins for Men, Berry Flavored Daily Multivitamins for Men With Vitamins A, C, D, E, B6 and B12, America’s Number 1 Gummy Vitamin Brand, 75 Day Supply, 150 Count</p><p>$11.99 ($0.08 / Count)</p><a href="https://www.amazon.com/dp/B007L0DONW?tag=eloabder-20&linkCode=osi&th=1&psc=1">View Product</a></div><div class="product"><a href="https://www.amazon.com/dp/B0007YCC7S?tag=eloabder-20&linkCode=osi&th=1&psc=1"><img src="https://m.media-amazon.com/images/I/41ZeBcOfAQL._SL500_.jpg" alt="Product Image"></a><p>Rainbow Light Multivitamin for Men, Vitamin C, D & Zinc, Probiotics, Men's One Multivitamin Provides High Potency Immune Support, Non-GMO, Vegetarian, 150 Tablets</p><p>$40.79 ($0.27 / Count)</p><a href="https://www.amazon.com/dp/B0007YCC7S?tag=eloabder-20&linkCode=osi&th=1&psc=1">View Product</a></div><div class="product"><a href="https://www.amazon.com/dp/B09QBKGDLS?tag=eloabder-20&linkCode=osi&th=1&psc=1"><img src="https://m.media-amazon.com/images/I/41Xr3sSp+8L._SL500_.jpg" alt="Product Image"></a><p>ONE A DAY Womens Complete Daily Multivitamin with Vitamin A, B , C, D, and E, Calcium and Magnesium, Immune Health Support, 200 Count</p><p>$17.48 ($0.09 / Count)</p><a href="https://www.amazon.com/dp/B09QBKGDLS?tag=eloabder-20&linkCode=osi&th=1&psc=1">View Product</a></div>
<div class="product"><a href="https://www.amazon.com/dp/B000NPYY04?tag=eloabder-20&linkCode=osi&th=1&psc=1"><img src="https://m.media-amazon.com/images/I/41AB0odrkeL._SL500_.jpg" alt="Product Image"></a><p>Nature's Bounty Fish Oil, Supports Heart Health, 1200 Mg, 360 Mg Omega-3, Rapid Release Softgels, 200 Ct</p><p>$13.32 ($0.07 / Count)</p><a href="https://www.amazon.com/dp/B000NPYY04?tag=eloabder-20&linkCode=osi&th=1&psc=1">View Product</a></div><div class="product"><a href="https://www.amazon.com/dp/B0046XC528?tag=eloabder-20&linkCode=osi&th=1&psc=1"><img src="https://m.media-amazon.com/images/I/41cdANHQ68L._SL500_.jpg" alt="Product Image"></a><p>Nature Made Fish Oil 1000 mg Softgels, Fish Oil Supplements, Omega 3 Fish Oil for Healthy Heart Support, Omega 3 Supplement with 250 Softgels, 125 Day Supply</p><p>$18.29 ($0.07 / Count)</p><a href="https://www.amazon.com/dp/B0046XC528?tag=eloabder-20&linkCode=osi&th=1&psc=1">View Product</a></div><div class="product"><a href="https://www.amazon.com/dp/B01BTBZWBU?tag=eloabder-20&linkCode=osi&th=1&psc=1"><img src="https://m.media-amazon.com/images/I/41KDZ4VcuHL._SL500_.jpg" alt="Product Image"></a><p>Sports Research Triple Strength Omega 3 Fish Oil - Burpless Fish Oil Supplement w/EPA & DHA Fatty Acids from Single-Source Wild Alaska Pollock - 1250 mg, 180 ct</p><p>$52.95 ($0.29 / Count)</p><a href="https://www.amazon.com/dp/B01BTBZWBU?tag=eloabder-20&linkCode=osi&th=1&psc=1">View Product</a></div><div class="product"><a href="https://www.amazon.com/dp/B014LDT0ZM?tag=eloabder-20&linkCode=osi&th=1&psc=1"><img src="https://m.media-amazon.com/images/I/51c-3W4m1RL._SL500_.jpg" alt="Product Image"></a><p>Viva Naturals Triple Strength Omega 3 Fish Oil Supplement - 2500 mg Fish Oil with Re-Esterified Omega 3 Fatty Acids including EPA, DHA DPA - 180 Pescatarian-Friendly Softgels</p><p>$58.95 ($0.33 / Count)</p><a href="https://www.amazon.com/dp/B014LDT0ZM?tag=eloabder-20&linkCode=osi&th=1&psc=1">View Product</a></div><div class="product"><a href="https://www.amazon.com/dp/B07QHP2ZNQ?tag=eloabder-20&linkCode=osi&th=1&psc=1"><img src="https://m.media-amazon.com/images/I/41p2LIEGL3L._SL500_.jpg" alt="Product Image"></a><p>Nordic Naturals Ultimate Omega, Lemon Flavor - 210 Soft Gels - 1280 mg Omega-3 - High-Potency Omega-3 Fish Oil with EPA & DHA - Promotes Brain & Heart Health - Non-GMO - 105 Servings</p><p>$67.20 ($0.32 / Count)</p><a href="https://www.amazon.com/dp/B07QHP2ZNQ?tag=eloabder-20&linkCode=osi&th=1&psc=1">View Product</a></div><div class="product"><a href="https://www.amazon.com/dp/B01NBTJFJB?tag=eloabder-20&linkCode=osi&th=1&psc=1"><img src="https://m.media-amazon.com/images/I/41gJBxUZtcL._SL500_.jpg" alt="Product Image"></a><p>Triple Strength Omega 3 Fish Oil | 3600 mg EPA & DHA | Over 2100mg of Omega 3 Fatty Acids | 1300mg EPA + 860mg DHA | Best Essential Fatty Acids | Premium Burpless Softgel Supplements (120 Ct)</p><p>$29.95 ($0.25 / Count)</p><a href="https://www.amazon.com/dp/B01NBTJFJB?tag=eloabder-20&linkCode=osi&th=1&psc=1">View Product</a></div><div class="product"><a href="https://www.amazon.com/dp/B00CAZAU62?tag=eloabder-20&linkCode=osi&th=1&psc=1"><img src="https://m.media-amazon.com/images/I/41gdtyE2xHL._SL500_.jpg" alt="Product Image"></a><p>Dr. Tobias Omega 3 Fish Oil, 2000mg Triple Strength Omega 3 Supplement with 800mg EPA 600mg DHA Per Serving, Fish Oil Omega 3 Supplements for Heart, Brain & Immune Support, 180 Softgels, 90 Servings</p><p>$42.99 ($0.24 / Count)</p><a href="https://www.amazon.com/dp/B00CAZAU62?tag=eloabder-20&linkCode=osi&th=1&psc=1">View Product</a></div><div class="product"><a href="https://www.amazon.com/dp/B01GV4O37E?tag=eloabder-20&linkCode=osi&th=1&psc=1"><img src="https://m.media-amazon.com/images/I/41JtERQfIWL._SL500_.jpg" alt="Product Image"></a><p>Arazo Nutrition Wild Caught Omega 3 Fish Oil – 120 Soft Gels – 4,080mg High EPA 1200mg DHA 900mg Lemon Flavor Burpless Softgels</p><p>$28.95 ($0.24 / Count)</p><a href="https://www.amazon.com/dp/B01GV4O37E?tag=eloabder-20&linkCode=osi&th=1&psc=1">View Product</a></div>
<div class="product"><a href="https://www.amazon.com/dp/B09GLGC9DG?tag=eloabder-20&linkCode=osi&th=1&psc=1"><img src="https://m.media-amazon.com/images/I/51OsLLY4B6L._SL500_.jpg" alt="Product Image"></a><p>Physician's CHOICE Probiotics 60 Billion CFU - 10 Strains + Organic Prebiotics - Immune, Digestive & Gut Health - Supports Occasional Constipation, Diarrhea, Gas & Bloating - for Women & Men - 60ct</p><p>$36.97 ($0.62 / Count)</p><a href="https://www.amazon.com/dp/B09GLGC9DG?tag=eloabder-20&linkCode=osi&th=1&psc=1">View Product</a></div><div class="product"><a href="https://www.amazon.com/dp/B004JO3JTM?tag=eloabder-20&linkCode=osi&th=1&psc=1"><img src="https://m.media-amazon.com/images/I/51kOhkzzLKL._SL500_.jpg" alt="Product Image"></a><p>Nature's Bounty Acidophilus Probiotic, Daily Probiotic Supplement, Supports Digestive Health, Twin Pack, 100 Count (Pack of 2)</p><p>$14.99 ($0.07 / Count)</p><a href="https://www.amazon.com/dp/B004JO3JTM?tag=eloabder-20&linkCode=osi&th=1&psc=1">View Product</a></div><div class="product"><a href="https://www.amazon.com/dp/B071DZQLPQ?tag=eloabder-20&linkCode=osi&th=1&psc=1"><img src="https://m.media-amazon.com/images/I/51E-+x12x5L._SL500_.jpg" alt="Product Image"></a><p>NewRhythm Probiotics 50 Billion CFU 20 Strains, 60 Veggie Capsules, Targeted Release Technology, Stomach Acid Resistant, No Need for Refrigeration, Non-GMO, Gluten Free</p><p>$16.99 ($0.28 / Count)</p><a href="https://www.amazon.com/dp/B071DZQLPQ?tag=eloabder-20&linkCode=osi&th=1&psc=1">View Product</a></div><div class="product"><a href="https://www.amazon.com/dp/B00L1GHMN0?tag=eloabder-20&linkCode=osi&th=1&psc=1"><img src="https://m.media-amazon.com/images/I/41Msqs9cM9L._SL500_.jpg" alt="Product Image"></a><p>NOW Supplements, Probiotic-10™, 25 Billion, with 10 Probiotic Strains, Dairy, Soy and Gluten Free, Strain Verified, 100 Veg Capsules</p><p>$22.90 ($0.23 / Count)</p><a href="https://www.amazon.com/dp/B00L1GHMN0?tag=eloabder-20&linkCode=osi&th=1&psc=1">View Product</a></div><div class="product"><a href="https://www.amazon.com/dp/B0D5FZGY8W?tag=eloabder-20&linkCode=osi&th=1&psc=1"><img src="https://m.media-amazon.com/images/I/51gWW6a+5uL._SL500_.jpg" alt="Product Image"></a><p>URO Vaginal Probiotics for Women pH Balance with Prebiotics & Lactobacillus Probiotic Blend - Women's Vaginal Health Supplement - Promote Healthy Vaginal Odor & Vaginal Flora, 60 Count (Pack of 1)</p><p>$28.79 ($0.48 / Count)</p><a href="https://www.amazon.com/dp/B0D5FZGY8W?tag=eloabder-20&linkCode=osi&th=1&psc=1">View Product</a></div><div class="product"><a href="https://www.amazon.com/dp/B00Y8MP4G6?tag=eloabder-20&linkCode=osi&th=1&psc=1"><img src="https://m.media-amazon.com/images/I/41DODStWo4L._SL500_.jpg" alt="Product Image"></a><p>Garden of Life Once Daily Dr. Formulated Probiotics for Women 50 Billion CFU 16 Probiotic Strains with Organic Prebiotics for Digestive, Vaginal & Immune Health, Dairy Free, Shelf Stable 30 Capsules</p><p>$32.19 ($1.07 / Count)</p><a href="https://www.amazon.com/dp/B00Y8MP4G6?tag=eloabder-20&linkCode=osi&th=1&psc=1">View Product</a></div><div class="product"><a href="https://www.amazon.com/dp/B08GR12D4T?tag=eloabder-20&linkCode=osi&th=1&psc=1"><img src="https://m.media-amazon.com/images/I/413uXWNsVzL._SL500_.jpg" alt="Product Image"></a><p>Nature’s Bounty Probiotic 10, Ultra Strength Daily Probiotic Supplement, Support for Digestive, Immune and Upper Respiratory Health, 1 Pack, 30 Capsules</p><p>$12.84 ($0.43 / Count)</p><a href="https://www.amazon.com/dp/B08GR12D4T?tag=eloabder-20&linkCode=osi&th=1&psc=1">View Product</a></div><div class="product"><a href="https://www.amazon.com/dp/B09Z3TPGRZ?tag=eloabder-20&linkCode=osi&th=1&psc=1"><img src="https://m.media-amazon.com/images/I/51H4Kaf9VPL._SL500_.jpg" alt="Product Image"></a><p>Physician's Choice Probiotics - PH Balance, Digestive, UT, & Feminine Health - 50 Billion CFU - 6 Unique Strains for Women - Organic Prebiotics, Cranberry Extract+ - Probiotic - 60 CT</p><p>$36.97 ($0.62 / Count)</p><a href="https://www.amazon.com/dp/B09Z3TPGRZ?tag=eloabder-20&linkCode=osi&th=1&psc=1">View Product</a></div><div class="product"><a href="https://www.amazon.com/dp/B0811P73BT?tag=eloabder-20&linkCode=osi&th=1&psc=1"><img src="https://m.media-amazon.com/images/I/41bBVdIgYdS._SL500_.jpg" alt="Product Image"></a><p>Organic Probiotics 100 Billion CFU, Dr Formulated Probiotics for Women, Probiotics for Men and Adults, Complete Shelf Stable Probiotic Supplement with Prebiotics & Digestive Enzymes; 30 Capsules</p><p>$25.00 ($0.83 / Count)</p><a href="https://www.amazon.com/dp/B0811P73BT?tag=eloabder-20&linkCode=osi&th=1&psc=1">View Product</a></div>
<div class="product"><a href="https://www.amazon.com/dp/B0B76XSJN2?tag=eloabder-20&linkCode=osi&th=1&psc=1"><img src="https://m.media-amazon.com/images/I/419te9dWCML._SL500_.jpg" alt="Product Image"></a><p>HELIX PRIME Cod Liver Oil Extra Virgin Artic Softgels Omega 3, EPA, DHA</p><p>$40.00 ($0.67 / Count)</p><a href="https://www.amazon.com/dp/B0B76XSJN2?tag=eloabder-20&linkCode=osi&th=1&psc=1">View Product</a></div><div class="product"><a href="https://www.amazon.com/dp/B0739KKHWL?tag=eloabder-20&linkCode=osi&th=1&psc=1"><img src="https://m.media-amazon.com/images/I/41g58vrlGWL._SL500_.jpg" alt="Product Image"></a><p>Nordic Naturals Ultimate Omega, Lemon Flavor - 90 Soft Gels - 1280 mg Omega-3 - High-Potency Omega-3 Fish Oil Supplement with EPA & DHA - Promotes Brain & Heart Health - Non-GMO - 45 Servings</p><p>$34.92 ($0.39 / Count)</p><a href="https://www.amazon.com/dp/B0739KKHWL?tag=eloabder-20&linkCode=osi&th=1&psc=1">View Product</a></div><div class="product"><a href="https://www.amazon.com/dp/B003PGJM00?tag=eloabder-20&linkCode=osi&th=1&psc=1"><img src="https://m.media-amazon.com/images/I/419IYWUSY5L._SL500_.jpg" alt="Product Image"></a><p>Nature Made Triple Omega 3 6 9, Flaxseed, Safflower, & Olive Oils, Healthy Heart Support, Fish Free Omega 3 Supplement, 150 Softgels, 75 Day Supply</p><p>$30.28 ($0.20 / Count)</p><a href="https://www.amazon.com/dp/B003PGJM00?tag=eloabder-20&linkCode=osi&th=1&psc=1">View Product</a></div><div class="product"><a href="https://www.amazon.com/dp/B0CS56P75L?tag=eloabder-20&linkCode=osi&th=1&psc=1"><img src="https://m.media-amazon.com/images/I/41GI+Omt1AL._SL500_.jpg" alt="Product Image"></a><p>Triple Strength Omega 3 Fish Oil Supplements 4200mg Per Serving, 120 Softgels – Lemon Flavored – Burpless | EPA 1200mg + DHA 900mg | Deep Sea Fish</p><p>$19.95 ($0.17 / Count)</p><a href="https://www.amazon.com/dp/B0CS56P75L?tag=eloabder-20&linkCode=osi&th=1&psc=1">View Product</a></div><div class="product"><a href="https://www.amazon.com/dp/B0CWPY1XYN?tag=eloabder-20&linkCode=osi&th=1&psc=1"><img src="https://m.media-amazon.com/images/I/41S9PZKx8OL._SL500_.jpg" alt="Product Image"></a><p>Qunol Advanced Omega 3 Krill and Fish Oil Complex, 10x Better Bioavailability, One Pill Dose, 250mg EPA & DHA, Supports Brain, Eye, Heart and Joint Health, 90 Count (Pack of 1)</p><p>$26.99 ($0.30 / Count)</p><a href="https://www.amazon.com/dp/B0CWPY1XYN?tag=eloabder-20&linkCode=osi&th=1&psc=1">View Product</a></div>
<div class="product"><a href="https://www.amazon.com/dp/B09RQBHRCT?tag=eloabder-20&linkCode=osi&th=1&psc=1"><img src="https://m.media-amazon.com/images/I/417jtm1N43L._SL500_.jpg" alt="Product Image"></a><p>Vital Proteins Collagen Peptides Powder, Promotes Hair, Nail, Skin, Bone and Joint Health, Zero Sugar, Unflavored 9.33 OZ</p><p>$20.14 ($2.16 / Ounce)</p><a href="https://www.amazon.com/dp/B09RQBHRCT?tag=eloabder-20&linkCode=osi&th=1&psc=1">View Product</a></div><div class="product"><a href="https://www.amazon.com/dp/B00K6JUG4K?tag=eloabder-20&linkCode=osi&th=1&psc=1"><img src="https://m.media-amazon.com/images/I/41wLQfDnEKL._SL500_.jpg" alt="Product Image"></a><p>Vital Proteins Collagen Peptides Powder with Hyaluronic Acid and Vitamin C, Unflavored, 20 oz</p><p>$46.99 ($2.35 / Ounce)</p><a href="https://www.amazon.com/dp/B00K6JUG4K?tag=eloabder-20&linkCode=osi&th=1&psc=1">View Product</a></div><div class="product"><a href="https://www.amazon.com/dp/B07WZVX3L1?tag=eloabder-20&linkCode=osi&th=1&psc=1"><img src="https://m.media-amazon.com/images/I/41FQaGyTUlL._SL500_.jpg" alt="Product Image"></a><p>Vital Vitamins Collagen for Women & Men - Type I, II, III, V, X Multi Collagen Pills - Grass Fed, Non-GMO - 150 Capsules</p><p>$22.85 ($0.15 / Count)</p><a href="https://www.amazon.com/dp/B07WZVX3L1?tag=eloabder-20&linkCode=osi&th=1&psc=1">View Product</a></div><div class="product"><a href="https://www.amazon.com/dp/B01BHF3OMW?tag=eloabder-20&linkCode=osi&th=1&psc=1"><img src="https://m.media-amazon.com/images/I/41dMvUDFrgL._SL500_.jpg" alt="Product Image"></a><p>Micro Ingredients Multi Collagen Protein Powder, 2 Pounds – Type I,II,III,V,X with Biotin, Hyaluronic Acid, Vitamin C – Unflavored Collagen Peptides – Keto & Paleo Friendly, Easy Dissolve, Non-GMO</p><p>$49.95 ($1.56 / Ounce)</p><a href="https://www.amazon.com/dp/B01BHF3OMW?tag=eloabder-20&linkCode=osi&th=1&psc=1">View Product</a></div><div class="product"><a href="https://www.amazon.com/dp/B085GB45VK?tag=eloabder-20&linkCode=osi&th=1&psc=1"><img src="https://m.media-amazon.com/images/I/51gvq703LsL._SL500_.jpg" alt="Product Image"></a><p>Primal Harvest Collagen Powder for Women or Men Primal Collagen Peptides Powder Type I & III, 10 Oz Collagen Protein Powder for Hair, Skin, Nails (Single, Original)</p><p>$36.95 ($3.70 / Ounce)</p><a href="https://www.amazon.com/dp/B085GB45VK?tag=eloabder-20&linkCode=osi&th=1&psc=1">View Product</a></div><div class="product"><a href="https://www.amazon.com/dp/B005KG7EDU?tag=eloabder-20&linkCode=osi&th=1&psc=1"><img src="https://m.media-amazon.com/images/I/41hWRb-uSmL._SL500_.jpg" alt="Product Image"></a><p>Great Lakes Wellness Collagen Peptides Powder for Skin, Hair, Nails, Joints & Digestion - Unflavored - Quick Dissolve Hydrolyzed, Non-GMO, Keto, Kosher - 16oz - Packaging May Vary</p><p>$32.82 ($2.05 / Ounce)</p><a href="https://www.amazon.com/dp/B005KG7EDU?tag=eloabder-20&linkCode=osi&th=1&psc=1">View Product</a></div><div class="product"><a href="https://www.amazon.com/dp/B071S8D69C?tag=eloabder-20&linkCode=osi&th=1&psc=1"><img src="https://m.media-amazon.com/images/I/41E-Q4q+kWL._SL500_.jpg" alt="Product Image"></a><p>Anthony's Collagen Peptide Powder, 1 lb, Pure Hydrolyzed, Gluten Free, Keto and Paleo Friendly, Grass Fed, Unflavored, Non GMO</p><p>$22.99 ($1.44 / Ounce)</p><a href="https://www.amazon.com/dp/B071S8D69C?tag=eloabder-20&linkCode=osi&th=1&psc=1">View Product</a></div><div class="product"><a href="https://www.amazon.com/dp/B07K4SK9SY?tag=eloabder-20&linkCode=osi&th=1&psc=1"><img src="https://m.media-amazon.com/images/I/51t8W8AmaFL._SL500_.jpg" alt="Product Image"></a><p>Garden of Life Grass Fed Collagen Peptides Powder – Unflavored Collagen Powder for Women Men Hair Skin Nails Joints, Hydrolyzed Collagen Protein Supplements, Post Workout, Paleo & Keto, 28 Servings</p><p>$30.91 ($1.56 / Ounce)</p><a href="https://www.amazon.com/dp/B07K4SK9SY?tag=eloabder-20&linkCode=osi&th=1&psc=1">View Product</a></div>
<div class="product"><a href="https://www.amazon.com/dp/B07JMHNP9F?tag=eloabder-20&linkCode=osi&th=1&psc=1"><img src="https://m.media-amazon.com/images/I/616tKX8dAxL._SL500_.jpg" alt="Product Image"></a><p>Prebiotics for Advanced Gut Health - Immune System Support & Dietary Fiber - Fuels Good Bacteria Growth to Promote Digestive Health - Gas & Digestion Support - Probiotics for Men & Women - 60 Capsules</p><p>$19.97 ($0.33 / Count)</p><a href="https://www.amazon.com/dp/B07JMHNP9F?tag=eloabder-20&linkCode=osi&th=1&psc=1">View Product</a></div><div class="product"><a href="https://www.amazon.com/dp/B07VYMQF6M?tag=eloabder-20&linkCode=osi&th=1&psc=1"><img src="https://m.media-amazon.com/images/I/51Y0hMBp3NL._SL500_.jpg" alt="Product Image"></a><p>Prebiotics and Probiotic with Whole Food Enzymes for Adults Women & Men - Probiotics Lactobacillus Acidophilus - Digestive Health Capsules Shelf Stable Supplement - Non-GMO Gluten & Dairy Free -30ct</p><p>$19.97 ($0.67 / Count)</p><a href="https://www.amazon.com/dp/B07VYMQF6M?tag=eloabder-20&linkCode=osi&th=1&psc=1">View Product</a></div><div class="product"><a href="https://www.amazon.com/dp/B0BRTJ7BJ1?tag=eloabder-20&linkCode=osi&th=1&psc=1"><img src="https://m.media-amazon.com/images/I/51JFiTJs6ZL._SL500_.jpg" alt="Product Image"></a><p>Physician's CHOICE Prebiotic-Probiotic - Multi-Strain Probiotics & Synergistic Prebiotics -Designed for Digestive Health, Supporting Gut Microbiome - Powerful PrePro for Gut Health - for Women & Men</p><p>$18.97 ($0.63 / Count)</p><a href="https://www.amazon.com/dp/B0BRTJ7BJ1?tag=eloabder-20&linkCode=osi&th=1&psc=1">View Product</a></div><div class="product"><a href="https://www.amazon.com/dp/B0CPN9NK38?tag=eloabder-20&linkCode=osi&th=1&psc=1"><img src="https://m.media-amazon.com/images/I/41hL4HSQxwL._SL500_.jpg" alt="Product Image"></a><p>OLLY Probiotic + Prebiotic Gummy, Digestive Support and Gut Health, 500 Million CFUs, Fiber, Adult Chewable Supplement for Men and Women, Peach, 30 Day Supply - 60 Count</p><p>$21.35 ($0.36 / Count)</p><a href="https://www.amazon.com/dp/B0CPN9NK38?tag=eloabder-20&linkCode=osi&th=1&psc=1">View Product</a></div><div class="product"><a href="https://www.amazon.com/dp/B07GPFB6FJ?tag=eloabder-20&linkCode=osi&th=1&psc=1"><img src="https://m.media-amazon.com/images/I/41IkSyAmJOL._SL500_.jpg" alt="Product Image"></a><p>Amazon Basics Prebiotic & Probiotic Gummies, 2 Billion CFU, Blue Raspberry, 50 Count (2 per Serving) (Previously Solimo)</p><p>$9.21 ($0.18 / Count)</p><a href="https://www.amazon.com/dp/B07GPFB6FJ?tag=eloabder-20&linkCode=osi&th=1&psc=1">View Product</a></div><div class="product"><a href="https://www.amazon.com/dp/B01FICESXE?tag=eloabder-20&linkCode=osi&th=1&psc=1"><img src="https://m.media-amazon.com/images/I/41wI-mGIidL._SL500_.jpg" alt="Product Image"></a><p>Dr. Tobias Prebiotics, Supports Digestion & Gut Health, Feed Good Probiotic Bacteria, Boost Gut Immune Function, Vegan & Non-GMO Gut Health Supplements for Men and Women, 30 Capsules, 30 Servings</p><p>$25.99 ($0.87 / Count)</p><a href="https://www.amazon.com/dp/B01FICESXE?tag=eloabder-20&linkCode=osi&th=1&psc=1">View Product</a></div><div class="product"><a href="https://www.amazon.com/dp/B0CGMMYWR5?tag=eloabder-20&linkCode=osi&th=1&psc=1"><img src="https://m.media-amazon.com/images/I/414k9euXCUL._SL500_.jpg" alt="Product Image"></a><p>Horbäach Prebiotic for Men and Women | 120 Powder Pills | High Strength & Premium Quality Supplement | Non-GMO & Gluten Free Quick Release Capsules</p><p>$9.99 ($0.08 / Count)</p><a href="https://www.amazon.com/dp/B0CGMMYWR5?tag=eloabder-20&linkCode=osi&th=1&psc=1">View Product</a></div><div class="product"><a href="https://www.amazon.com/dp/B00N1G17GG?tag=eloabder-20&linkCode=osi&th=1&psc=1"><img src="https://m.media-amazon.com/images/I/418Nr2+sCOL._SL500_.jpg" alt="Product Image"></a><p>Earth's Pearl Probiotic Pearls for Women and Men - Kids Probiotic with Prebiotic Fiber - Daily Probiotic for Women and Men - 60-Day Supply of Prebiotics and Probiotics for Women and Men Probiotic</p><p>$23.87 ($0.40 / Count)</p><a href="https://www.amazon.com/dp/B00N1G17GG?tag=eloabder-20&linkCode=osi&th=1&psc=1">View Product</a></div>
<div class="product"><a href="https://www.amazon.com/dp/B00RH5K26I?tag=eloabder-20&linkCode=osi&th=1&psc=1"><img src="https://m.media-amazon.com/images/I/41bQqGtcXwL._SL500_.jpg" alt="Product Image"></a><p>Zenwise Health Digestive Enzymes - Probiotic Multi Enzymes with Probiotics and Prebiotics for Digestive Health and Bloating Relief for Women and Men, Daily Enzymes for Gut and Digestion - 180 Count</p><p>$39.97 ($0.22 / Count)</p><a href="https://www.amazon.com/dp/B00RH5K26I?tag=eloabder-20&linkCode=osi&th=1&psc=1">View Product</a></div><div class="product"><a href="https://www.amazon.com/dp/B0001T0GAE?tag=eloabder-20&linkCode=osi&th=1&psc=1"><img src="https://m.media-amazon.com/images/I/41G271GqUaL._SL500_.jpg" alt="Product Image"></a><p>NOW Supplements, Super Enzymes, Formulated with Bromelain, Ox Bile, Pancreatin and Papain, Super Enzymes,90 Capsules</p><p>$14.31 ($0.16 / Count)</p><a href="https://www.amazon.com/dp/B0001T0GAE?tag=eloabder-20&linkCode=osi&th=1&psc=1">View Product</a></div><div class="product"><a href="https://www.amazon.com/dp/B0016XGOVO?tag=eloabder-20&linkCode=osi&th=1&psc=1"><img src="https://m.media-amazon.com/images/I/41SK0PjZTZL._SL500_.jpg" alt="Product Image"></a><p>Pure Encapsulations Digestive Enzymes Ultra - Vegetarian Digestive Enzyme Supplement to Support Protein, Carb, Fiber, and Dairy Digestion* - 90 Capsules</p><p>$36.20 ($0.40 / Count)</p><a href="https://www.amazon.com/dp/B0016XGOVO?tag=eloabder-20&linkCode=osi&th=1&psc=1">View Product</a></div><div class="product"><a href="https://www.amazon.com/dp/B0009EXOUA?tag=eloabder-20&linkCode=osi&th=1&psc=1"><img src="https://m.media-amazon.com/images/I/41jQAIqtQxL._SL500_.jpg" alt="Product Image"></a><p>Source Naturals Essential Enzymes 500mg Bio-Aligned Multiple Supplement Herbal Defense for Digestion, Gas & Constipation Relief - Strong Immune System Support* - 120 Capsules</p><p>$12.94 ($0.11 / Count)</p><a href="https://www.amazon.com/dp/B0009EXOUA?tag=eloabder-20&linkCode=osi&th=1&psc=1">View Product</a></div><div class="product"><a href="https://www.amazon.com/dp/B00GSP4R6O?tag=eloabder-20&linkCode=osi&th=1&psc=1"><img src="https://m.media-amazon.com/images/I/41oaLuwaf6L._SL500_.jpg" alt="Product Image"></a><p>Pure Encapsulations Digestive Enzymes Ultra with Betaine HCl - Vegetarian Digestive Enzyme Supplement to Support Protein, Carb, Fiber, and Dairy Digestion* - 90 Capsules</p><p>$36.80 ($0.41 / Count)</p><a href="https://www.amazon.com/dp/B00GSP4R6O?tag=eloabder-20&linkCode=osi&th=1&psc=1">View Product</a></div><div class="product"><a href="https://www.amazon.com/dp/B0971P79G2?tag=eloabder-20&linkCode=osi&th=1&psc=1"><img src="https://m.media-amazon.com/images/I/41sjwVKMyyL._SL500_.jpg" alt="Product Image"></a><p>Digestive Enzymes - 800mg Blend of All 10 Most Essential Digestive and Pancreatic Enzymes (Amylase, Lipase, Bromelain, Lactase, Papain, Protease, Cellulase, Maltase, Invertase) by Double Wood</p><p>$18.95 ($0.11 / Count)</p><a href="https://www.amazon.com/dp/B0971P79G2?tag=eloabder-20&linkCode=osi&th=1&psc=1">View Product</a></div><div class="product"><a href="https://www.amazon.com/dp/B07N3X6T57?tag=eloabder-20&linkCode=osi&th=1&psc=1"><img src="https://m.media-amazon.com/images/I/41YXJ96hUCL._SL500_.jpg" alt="Product Image"></a><p>Enzymedica Digest Gold + ATPro Maximum Strength Digestive Enzymes | Prevents Bloating Gas & Indigestion, Natural Digestion Support, Multi Enzyme Amylase, Protease, Lipase & Lactase, 90 Capsules</p><p>$40.12 ($0.45 / Count)</p><a href="https://www.amazon.com/dp/B07N3X6T57?tag=eloabder-20&linkCode=osi&th=1&psc=1">View Product</a></div><div class="product"><a href="https://www.amazon.com/dp/B000Q487DC?tag=eloabder-20&linkCode=osi&th=1&psc=1"><img src="https://m.media-amazon.com/images/I/318ZKbie4-L._SL500_.jpg" alt="Product Image"></a><p>Doctor's Best Digestive Enzymes Non-GMO Vegetarian Gluten Free, 90 Veggie Caps</p><p>$21.95 ($0.24 / Count)</p><a href="https://www.amazon.com/dp/B000Q487DC?tag=eloabder-20&linkCode=osi&th=1&psc=1">View Product</a></div>
<div class="product"><a href="https://www.amazon.com/dp/B093P29P79?tag=eloabder-20&linkCode=osi&th=1&psc=1"><img src="https://m.media-amazon.com/images/I/419UA39m4vL._SL500_.jpg" alt="Product Image"></a><p>8 in 1 Immune Support with Quercetin Zinc 50mg Vitamin C 1000mg Vitamin D3 5000 IU and Elderberry Echinacea Ginger for Adults Kids - Vit D Immunity Defense Booster Supplement Veg Capsules Made in USA</p><p>$24.95 ($0.42 / Count)</p><a href="https://www.amazon.com/dp/B093P29P79?tag=eloabder-20&linkCode=osi&th=1&psc=1">View Product</a></div><div class="product"><a href="https://www.amazon.com/dp/B00MJ7VL1O?tag=eloabder-20&linkCode=osi&th=1&psc=1"><img src="https://m.media-amazon.com/images/I/41dN7-gv40L._SL500_.jpg" alt="Product Image"></a><p>Nature’s Way Sambucus Elderberry Immune Gummies, Daily Immune Support for Kids and Adults*, with Vitamin C, Vitamin D3, Zinc, Gluten Free, Vegetarian, 60 Gummies (Packaging May Vary)</p><p>$14.97 ($0.25 / Count)</p><a href="https://www.amazon.com/dp/B00MJ7VL1O?tag=eloabder-20&linkCode=osi&th=1&psc=1">View Product</a></div><div class="product"><a href="https://www.amazon.com/dp/B09ZYN6Z5R?tag=eloabder-20&linkCode=osi&th=1&psc=1"><img src="https://m.media-amazon.com/images/I/61CzAf44o4L._SL500_.jpg" alt="Product Image"></a><p>12 in 1 Premium Immune Defense Vitamins - Immune Supplement w/ Vitamin D3 5000 IU Vitamin С 1000mg Zinс 50mg - Luxe Choice for Premium Immune Support - With Echinacea Elderberry and Ginger - 120 Caps</p><p>$29.95 ($29.95 / Count)</p><a href="https://www.amazon.com/dp/B09ZYN6Z5R?tag=eloabder-20&linkCode=osi&th=1&psc=1">View Product</a></div><div class="product"><a href="https://www.amazon.com/dp/B08SCKMC3G?tag=eloabder-20&linkCode=osi&th=1&psc=1"><img src="https://m.media-amazon.com/images/I/51coRaMYZjL._SL500_.jpg" alt="Product Image"></a><p>Immune Support Supplement with Zinc Vitamin C Vitamin D 5000 IU Elderberry Ginger D3 Goldenseal - Dr Approved Immunity Vitamins for Adults Women and Men - Natural Immune System Booster Defense -120ct</p><p>$15.97 ($0.13 / Count)</p><a href="https://www.amazon.com/dp/B08SCKMC3G?tag=eloabder-20&linkCode=osi&th=1&psc=1">View Product</a></div><div class="product"><a href="https://www.amazon.com/dp/B08CBBHPTF?tag=eloabder-20&linkCode=osi&th=1&psc=1"><img src="https://m.media-amazon.com/images/I/41U8ywAfz1L._SL500_.jpg" alt="Product Image"></a><p>A Dose of Immunity Quercetin with Vitamin C and Zinc, Vitamin D, 500mg Quercetin Bromelain with Echinacea & B Vitamins, Lung Immune Support Supplement 7 in 1 Immunity Defense Booster (60 Count)</p><p>$19.95 ($0.33 / Count)</p><a href="https://www.amazon.com/dp/B08CBBHPTF?tag=eloabder-20&linkCode=osi&th=1&psc=1">View Product</a></div><div class="product"><a href="https://www.amazon.com/dp/B09HBGLZP8?tag=eloabder-20&linkCode=osi&th=1&psc=1"><img src="https://m.media-amazon.com/images/I/51MHWotEUXL._SL500_.jpg" alt="Product Image"></a><p>8 in 1 Immune Defense Support, Immunity Vitamins Supplement Booster with Zinc 50mg, Vitamin C Elderberry Vit D3 5000 IU, Turmeric Curcumin & Ginger, Echinacea - Allergy Relief for Kids Adults (2 Pack)</p><p>$27.95 ($0.23 / Count)</p><a href="https://www.amazon.com/dp/B09HBGLZP8?tag=eloabder-20&linkCode=osi&th=1&psc=1">View Product</a></div>
<div class="product"><a href="https://www.amazon.com/dp/B0CKVSGYZV?tag=eloabder-20&linkCode=osi&th=1&psc=1"><img src="https://m.media-amazon.com/images/I/41meSPQU9WL._SL500_.jpg" alt="Product Image"></a><p>Basigano Natural Dopamine Supplement for Energy, Focus, Motivation, Mental Alertness, Mood, and Stress - Non-GMO, Gluten-Free - 90 Tablets</p><p>$19.97 ($0.22 / Count)</p><a href="https://www.amazon.com/dp/B0CKVSGYZV?tag=eloabder-20&linkCode=osi&th=1&psc=1">View Product</a></div><div class="product"><a href="https://www.amazon.com/dp/B0B1VRCJ2Z?tag=eloabder-20&linkCode=osi&th=1&psc=1"><img src="https://m.media-amazon.com/images/I/31rFUBNNRlL._SL500_.jpg" alt="Product Image"></a><p>Health by Habit Energy Supplement (60 Capsules) - Natual Caffeine Blend, Vitamins B & C, Supports Energy Levels, Promotes Mental Alertness and Focus, Vegan, Non-GMO, Sugar Free (1 Pack)</p><p>$7.88 ($0.13 / Count)</p><a href="https://www.amazon.com/dp/B0B1VRCJ2Z?tag=eloabder-20&linkCode=osi&th=1&psc=1">View Product</a></div><div class="product"><a href="https://www.amazon.com/dp/B01LXX5Z8Q?tag=eloabder-20&linkCode=osi&th=1&psc=1"><img src="https://m.media-amazon.com/images/I/41YtzgRxe8L._SL500_.jpg" alt="Product Image"></a><p>OLLY Daily Energy Gummy, Caffeine Free, Vitamin B12, CoQ10, Goji Berry, Adult Chewable Supplement, Tropical Flavor - 60 Count</p><p>$12.88 ($0.21 / Count)</p><a href="https://www.amazon.com/dp/B01LXX5Z8Q?tag=eloabder-20&linkCode=osi&th=1&psc=1">View Product</a></div><div class="product"><a href="https://www.amazon.com/dp/B078SJ9F5S?tag=eloabder-20&linkCode=osi&th=1&psc=1"><img src="https://m.media-amazon.com/images/I/41kM5+mO9kL._SL500_.jpg" alt="Product Image"></a><p>Genius Mushroom - Lions Mane, Cordyceps and Reishi - System Booster & Nootropic Supplement - for Energy & Support, 90 Veggie Pills</p><p>$17.55 ($0.20 / Count)</p><a href="https://www.amazon.com/dp/B078SJ9F5S?tag=eloabder-20&linkCode=osi&th=1&psc=1">View Product</a></div><div class="product"><a href="https://www.amazon.com/dp/B0BV4F17B4?tag=eloabder-20&linkCode=osi&th=1&psc=1"><img src="https://m.media-amazon.com/images/I/41UR52LyNJL._SL500_.jpg" alt="Product Image"></a><p>OLLY Extra Strength Daily Energy Gummy, Caffeine Free, 1000mcg Vitamin B12, CoQ10, Goji Berry, Adult Chewable Supplement, Berry Yuzu Flavor - 60 Count</p><p>$15.88 ($0.26 / Count)</p><a href="https://www.amazon.com/dp/B0BV4F17B4?tag=eloabder-20&linkCode=osi&th=1&psc=1">View Product</a></div><div class="product"><a href="https://www.amazon.com/dp/B008PQDCG0?tag=eloabder-20&linkCode=osi&th=1&psc=1"><img src="https://m.media-amazon.com/images/I/51EFLU6zpCL._SL500_.jpg" alt="Product Image"></a><p>Nature Made Super B Energy Complex, Dietary Supplement for Brain Cell Function Support, 60 Softgels, 60 Day Supply</p><p>$9.34 ($0.16 / Count)</p><a href="https://www.amazon.com/dp/B008PQDCG0?tag=eloabder-20&linkCode=osi&th=1&psc=1">View Product</a></div><div class="product"><a href="https://www.amazon.com/dp/B0019CULMA?tag=eloabder-20&linkCode=osi&th=1&psc=1"><img src="https://m.media-amazon.com/images/I/41Yjst8ffCL._SL500_.jpg" alt="Product Image"></a><p>One A Day Energy Multivitamin with Vitamin A, C, D, E, Zinc for Immune Health*, Caffeine, Biotin, B6, B12 & More, 50 Tablets</p><p>$12.95 ($0.26 / Count)</p><a href="https://www.amazon.com/dp/B0019CULMA?tag=eloabder-20&linkCode=osi&th=1&psc=1">View Product</a></div><div class="product"><a href="https://www.amazon.com/dp/B07Q6ZVMK4?tag=eloabder-20&linkCode=osi&th=1&psc=1"><img src="https://m.media-amazon.com/images/I/41rv+HJYEeL._SL500_.jpg" alt="Product Image"></a><p>Acetyl L-Carnitine 1,500 mg High Potency Supports Natural Energy Production, Sports Nutrition, Supports Memory/Focus - 100 Veggie Capsules</p><p>$17.88 ($0.18 / Count)</p><a href="https://www.amazon.com/dp/B07Q6ZVMK4?tag=eloabder-20&linkCode=osi&th=1&psc=1">View Product</a></div>
<div class="product"><a href="https://www.amazon.com/dp/B01M5DEMWI?tag=eloabder-20&linkCode=osi&th=1&psc=1"><img src="https://m.media-amazon.com/images/I/410zXYEJpKL._SL500_.jpg" alt="Product Image"></a><p>Arazo Nutrition Glucosamine Chondroitin Turmeric Msm Boswellia - Joint Support Supplement for Relief 180 Tablets for Bones, Back, Knees, Hands (180 Tablets)</p><p>$25.95 ($0.14 / Count)</p><a href="https://www.amazon.com/dp/B01M5DEMWI?tag=eloabder-20&linkCode=osi&th=1&psc=1">View Product</a></div><div class="product"><a href="https://www.amazon.com/dp/B07SSVYMJV?tag=eloabder-20&linkCode=osi&th=1&psc=1"><img src="https://m.media-amazon.com/images/I/41nKoj5uWZL._SL500_.jpg" alt="Product Image"></a><p>Kirkland Signature Triple Action Joint Health, UC•ll Undenatured Type II Collagen, Boron, Hyaluronic Acid,with Boron,110 Coated Tablets(Pack of 2)</p><p>$51.47 ($0.23 / Count)</p><a href="https://www.amazon.com/dp/B07SSVYMJV?tag=eloabder-20&linkCode=osi&th=1&psc=1">View Product</a></div><div class="product"><a href="https://www.amazon.com/dp/B07VLJN7C6?tag=eloabder-20&linkCode=osi&th=1&psc=1"><img src="https://m.media-amazon.com/images/I/51DwRUN7v6L._SL500_.jpg" alt="Product Image"></a><p>Move Free Ultra Triple Action Joint Support Supplement - Type II Collagen Boron & Hyaluronic Acid - Supports Joint Comfort, Cartiliage & Bones in 1 Tiny Pill Per Day, 64 Tablets (64 servings)*</p><p>$20.47 ($0.32 / Count)</p><a href="https://www.amazon.com/dp/B07VLJN7C6?tag=eloabder-20&linkCode=osi&th=1&psc=1">View Product</a></div><div class="product"><a href="https://www.amazon.com/dp/B0CZBMTDTQ?tag=eloabder-20&linkCode=osi&th=1&psc=1"><img src="https://m.media-amazon.com/images/I/51-QUiTWfiL._SL500_.jpg" alt="Product Image"></a><p>Qunol 5-in-1 Joint Support Supplement, Fast Acting, One Pill Dose, Support Healthy Inflammation Response & Discomfort Caused by Overuse of Joints, Alternative to Glucosamine Chondroitin MSM, 45 Count</p><p>$22.49 ($0.50 / Count)</p><a href="https://www.amazon.com/dp/B0CZBMTDTQ?tag=eloabder-20&linkCode=osi&th=1&psc=1">View Product</a></div><div class="product"><a href="https://www.amazon.com/dp/B0082D9QUW?tag=eloabder-20&linkCode=osi&th=1&psc=1"><img src="https://m.media-amazon.com/images/I/413QAFL8wML._SL500_.jpg" alt="Product Image"></a><p>Osteo Bi-Flex One Per Day, Glucosamine Joint Health Supplement with Vitamin D, Coated Tablets, 60 Count</p><p>$18.99 ($0.32 / Count)</p><a href="https://www.amazon.com/dp/B0082D9QUW?tag=eloabder-20&linkCode=osi&th=1&psc=1">View Product</a></div><div class="product"><a href="https://www.amazon.com/dp/B001W2MBSE?tag=eloabder-20&linkCode=osi&th=1&psc=1"><img src="https://m.media-amazon.com/images/I/4144YmkKbfL._SL500_.jpg" alt="Product Image"></a><p>Move Free Advanced Glucosamine Chondroitin MSM Joint Support Supplement, Supports Mobility Comfort Strength Flexibility & Bone - 120 Tablets (40 servings)*</p><p>$21.99 ($0.18 / Count)</p><a href="https://www.amazon.com/dp/B001W2MBSE?tag=eloabder-20&linkCode=osi&th=1&psc=1">View Product</a></div><div class="product"><a href="https://www.amazon.com/dp/B01N0T9PFZ?tag=eloabder-20&linkCode=osi&th=1&psc=1"><img src="https://m.media-amazon.com/images/I/51QekqG+VoL._SL500_.jpg" alt="Product Image"></a><p>Member's Mark™ Ultra Triple Action Joint Health</p><p>$36.80 ($0.29 / Count)</p><a href="https://www.amazon.com/dp/B01N0T9PFZ?tag=eloabder-20&linkCode=osi&th=1&psc=1">View Product</a></div><div class="product"><a href="https://www.amazon.com/dp/B0055UFNQG?tag=eloabder-20&linkCode=osi&th=1&psc=1"><img src="https://m.media-amazon.com/images/I/51j+Ymx9G-L._SL500_.jpg" alt="Product Image"></a><p>Osteo Bi-Flex Triple Strength with Vitamin D Glucosamine Chondroitin Joint Health Supplement, Coated Tablets, Red, 120 Count</p><p>$29.49 ($0.25 / Count)</p><a href="https://www.amazon.com/dp/B0055UFNQG?tag=eloabder-20&linkCode=osi&th=1&psc=1">View Product</a></div><div class="product"><a href="https://www.amazon.com/dp/B000059Z77?tag=eloabder-20&linkCode=osi&th=1&psc=1"><img src="https://m.media-amazon.com/images/I/51bPlGhhCzL._SL500_.jpg" alt="Product Image"></a><p>Osteo Bi-Flex Triple Strength(5), Glucosamine Chondroitin with Vitamin C Joint Health Supplement, Coated Tablets, 80 Count (Pack of 1)</p><p>$17.49 ($0.22 / Count)</p><a href="https://www.amazon.com/dp/B000059Z77?tag=eloabder-20&linkCode=osi&th=1&psc=1">View Product</a></div>
<div class="product"><a href="https://www.amazon.com/dp/B08ML6GMY4?tag=eloabder-20&linkCode=osi&th=1&psc=1"><img src="https://m.media-amazon.com/images/I/415l9I+T6aL._SL500_.jpg" alt="Product Image"></a><p>Snap Supplements Heart Health Supplements and Blood Circulation Supplements, 90 Capsules</p><p>$39.95 ($0.44 / Count)</p><a href="https://www.amazon.com/dp/B08ML6GMY4?tag=eloabder-20&linkCode=osi&th=1&psc=1">View Product</a></div><div class="product"><a href="https://www.amazon.com/dp/B0B36DNWQQ?tag=eloabder-20&linkCode=osi&th=1&psc=1"><img src="https://m.media-amazon.com/images/I/41piHVRRu9L._SL500_.jpg" alt="Product Image"></a><p>Heart Health Blood Pressure Support Supplement - Support Blood Pressure & Healthy Circularity Naturally with Hawthorn Berry & Hibiscus.Vitamins Pills for Healthy Hypertension (BP) & Healthy Heart.</p><p>$23.91 ($0.27 / Count)</p><a href="https://www.amazon.com/dp/B0B36DNWQQ?tag=eloabder-20&linkCode=osi&th=1&psc=1">View Product</a></div><div class="product"><a href="https://www.amazon.com/dp/B0BMW8YF9G?tag=eloabder-20&linkCode=osi&th=1&psc=1"><img src="https://m.media-amazon.com/images/I/41CZEmqjJ+L._SL500_.jpg" alt="Product Image"></a><p>Heart Defend-Her Womens Heart Health Supplements – Advanced 3-in-1 Blend with Grape Seed Extract, Vitamin K2 MK-7, and CoQ10 – Support Blood Pressure, Artery and Bone Strength – 60 Vegetarian Capsules</p><p>$12.99 ($0.22 / Count)</p><a href="https://www.amazon.com/dp/B0BMW8YF9G?tag=eloabder-20&linkCode=osi&th=1&psc=1">View Product</a></div><div class="product"><a href="https://www.amazon.com/dp/B00NLYAL5G?tag=eloabder-20&linkCode=osi&th=1&psc=1"><img src="https://m.media-amazon.com/images/I/41t26FosJSL._SL500_.jpg" alt="Product Image"></a><p>Life Extension FLORASSIST Heart Health - 2.5 Billion CFU Heart Health Support Advanced Probiotics Supplement for Men and Women – Gluten-Free, Non-GMO, Vegetarian – 60 Capsules</p><p>$24.00 ($0.40 / Count)</p><a href="https://www.amazon.com/dp/B00NLYAL5G?tag=eloabder-20&linkCode=osi&th=1&psc=1">View Product</a></div><div class="product"><a href="https://www.amazon.com/dp/B07CT1KCY8?tag=eloabder-20&linkCode=osi&th=1&psc=1"><img src="https://m.media-amazon.com/images/I/41uYctPvrhL._SL500_.jpg" alt="Product Image"></a><p>NutraPro Healthy Heart - Heart Health Supplements. Artery Cleanse & Protect. Supports Cholesterol and Triglyceride Balancing. GMP Certified</p><p>$28.91 ($0.32 / Count)</p><a href="https://www.amazon.com/dp/B07CT1KCY8?tag=eloabder-20&linkCode=osi&th=1&psc=1">View Product</a></div><div class="product"><a href="https://www.amazon.com/dp/B000FH11VU?tag=eloabder-20&linkCode=osi&th=1&psc=1"><img src="https://m.media-amazon.com/images/I/31OdjGI-eRL._SL500_.jpg" alt="Product Image"></a><p>THORNE Heart Health Complex - with CoQ10, Taurine and Hawthorn - Coenzyme Q10 Supplement with Minerals, Amino Acids, and Botanicals - 90 Capsules</p><p>$38.00 ($0.42 / Count)</p><a href="https://www.amazon.com/dp/B000FH11VU?tag=eloabder-20&linkCode=osi&th=1&psc=1">View Product</a></div><div class="product"><a href="https://www.amazon.com/dp/B00014JOWU?tag=eloabder-20&linkCode=osi&th=1&psc=1"><img src="https://m.media-amazon.com/images/I/41L4KTA5YkL._SL500_.jpg" alt="Product Image"></a><p>Century Systems - Heart Miracle, Nutritional Supplement for Blood Pressure, Cholesterol, and Cardiovascular Support, 32 Ounce Liquid, 16-32 Servings</p><p>$32.99 ($1.03 / Fl Oz)</p><a href="https://www.amazon.com/dp/B00014JOWU?tag=eloabder-20&linkCode=osi&th=1&psc=1">View Product</a></div><div class="product"><a href="https://www.amazon.com/dp/B07ZTVS5KQ?tag=eloabder-20&linkCode=osi&th=1&psc=1"><img src="https://m.media-amazon.com/images/I/41YIIAodZqL._SL500_.jpg" alt="Product Image"></a><p>Heart Supplements 1650mg for Heart Health Support with CoQ10, L-Arginine, Magnesium, Hawthorn - 22 Natural Heart Vitamins & Extracts to Support Nitric Oxide & Energy Production, and More - 60 Capsules</p><p>$14.62 ($0.24 / Count)</p><a href="https://www.amazon.com/dp/B07ZTVS5KQ?tag=eloabder-20&linkCode=osi&th=1&psc=1">View Product</a></div><div class="product"><a href="https://www.amazon.com/dp/B0B9CF8B52?tag=eloabder-20&linkCode=osi&th=1&psc=1"><img src="https://m.media-amazon.com/images/I/51-GopuoY+L._SL500_.jpg" alt="Product Image"></a><p>YUMMYVITE Heart Health Supplement - Supports Heart Health - 60 Capsules</p><p>$14.99 ($0.25 / Count)</p><a href="https://www.amazon.com/dp/B0B9CF8B52?tag=eloabder-20&linkCode=osi&th=1&psc=1">View Product</a></div>
<div class="product"><a href="https://www.amazon.com/dp/B0B5Y5J6G2?tag=eloabder-20&linkCode=osi&th=1&psc=1"><img src="https://m.media-amazon.com/images/I/41MlY2QgEJL._SL500_.jpg" alt="Product Image"></a><p>Primal Harvest Primal Bone Health Calcium Carbonate Bone Health Complex for Men & Women with Calcium, Magnesium, Zinc, Manganese, Potassium, & L-Carnitine (120 capsules)</p><p>$39.95 ($0.33 / Count)</p><a href="https://www.amazon.com/dp/B0B5Y5J6G2?tag=eloabder-20&linkCode=osi&th=1&psc=1">View Product</a></div><div class="product"><a href="https://www.amazon.com/dp/B009E9YK90?tag=eloabder-20&linkCode=osi&th=1&psc=1"><img src="https://m.media-amazon.com/images/I/41k8JHjszUL._SL500_.jpg" alt="Product Image"></a><p>Life Extension Bone Restore + Vitamin K2 Vitamins & Minerals Maintain Bone Health & Strength - Fortifying Nutrients Calcium, D3 & Important Bone Building Minerals - Non-GMO, Gluten-Free -120 Capsules</p><p>$18.00 ($0.15 / Count)</p><a href="https://www.amazon.com/dp/B009E9YK90?tag=eloabder-20&linkCode=osi&th=1&psc=1">View Product</a></div><div class="product"><a href="https://www.amazon.com/dp/B0716RWHX4?tag=eloabder-20&linkCode=osi&th=1&psc=1"><img src="https://m.media-amazon.com/images/I/51GW4bwdnIL._SL500_.jpg" alt="Product Image"></a><p>NATURELO Calcium Supplement - Bone Strength with Calcium 600mg, Vitamin D3, K2, C, Magnesium Zinc - Plant-Based, 120 Vegetarian Capsules, Non-GMO, Soy & Gluten-Free</p><p>$26.95 ($0.22 / Count)</p><a href="https://www.amazon.com/dp/B0716RWHX4?tag=eloabder-20&linkCode=osi&th=1&psc=1">View Product</a></div><div class="product"><a href="https://www.amazon.com/dp/B0CCXFCR88?tag=eloabder-20&linkCode=osi&th=1&psc=1"><img src="https://m.media-amazon.com/images/I/316DOWXwifL._SL500_.jpg" alt="Product Image"></a><p>NativePath Bone Health Collagen Peptides, Type 1 & 3 Peptides, with Fortibone and Verisol, 7.9 Ounce, 30 Servings</p><p>$62.99 ($7.97 / Ounce)</p><a href="https://www.amazon.com/dp/B0CCXFCR88?tag=eloabder-20&linkCode=osi&th=1&psc=1">View Product</a></div><div class="product"><a href="https://www.amazon.com/dp/B00KTI9Q3U?tag=eloabder-20&linkCode=osi&th=1&psc=1"><img src="https://m.media-amazon.com/images/I/41377DEZNsL._SL500_.jpg" alt="Product Image"></a><p>New Chapter Calcium Supplement - Bone Strength Organic Calcium with Magnesium, Vitamin D3+K2, 70+ Trace Minerals for Bone Health, Gluten Free, Easy to Swallow - 180 Slim Tablets</p><p>$50.96 ($0.28 / Count)</p><a href="https://www.amazon.com/dp/B00KTI9Q3U?tag=eloabder-20&linkCode=osi&th=1&psc=1">View Product</a></div><div class="product"><a href="https://www.amazon.com/dp/B07ZQQWKGN?tag=eloabder-20&linkCode=osi&th=1&psc=1"><img src="https://m.media-amazon.com/images/I/51Z+ZOCtD6L._SL500_.jpg" alt="Product Image"></a><p>Bone Strength Calcium Supplement - With Calcium, Vitamin D3, K2, C, Magnesium, Zinc - 8 Bone-Building Nutrients, High Absorption, Non-Constipating Formula - 120 Veggie Capsules for Optimal Bone Health</p><p>$17.97 ($0.15 / Count)</p><a href="https://www.amazon.com/dp/B07ZQQWKGN?tag=eloabder-20&linkCode=osi&th=1&psc=1">View Product</a></div><div class="product"><a href="https://www.amazon.com/dp/B00CYT33Q8?tag=eloabder-20&linkCode=osi&th=1&psc=1"><img src="https://m.media-amazon.com/images/I/41YDhk963AL._SL500_.jpg" alt="Product Image"></a><p>Redd Remedies, Bone Health Advanced, Natural Support with Calcium and Vitamin K2, 120 Capsules</p><p>$39.99 ($0.33 / Count)</p><a href="https://www.amazon.com/dp/B00CYT33Q8?tag=eloabder-20&linkCode=osi&th=1&psc=1">View Product</a></div><div class="product"><a href="https://www.amazon.com/dp/B0012ZW8TI?tag=eloabder-20&linkCode=osi&th=1&psc=1"><img src="https://m.media-amazon.com/images/I/31oIwyVZXlL._SL500_.jpg" alt="Product Image"></a><p>THORNE Advanced Bone Support‡ - (Formerly Oscap) - Bone Health Supplement with Calcium and Vitamin D - 120 Capsules</p><p>$25.00 ($0.21 / Count)</p><a href="https://www.amazon.com/dp/B0012ZW8TI?tag=eloabder-20&linkCode=osi&th=1&psc=1">View Product</a></div><div class="product"><a href="https://www.amazon.com/dp/B0042CXFDG?tag=eloabder-20&linkCode=osi&th=1&psc=1"><img src="https://m.media-amazon.com/images/I/41iCFN2jDqL._SL500_.jpg" alt="Product Image"></a><p>Premier Research Labs OsteoVen TM, 60 Capsules - Nutraceutical Bone and Joint Formula for Comprehensive Support for Healthy Bones and Joints</p><p>$32.91 ($0.55 / Count)</p><a href="https://www.amazon.com/dp/B0042CXFDG?tag=eloabder-20&linkCode=osi&th=1&psc=1">View Product</a></div><div class="product"><a href="https://www.amazon.com/dp/B0B1N5Z372?tag=eloabder-20&linkCode=osi&th=1&psc=1"><img src="https://m.media-amazon.com/images/I/41yz7a0Qn5L._SL500_.jpg" alt="Product Image"></a><p>ALGAECAL Plus - Organic Red Algae Calcium Supplement, Vitamin K2 MK7 (100mg), Vitamin D3 (1600 IU), Magnesium (350mg) & Trace Minerals, for Bone Health & Strength, Easy to Swallow, 120 Veggie Caps</p><p>$74.00 ($0.62 / Count)</p><a href="https://www.amazon.com/dp/B0B1N5Z372?tag=eloabder-20&linkCode=osi&th=1&psc=1">View Product</a></div>
<div class="product"><a href="https://www.amazon.com/dp/B07PN7FB1R?tag=eloabder-20&linkCode=osi&th=1&psc=1"><img src="https://m.media-amazon.com/images/I/515GHvAy+FL._SL500_.jpg" alt="Product Image"></a><p>Physician's CHOICE Probiotics for Weight Management & Bloating - 6 Probiotic Strains - Prebiotics - Key ingredient Cayenne & Green Tea - Supports Gut Health - Weight Management for Women & Men - 30 CT</p><p>$29.97 ($1.00 / Count)</p><a href="https://www.amazon.com/dp/B07PN7FB1R?tag=eloabder-20&linkCode=osi&th=1&psc=1">View Product</a></div><div class="product"><a href="https://www.amazon.com/dp/B01ANSJV80?tag=eloabder-20&linkCode=osi&th=1&psc=1"><img src="https://m.media-amazon.com/images/I/4124WZb3jhL._SL500_.jpg" alt="Product Image"></a><p>Estroven Weight Management for Menopause Relief - 30 Ct. - Clinically Proven Ingredients Help Manage Weight, Provide Night Sweats & Hot Flash Relief - Drug-Free & Gluten-Free Caplets</p><p>$18.68 ($0.62 / Count)</p><a href="https://www.amazon.com/dp/B01ANSJV80?tag=eloabder-20&linkCode=osi&th=1&psc=1">View Product</a></div><div class="product"><a href="https://www.amazon.com/dp/B08HJBTZMH?tag=eloabder-20&linkCode=osi&th=1&psc=1"><img src="https://m.media-amazon.com/images/I/51HQpbfo4QL._SL500_.jpg" alt="Product Image"></a><p>Culturelle Probiotic Capsules for Healthy Metabolism & Weight Management (Ages 18+) - 30 Count - Helps Manage Weight & Promote Metabolism of Fats, Carbs & Proteins - Caffeine-Free</p><p>$26.99 ($0.90 / Count)</p><a href="https://www.amazon.com/dp/B08HJBTZMH?tag=eloabder-20&linkCode=osi&th=1&psc=1">View Product</a></div><div class="product"><a href="https://www.amazon.com/dp/B003MB26LK?tag=eloabder-20&linkCode=osi&th=1&psc=1"><img src="https://m.media-amazon.com/images/I/41DjVuzo7DL._SL500_.jpg" alt="Product Image"></a><p>Purina Pro Plan Large Breed Weight Management Dog Food, Chicken & Rice Formula - 34 lb. Bag</p><p>$71.98 ($2.12 / Pound)</p><a href="https://www.amazon.com/dp/B003MB26LK?tag=eloabder-20&linkCode=osi&th=1&psc=1">View Product</a></div><div class="product"><a href="https://www.amazon.com/dp/B072F8HRM1?tag=eloabder-20&linkCode=osi&th=1&psc=1"><img src="https://m.media-amazon.com/images/I/51KS6y-EH7L._SL500_.jpg" alt="Product Image"></a><p>AZO Bladder Control with Go-Less® & Weight Management Dietary Supplement | Helps Reduce Occasional Urgency* | Promotes Healthy Metabolism* | Supports a Good Night’s Sleep* | 48 Capsules</p><p>$19.74 ($0.41 / Count)</p><a href="https://www.amazon.com/dp/B072F8HRM1?tag=eloabder-20&linkCode=osi&th=1&psc=1">View Product</a></div><div class="product"><a href="https://www.amazon.com/dp/B0CKFHQPZV?tag=eloabder-20&linkCode=osi&th=1&psc=1"><img src="https://m.media-amazon.com/images/I/519Qr2jD-tL._SL500_.jpg" alt="Product Image"></a><p>21-in-1 Berberine Supplement with Ceylon Cinnamon - Berberine 1500 mg with Chromium, Bitter Melon and Green Tea Extract - Berberine 5X for Weight Management & Metabolism Support with 5279 mg (120 ct)</p><p>$21.95 ($0.18 / Count)</p><a href="https://www.amazon.com/dp/B0CKFHQPZV?tag=eloabder-20&linkCode=osi&th=1&psc=1">View Product</a></div><div class="product"><a href="https://www.amazon.com/dp/B00027D80A?tag=eloabder-20&linkCode=osi&th=1&psc=1"><img src="https://m.media-amazon.com/images/I/41hpUYe6+cL._SL500_.jpg" alt="Product Image"></a><p>Natrol Carb Intercept with Phase 2 Carb Controller Capsules, White kidney bean extract, Helps control carbs, Helps metabolize fats, Clinically tested, Promotes healthy body weight, 1,000mg, 120 Count</p><p>$21.94 ($0.18 / Count)</p><a href="https://www.amazon.com/dp/B00027D80A?tag=eloabder-20&linkCode=osi&th=1&psc=1">View Product</a></div><div class="product"><a href="https://www.amazon.com/dp/B0CYCPG3DM?tag=eloabder-20&linkCode=osi&th=1&psc=1"><img src="https://m.media-amazon.com/images/I/41vkuI2sW7L._SL500_.jpg" alt="Product Image"></a><p>Estroven SlimBiotics, Weight Management Menopause Supplements for Women, 30 Capsules, B Vitamins to Support Metabolic Health, Probiotics for Digestive Health to Provide Gas & Bloating Relief</p><p>$26.58 ($0.89 / Count)</p><a href="https://www.amazon.com/dp/B0CYCPG3DM?tag=eloabder-20&linkCode=osi&th=1&psc=1">View Product</a></div><div class="product"><a href="https://www.amazon.com/dp/B0CBB1H324?tag=eloabder-20&linkCode=osi&th=1&psc=1"><img src="https://m.media-amazon.com/images/I/41RGDg2i1YL._SL500_.jpg" alt="Product Image"></a><p>Berberine Supplement 1200mg - 5X Higher Absorption - Ultra Pure 98% Berberine HCL - Healthy Weight Management, Immune Support - Non GMO, Manufactured in USA - 60 Vegan Capsules</p><p>$29.99 ($0.50 / Count)</p><a href="https://www.amazon.com/dp/B0CBB1H324?tag=eloabder-20&linkCode=osi&th=1&psc=1">View Product</a></div>
<div class="product"><a href="https://www.amazon.com/dp/B00ISAPPLI?tag=eloabder-20&linkCode=osi&th=1&psc=1"><img src="https://m.media-amazon.com/images/I/417-h8k4YML._SL500_.jpg" alt="Product Image"></a><p>Dr. Tobias Colon 14 Day Cleanse, Advanced Gut Cleanse Detox for Women & Men with Cascara Sagrada, Psyllium Husk & Senna Leaf, Non-GMO Colon Cleanse, 28 Capsules 1-2 Daily</p><p>$19.99 ($0.71 / Count)</p><a href="https://www.amazon.com/dp/B00ISAPPLI?tag=eloabder-20&linkCode=osi&th=1&psc=1">View Product</a></div><div class="product"><a href="https://www.amazon.com/dp/B07J9KNS9G?tag=eloabder-20&linkCode=osi&th=1&psc=1"><img src="https://m.media-amazon.com/images/I/31tx0nQjZ9L._SL500_.jpg" alt="Product Image"></a><p>JSHealth Vitamins Detox and Debloat Liver Health Formula | Liver Detox Pills | Debloating Formula with Milk Thistle, Turmeric, Fennel | Liver Cleanse Supplement (60 Tablets)</p><p>$37.99 ($0.63 / Count)</p><a href="https://www.amazon.com/dp/B07J9KNS9G?tag=eloabder-20&linkCode=osi&th=1&psc=1">View Product</a></div><div class="product"><a href="https://www.amazon.com/dp/B095H6GR19?tag=eloabder-20&linkCode=osi&th=1&psc=1"><img src="https://m.media-amazon.com/images/I/41cAOGEXneL._SL500_.jpg" alt="Product Image"></a><p>Colon Cleanser Detox for Weight Flush - 15 Day Intestinal Cleanse Pills & Probiotic - Fast Natural Laxative for Constipation Relief - Bowel Movement Supplements for Stomach Bloating, Gut Loss Support</p><p>$9.95 ($0.33 / Count)</p><a href="https://www.amazon.com/dp/B095H6GR19?tag=eloabder-20&linkCode=osi&th=1&psc=1">View Product</a></div><div class="product"><a href="https://www.amazon.com/dp/B0C9N21MB9?tag=eloabder-20&linkCode=osi&th=1&psc=1"><img src="https://m.media-amazon.com/images/I/41VtUHf8FIL._SL500_.jpg" alt="Product Image"></a><p>Bronson Liver Detox Advanced Detox & Cleansing Formula Supports Health Liver Function with Milk Thistle, Dandelion Root, Turmeric, Artichoke Leaf & More, Non-GMO, 60 Vegetarian Capsules</p><p>$9.99 ($0.17 / Count)</p><a href="https://www.amazon.com/dp/B0C9N21MB9?tag=eloabder-20&linkCode=osi&th=1&psc=1">View Product</a></div><div class="product"><a href="https://www.amazon.com/dp/B0CZDXGW2H?tag=eloabder-20&linkCode=osi&th=1&psc=1"><img src="https://m.media-amazon.com/images/I/519ruoENRPL._SL500_.jpg" alt="Product Image"></a><p>90,000 MG Detox and Liver Cleanser, Full Body Detox Cleanse, Fast Detox, Natural Toxins Remove, Natural Herbal Premium Formula for Liver, Urinary Tract, Digestion & Mood, Made in USA, 60 Caps</p><p>$27.99 ($0.47 / Count)</p><a href="https://www.amazon.com/dp/B0CZDXGW2H?tag=eloabder-20&linkCode=osi&th=1&psc=1">View Product</a></div><div class="product"><a href="https://www.amazon.com/dp/B0CLH9BQ22?tag=eloabder-20&linkCode=osi&th=1&psc=1"><img src="https://m.media-amazon.com/images/I/31rR+aA0rBL._SL500_.jpg" alt="Product Image"></a><p>Bella All Natural Extreme Detox Powder - Mango</p><p>$35.00 ($2.48 / Ounce)</p><a href="https://www.amazon.com/dp/B0CLH9BQ22?tag=eloabder-20&linkCode=osi&th=1&psc=1">View Product</a></div><div class="product"><a href="https://www.amazon.com/dp/B01AVJGHW4?tag=eloabder-20&linkCode=osi&th=1&psc=1"><img src="https://m.media-amazon.com/images/I/51xGQHea+JL._SL500_.jpg" alt="Product Image"></a><p>Century Systems The Cleaner Detox, Powerful 7-Day Complete Internal Cleansing Formula for Men, Support Digestive Health, 52 Vegetarian Capsules</p><p>$15.55 ($0.30 / Count)</p><a href="https://www.amazon.com/dp/B01AVJGHW4?tag=eloabder-20&linkCode=osi&th=1&psc=1">View Product</a></div><div class="product"><a href="https://www.amazon.com/dp/B07D4372Y8?tag=eloabder-20&linkCode=osi&th=1&psc=1"><img src="https://m.media-amazon.com/images/I/41BJ0OX9gML._SL500_.jpg" alt="Product Image"></a><p>Herbal Nitro My Gentle Detox - Fast, Gentle Constipation Relief in 1 Day - All-Natural Colon Cleanse Detox Pills for Women & Men - Helps Reduce Bloating, Gas, Irregularity - 30 Capsules</p><p>$27.97 ($0.93 / Count)</p><a href="https://www.amazon.com/dp/B07D4372Y8?tag=eloabder-20&linkCode=osi&th=1&psc=1">View Product</a></div><div class="product"><a href="https://www.amazon.com/dp/B016BAO0LW?tag=eloabder-20&linkCode=osi&th=1&psc=1"><img src="https://m.media-amazon.com/images/I/41CEuhtv5jL._SL500_.jpg" alt="Product Image"></a><p>Purely Inspired 7-Day Detox Cleanse - Whole Body Cleanse & Detox Pills for Women & Men, Powered with Senna Leaf, Vitamin C, Apple Cider Vinegar, Digestive Enzymes & Probiotics - 42 Acai Berry Capsules</p><p>$11.23 ($0.27 / Count)</p><a href="https://www.amazon.com/dp/B016BAO0LW?tag=eloabder-20&linkCode=osi&th=1&psc=1">View Product</a></div><div class="product"><a href="https://www.amazon.com/dp/B0CRMVWKL4?tag=eloabder-20&linkCode=osi&th=1&psc=1"><img src="https://m.media-amazon.com/images/I/41wTqdC2eiL._SL500_.jpg" alt="Product Image"></a><p>28-in-1 Liver Cleanse with Milk Thistle, Artichoke & Apple Cider Vinegar - Liver Cleanse Detox & Repair Heath Formula Liver Support Supplement 60 Vegan Capsules</p><p>$24.99 ($0.42 / Count)</p><a href="https://www.amazon.com/dp/B0CRMVWKL4?tag=eloabder-20&linkCode=osi&th=1&psc=1">View Product</a></div>
<div class="product"><a href="https://www.amazon.com/dp/B08DP57QF5?tag=eloabder-20&linkCode=osi&th=1&psc=1"><img src="https://m.media-amazon.com/images/I/41fG9e3QHeL._SL500_.jpg" alt="Product Image"></a><p>Inno Cleanse - Waist Trimming Complex | Digestive System Support & Aid | Reduced Bloating | Improves Energy Levels | Gluten Free, Vegan Friendly</p><p>$43.99 ($0.73 / Count)</p><a href="https://www.amazon.com/dp/B08DP57QF5?tag=eloabder-20&linkCode=osi&th=1&psc=1">View Product</a></div><div class="product"><a href="https://www.amazon.com/dp/B0015R3L5S?tag=eloabder-20&linkCode=osi&th=1&psc=1"><img src="https://m.media-amazon.com/images/I/51LB3xPDZ+L._SL500_.jpg" alt="Product Image"></a><p>Renew Life Detox Cleanse More, Reduces Bloating and Restores Regularity, Overnight Constipation Relief, Soy, Dairy and gluten-free, 100 Capsules</p><p>$24.99 ($0.25 / Count)</p><a href="https://www.amazon.com/dp/B0015R3L5S?tag=eloabder-20&linkCode=osi&th=1&psc=1">View Product</a></div><div class="product"><a href="https://www.amazon.com/dp/B00CGFKD4K?tag=eloabder-20&linkCode=osi&th=1&psc=1"><img src="https://m.media-amazon.com/images/I/31mtuMnrYaL._SL500_.jpg" alt="Product Image"></a><p>Health Plus Super Colon Cleanse 10 Day Gentle Gut Cleanse Detox, Psyllium Husk, Probiotics for Constipation Relief & Digestive Support, 60 Capsules</p><p>$12.99 ($0.22 / Count)</p><a href="https://www.amazon.com/dp/B00CGFKD4K?tag=eloabder-20&linkCode=osi&th=1&psc=1">View Product</a></div><div class="product"><a href="https://www.amazon.com/dp/B000W6N3B0?tag=eloabder-20&linkCode=osi&th=1&psc=1"><img src="https://m.media-amazon.com/images/I/513eRgpwDzL._SL500_.jpg" alt="Product Image"></a><p>Nature's Secret Ultimate Cleanse 2-Part Total Body Detoxification & Elimination Supports Digestion, Wellness, Colon Health & Regularity - Multi-Herb Digestion & Multi-Fiber Cleanse - 240 Tablets</p><p>$26.24 ($0.11 / Count)</p><a href="https://www.amazon.com/dp/B000W6N3B0?tag=eloabder-20&linkCode=osi&th=1&psc=1">View Product</a></div><div class="product"><a href="https://www.amazon.com/dp/B076QGVCTJ?tag=eloabder-20&linkCode=osi&th=1&psc=1"><img src="https://m.media-amazon.com/images/I/51mTNryXDDL._SL500_.jpg" alt="Product Image"></a><p>CLEANSE on the go - 3 Day Juice Cleanse - Just Add Water - 21 Powder Packets</p><p>$64.95 ($64.95 / Count)</p><a href="https://www.amazon.com/dp/B076QGVCTJ?tag=eloabder-20&linkCode=osi&th=1&psc=1">View Product</a></div>

<div class="product"><a href="https://www.amazon.com/dp/B08LQZCR3L?tag=eloabder-20&linkCode=osi&th=1&psc=1"><img src="https://m.media-amazon.com/images/I/41HE+7tML2L._SL500_.jpg" alt="Product Image"></a><p>OLLY Ultra Strength Goodbye Stress Softgels, GABA, Ashwagandha, L-Theanine and Lemon Balm, Stress Relief Supplement - 60 Count</p><p>$19.99 ($0.33 / Count)</p><a href="https://www.amazon.com/dp/B08LQZCR3L?tag=eloabder-20&linkCode=osi&th=1&psc=1">View Product</a></div><div class="product"><a href="https://www.amazon.com/dp/B07PWMXMZ6?tag=eloabder-20&linkCode=osi&th=1&psc=1"><img src="https://m.media-amazon.com/images/I/41VD6DY7HqL._SL500_.jpg" alt="Product Image"></a><p>Nature's Bounty Anxiety & Stress Relief Ashwagandha Ksm-66 Tablets, 50 Count</p><p>$10.98 ($0.22 / Count)</p><a href="https://www.amazon.com/dp/B07PWMXMZ6?tag=eloabder-20&linkCode=osi&th=1&psc=1">View Product</a></div><div class="product"><a href="https://www.amazon.com/dp/B08VYWSVVF?tag=eloabder-20&linkCode=osi&th=1&psc=1"><img src="https://m.media-amazon.com/images/I/41Ho+8wPa0L._SL500_.jpg" alt="Product Image"></a><p>Boiron StressCalm for Relief of Stress, Anxiousness, Nervousness, Irritability, and Fatigue - 60 Count</p><p>$9.99 ($0.17 / Count)</p><a href="https://www.amazon.com/dp/B08VYWSVVF?tag=eloabder-20&linkCode=osi&th=1&psc=1">View Product</a></div><div class="product"><a href="https://www.amazon.com/dp/B09SR84773?tag=eloabder-20&linkCode=osi&th=1&psc=1"><img src="https://m.media-amazon.com/images/I/41ZCNv-yCrL._SL500_.jpg" alt="Product Image"></a><p>Nature Made Wellblends Stress Relief Gummies, L theanine 200mg to Help Reduce Stress, with GABA 100mg, Same Day Stress Support, 40 Strawberry Flavor Gummies</p><p>$18.09 ($0.45 / Count)</p><a href="https://www.amazon.com/dp/B09SR84773?tag=eloabder-20&linkCode=osi&th=1&psc=1">View Product</a></div><div class="product"><a href="https://www.amazon.com/dp/B08JTDM8JX?tag=eloabder-20&linkCode=osi&th=1&psc=1"><img src="https://m.media-amazon.com/images/I/51UKAPsnDSL._SL500_.jpg" alt="Product Image"></a><p>Zenium - Relieve Stress, Tension, Worry, Nervousness, & Irritability | Calm The Mind & Body | Ayurvedic | Natural Relief Supplement | Boosts Mood | Ashwagandha, L-Theanine, GABA, Rhodiola |60 Capsules</p><p>$28.60 ($0.32 / Count)</p><a href="https://www.amazon.com/dp/B08JTDM8JX?tag=eloabder-20&linkCode=osi&th=1&psc=1">View Product</a></div><div class="product"><a href="https://www.amazon.com/dp/B01M1HYRNJ?tag=eloabder-20&linkCode=osi&th=1&psc=1"><img src="https://m.media-amazon.com/images/I/41cyJuNhkJL._SL500_.jpg" alt="Product Image"></a><p>OLLY Goodbye Stress Gummy, GABA, L-Theanine, Lemon Balm, Stress Relief Supplement, Berry - 42 Count</p><p>$11.99 ($0.29 / Count)</p><a href="https://www.amazon.com/dp/B01M1HYRNJ?tag=eloabder-20&linkCode=osi&th=1&psc=1">View Product</a></div><div class="product"><a href="https://www.amazon.com/dp/B0D3584KTT?tag=eloabder-20&linkCode=osi&th=1&psc=1"><img src="https://m.media-amazon.com/images/I/314M3cMtYEL._SL500_.jpg" alt="Product Image"></a><p>Habit Stress Relief Supplement (60 Capsules) - New Look, Supports Relaxation & Mood Balance, Vitamin B, Adaptogens, Lemon Balm, Calming, Vegan, Non-GMO (1 Pack)</p><p>$7.99 ($0.13 / Count)</p><a href="https://www.amazon.com/dp/B0D3584KTT?tag=eloabder-20&linkCode=osi&th=1&psc=1">View Product</a></div><div class="product"><a href="https://www.amazon.com/dp/B0B7YVVCJD?tag=eloabder-20&linkCode=osi&th=1&psc=1"><img src="https://m.media-amazon.com/images/I/41FfvHvKl7L._SL500_.jpg" alt="Product Image"></a><p>Primal Harvest Stress Relief Supplement for Women and Men Pure Ashwagandha Root Extract, L-Theanine Supplements, 30 Capsules</p><p>$39.95 ($1.33 / Count)</p><a href="https://www.amazon.com/dp/B0B7YVVCJD?tag=eloabder-20&linkCode=osi&th=1&psc=1">View Product</a></div><div class="product"><a href="https://www.amazon.com/dp/B08F2TY6SQ?tag=eloabder-20&linkCode=osi&th=1&psc=1"><img src="https://m.media-amazon.com/images/I/41zMS+Vdv7L._SL500_.jpg" alt="Product Image"></a><p>Stress Relief Gummies for Adults | with Gaba, L Theanine and Lemon Balm | Lemon Strawberry Gummies | Non-GMO, Gluten Free Supplement | by Nature's Truth</p><p>$9.99 ($0.21 / Count)</p><a href="https://www.amazon.com/dp/B08F2TY6SQ?tag=eloabder-20&linkCode=osi&th=1&psc=1">View Product</a></div>
<div class="product"><a href="https://www.amazon.com/dp/B07PBZRDJN?tag=eloabder-20&linkCode=osi&th=1&psc=1"><img src="https://m.media-amazon.com/images/I/51mpObXjYwL._SL500_.jpg" alt="Product Image"></a><p>NEURIVA Plus Brain Supplement for Memory and Focus Clinically Tested Nootropics for Concentration for Mental Clarity, Cognitive Enhancement Vitamins B6, B12, Phosphatidylserine 30 Capsules</p><p>$29.78 ($0.99 / Count)</p><a href="https://www.amazon.com/dp/B07PBZRDJN?tag=eloabder-20&linkCode=osi&th=1&psc=1">View Product</a></div><div class="product"><a href="https://www.amazon.com/dp/B01JIKQDPS?tag=eloabder-20&linkCode=osi&th=1&psc=1"><img src="https://m.media-amazon.com/images/I/41Ezne379HL._SL500_.jpg" alt="Product Image"></a><p>Nootropics Brain Support Supplement - Mental Focus Nootropic Memory Supplement for Brain Health & and Performance Blend, with Energy and Vitamins DMAE Bacopa and Phosphatidylserine Capsule</p><p>$19.55 ($0.33 / Count)</p><a href="https://www.amazon.com/dp/B01JIKQDPS?tag=eloabder-20&linkCode=osi&th=1&psc=1">View Product</a></div><div class="product"><a href="https://www.amazon.com/dp/B07Q5DZJTK?tag=eloabder-20&linkCode=osi&th=1&psc=1"><img src="https://m.media-amazon.com/images/I/414Ts8+w+YL._SL500_.jpg" alt="Product Image"></a><p>DR. EMIL NUTRITION 2100mg Organic Lions Mane Supplement Capsules - Focus, Mental Clarity & Cognition - Nootropic Lion's Mane Mushroom Supplement with Organic Lions Mane</p><p>$22.85 ($0.25 / Count)</p><a href="https://www.amazon.com/dp/B07Q5DZJTK?tag=eloabder-20&linkCode=osi&th=1&psc=1">View Product</a></div><div class="product"><a href="https://www.amazon.com/dp/B07WT6RLX9?tag=eloabder-20&linkCode=osi&th=1&psc=1"><img src="https://m.media-amazon.com/images/I/51o6VcG9A4L._SL500_.jpg" alt="Product Image"></a><p>ONNIT Alpha Brain Premium Nootropic Brain Supplement, 30 Count, for Men & Women - Caffeine-Free Focus Capsules for Concentration, Brain Booster & Memory Support</p><p>$29.71 ($0.99 / Count)</p><a href="https://www.amazon.com/dp/B07WT6RLX9?tag=eloabder-20&linkCode=osi&th=1&psc=1">View Product</a></div><div class="product"><a href="https://www.amazon.com/dp/B06XP35CN9?tag=eloabder-20&linkCode=osi&th=1&psc=1"><img src="https://m.media-amazon.com/images/I/41mC1EgSjWL._SL500_.jpg" alt="Product Image"></a><p>Advanced Nootropics Brain Support Supplement - Synergetic Mental Energy and Focus Supplement with Brain Vitamins for Cognitive Enhancement - Mind and Memory Supplement for Brain Health (30 Servings)</p><p>$13.78 ($0.23 / Count)</p><a href="https://www.amazon.com/dp/B06XP35CN9?tag=eloabder-20&linkCode=osi&th=1&psc=1">View Product</a></div><div class="product"><a href="https://www.amazon.com/dp/B0C8ZHNVHK?tag=eloabder-20&linkCode=osi&th=1&psc=1"><img src="https://m.media-amazon.com/images/I/51LyeYCadbL._SL500_.jpg" alt="Product Image"></a><p>Switch, Brain Boosting Nootropic Energy Supplement, Increase Mental Focus & Cognitive Function, Enhances Mood & Memory, Alpha GPC, Ashwagandha, Sugar Free Energy Powder-Keto</p><p>$49.99 ($8.91 / Ounce)</p><a href="https://www.amazon.com/dp/B0C8ZHNVHK?tag=eloabder-20&linkCode=osi&th=1&psc=1">View Product</a></div><div class="product"><a href="https://www.amazon.com/dp/B0BXTN1V7F?tag=eloabder-20&linkCode=osi&th=1&psc=1"><img src="https://m.media-amazon.com/images/I/513JW5FoUhL._SL500_.jpg" alt="Product Image"></a><p>NEURIVA Ultra Decaffeinated Clinically Tested Nootropic Brain Supplement for Mental Alertness, Memory, Focus & Concentration, Cognivive, Neurofactor, Phosphatidylserine, Vitamins B6 B12, 60 Capsules</p><p>$69.99 ($1.17 / Count)</p><a href="https://www.amazon.com/dp/B0BXTN1V7F?tag=eloabder-20&linkCode=osi&th=1&psc=1">View Product</a></div><div class="product"><a href="https://www.amazon.com/dp/B07RP44QPT?tag=eloabder-20&linkCode=osi&th=1&psc=1"><img src="https://m.media-amazon.com/images/I/414Ge8If89L._SL500_.jpg" alt="Product Image"></a><p>Vital Vitamins Brain Supplements for Memory and Focus - Nootropic Brain Support - Memory, Clarity, Focus, Energy - Vitamin B12, Gingko Biloba, DMAE</p><p>$21.01 ($0.70 / Count)</p><a href="https://www.amazon.com/dp/B07RP44QPT?tag=eloabder-20&linkCode=osi&th=1&psc=1">View Product</a></div><div class="product"><a href="https://www.amazon.com/dp/B00GQVA728?tag=eloabder-20&linkCode=osi&th=1&psc=1"><img src="https://m.media-amazon.com/images/I/41XREocXS9L._SL500_.jpg" alt="Product Image"></a><p>NOW Essential Oils, Mental Focus Oil Blend, Centering Aromatherapy Scent, Blend of Pure Essential Oils, Vegan, Child Resistant Cap, 1-Ounce</p><p>$9.99</p><a href="https://www.amazon.com/dp/B00GQVA728?tag=eloabder-20&linkCode=osi&th=1&psc=1">View Product</a></div>
<div class="product"><a href="https://www.amazon.com/dp/B0CLJ62HJN?tag=eloabder-20&linkCode=osi&th=1&psc=1"><img src="https://m.media-amazon.com/images/I/51fzZ1f4aKL._SL500_.jpg" alt="Product Image"></a><p>Probiotics for Men, 500 Billion CFU 12 Strains Mens Probiotic with Turmeric Cranberry & Goji, Gut Health for Men, Probiotics for Men Digestive Health, Bloating, Immune & Overall Health, 30-Day Supply</p><p>$24.90 ($0.42 / Count)</p><a href="https://www.amazon.com/dp/B0CLJ62HJN?tag=eloabder-20&linkCode=osi&th=1&psc=1">View Product</a></div><div class="product"><a href="https://www.amazon.com/dp/B01KE592JU?tag=eloabder-20&linkCode=osi&th=1&psc=1"><img src="https://m.media-amazon.com/images/I/41H9Ng4ybQL._SL500_.jpg" alt="Product Image"></a><p>Multivitamin for Men - Daily Mens Multivitamins & Multiminerals Supplement for Energy, Focus and Performance. Mens Vitamins A, C, D, E & B12, Zinc, Calcium, Magnesium & More. Multi Vitamin Capsules</p><p>$22.97 ($0.38 / Count)</p><a href="https://www.amazon.com/dp/B01KE592JU?tag=eloabder-20&linkCode=osi&th=1&psc=1">View Product</a></div><div class="product"><a href="https://www.amazon.com/dp/B084HGKTSD?tag=eloabder-20&linkCode=osi&th=1&psc=1"><img src="https://m.media-amazon.com/images/I/51TL3dHZ-fL._SL500_.jpg" alt="Product Image"></a><p>NATURE TARGET Probiotics for Men with Men Care Supplement, Prebiotics & Probiotic for Men's Digestive and Immune Health,60 Billion CFUs & 14 Strains Shelf Stable, Gluten & Soy Free (90 Tablets)</p><p>$16.99 ($0.19 / Count)</p><a href="https://www.amazon.com/dp/B084HGKTSD?tag=eloabder-20&linkCode=osi&th=1&psc=1">View Product</a></div><div class="product"><a href="https://www.amazon.com/dp/B09N44X5GZ?tag=eloabder-20&linkCode=osi&th=1&psc=1"><img src="https://m.media-amazon.com/images/I/41AH6xcqptL._SL500_.jpg" alt="Product Image"></a><p>Saw Palmetto Supplement - Potent 3X Formula with Stinging Nettle + Pumpkin Seed Extract - DHT Blocker Urinary Health & Prostate Support Supplement for Mens Health - Saw Palmetto for Men 2 Month Supply</p><p>$27.49 ($0.23 / Count)</p><a href="https://www.amazon.com/dp/B09N44X5GZ?tag=eloabder-20&linkCode=osi&th=1&psc=1">View Product</a></div><div class="product"><a href="https://www.amazon.com/dp/B01MQ1JLWY?tag=eloabder-20&linkCode=osi&th=1&psc=1"><img src="https://m.media-amazon.com/images/I/41O5MqjxlDL._SL500_.jpg" alt="Product Image"></a><p>Prime Labs - Men's Testosterone Booster - Stamina, Endurance, & Strength Booster - 60 Caplets</p><p>$21.49 ($0.36 / Count)</p><a href="https://www.amazon.com/dp/B01MQ1JLWY?tag=eloabder-20&linkCode=osi&th=1&psc=1">View Product</a></div><div class="product"><a href="https://www.amazon.com/dp/B09X2CG92L?tag=eloabder-20&linkCode=osi&th=1&psc=1"><img src="https://m.media-amazon.com/images/I/41ebxpgEyDL._SL500_.jpg" alt="Product Image"></a><p>21,800mg Testosterone Booster for Men 8X Strength w. Ashwagandha, Tongkat Ali, Pycnogenol, Tribulus - Total T Male Enhancing Test Libido Booster + Muscle Builder Growth Testosterone Supplement for Men</p><p>$29.95 ($0.33 / Count)</p><a href="https://www.amazon.com/dp/B09X2CG92L?tag=eloabder-20&linkCode=osi&th=1&psc=1">View Product</a></div><div class="product"><a href="https://www.amazon.com/dp/B0B44VP9QV?tag=eloabder-20&linkCode=osi&th=1&psc=1"><img src="https://m.media-amazon.com/images/I/31Ep1XHYAUL._SL500_.jpg" alt="Product Image"></a><p>Health by Habit Mens Multi Supplement (60 Capsules) - 23 Essential Vitamins and Minerals, Supports General Health & Wellness, Non-GMO, Sugar Free (1 Pack)</p><p>$10.06 ($0.17 / Count)</p><a href="https://www.amazon.com/dp/B0B44VP9QV?tag=eloabder-20&linkCode=osi&th=1&psc=1">View Product</a></div><div class="product"><a href="https://www.amazon.com/dp/B09W1R4JJ9?tag=eloabder-20&linkCode=osi&th=1&psc=1"><img src="https://m.media-amazon.com/images/I/51FMBwtAQZL._SL500_.jpg" alt="Product Image"></a><p>Force Factor Test X180 Gummies Testosterone Booster for Men with Tongkat Ali, Horny Goat Weed, Tribulus Terrestris, Fenugreek, & Black Maca, Supplement Men, Berry Punch, 60 Gummies, 1-Pack</p><p>$18.80 ($0.31 / Count)</p><a href="https://www.amazon.com/dp/B09W1R4JJ9?tag=eloabder-20&linkCode=osi&th=1&psc=1">View Product</a></div><div class="product"><a href="https://www.amazon.com/dp/B00Y8MP5VA?tag=eloabder-20&linkCode=osi&th=1&psc=1"><img src="https://m.media-amazon.com/images/I/41EWrdWCUSL._SL500_.jpg" alt="Product Image"></a><p>Garden of Life Probiotics for Men Dr Formulated 50 Billion CFU 15 Probiotics + Organic Prebiotic Fiber for Digestive, Colon & Immune Support, Daily Gas Relief, Dairy Free, Shelf Stable, 30 Capsules</p><p>$31.71 ($1.06 / Count)</p><a href="https://www.amazon.com/dp/B00Y8MP5VA?tag=eloabder-20&linkCode=osi&th=1&psc=1">View Product</a></div>
<div class="product"><a href="https://www.amazon.com/dp/B07B8BSGPL?tag=eloabder-20&linkCode=osi&th=1&psc=1"><img src="https://m.media-amazon.com/images/I/51fhicydrEL._SL500_.jpg" alt="Product Image"></a><p>Physician's Choice Probiotics for Women - PH Balance, Digestive, UT, & Feminine Health - 50 Billion CFU - 6 Unique Strains for Women - Organic Prebiotics, Cranberry Extract+ - Women Probiotic - 30 CT</p><p>$23.98 ($0.80 / Count)</p><a href="https://www.amazon.com/dp/B07B8BSGPL?tag=eloabder-20&linkCode=osi&th=1&psc=1">View Product</a></div><div class="product"><a href="https://www.amazon.com/dp/B0BL2GM261?tag=eloabder-20&linkCode=osi&th=1&psc=1"><img src="https://m.media-amazon.com/images/I/31nzULQJHwL._SL500_.jpg" alt="Product Image"></a><p>Health by Habit Womens Multi Supplement (60 Capsules) - 23 Essential Vitamins and Minerals, Supports General Health & Wellness, Non-GMO, Sugar Free (1 Pack)</p><p>$10.70 ($0.18 / Count)</p><a href="https://www.amazon.com/dp/B0BL2GM261?tag=eloabder-20&linkCode=osi&th=1&psc=1">View Product</a></div><div class="product"><a href="https://www.amazon.com/dp/B07YWJZJNY?tag=eloabder-20&linkCode=osi&th=1&psc=1"><img src="https://m.media-amazon.com/images/I/51lB0uUNGDL._SL500_.jpg" alt="Product Image"></a><p>Doctor's Recipes Women’s Probiotic, 60 Caps 50 Billion CFU 16 Strains, with Organic Cranberry, Digestive Immune Vaginal & Urinary Health, Shelf Stable, Delayed Release, No Soy Gluten Dairy</p><p>$17.49 ($0.29 / Count)</p><a href="https://www.amazon.com/dp/B07YWJZJNY?tag=eloabder-20&linkCode=osi&th=1&psc=1">View Product</a></div><div class="product"><a href="https://www.amazon.com/dp/B004ZNDFIW?tag=eloabder-20&linkCode=osi&th=1&psc=1"><img src="https://m.media-amazon.com/images/I/51+VsWEmpSL._SL500_.jpg" alt="Product Image"></a><p>Renew Life Women's Probiotic Capsules, Supports pH Balance for Women, Vaginal, Urinary, Digestive and Immune Health, L. Rhamnosus GG, Dairy, Soy and Gluten-Free, 25 Billion CFU - 30 Ct</p><p>$16.78 ($0.56 / Count)</p><a href="https://www.amazon.com/dp/B004ZNDFIW?tag=eloabder-20&linkCode=osi&th=1&psc=1">View Product</a></div><div class="product"><a href="https://www.amazon.com/dp/B006I7AT78?tag=eloabder-20&linkCode=osi&th=1&psc=1"><img src="https://m.media-amazon.com/images/I/41v96+mT7-L._SL500_.jpg" alt="Product Image"></a><p>Nature's Way Women's Probiotic Pearls, Supports Vaginal and Digestive Health*, 1 Billion Live Cultures, No Refrigeration Required, 30 Softgels (Packaging May Vary)</p><p>$11.81 ($0.39 / Count)</p><a href="https://www.amazon.com/dp/B006I7AT78?tag=eloabder-20&linkCode=osi&th=1&psc=1">View Product</a></div><div class="product"><a href="https://www.amazon.com/dp/B092CS29NR?tag=eloabder-20&linkCode=osi&th=1&psc=1"><img src="https://m.media-amazon.com/images/I/41mHol7tOzL._SL500_.jpg" alt="Product Image"></a><p>OLLY Happy Hoo-Ha Capsules, Probiotic for Women, Vaginal Health and pH Balance, 10 Billion CFU, Gluten Free - 25 Count</p><p>$16.37 ($0.65 / Count)</p><a href="https://www.amazon.com/dp/B092CS29NR?tag=eloabder-20&linkCode=osi&th=1&psc=1">View Product</a></div><div class="product"><a href="https://www.amazon.com/dp/B09YM5LMX7?tag=eloabder-20&linkCode=osi&th=1&psc=1"><img src="https://m.media-amazon.com/images/I/51h9mac9ZFL._SL500_.jpg" alt="Product Image"></a><p>OMOGS Women's Probiotic,with Cranberry Extract and Organic Prebiotics,90 Billion CFUs,18 Strains,Help for Boost Immune,Digestive, Gut and Women's Health,Gluten Dairy Yeast & Soy Free, 90 Tablets</p><p>$8.99 ($0.10 / Count)</p><a href="https://www.amazon.com/dp/B09YM5LMX7?tag=eloabder-20&linkCode=osi&th=1&psc=1">View Product</a></div><div class="product"><a href="https://www.amazon.com/dp/B074BLLV81?tag=eloabder-20&linkCode=osi&th=1&psc=1"><img src="https://m.media-amazon.com/images/I/51KGSL1CsIL._SL500_.jpg" alt="Product Image"></a><p>AZO Complete Feminine Balance Daily Probiotics for Women, Clinically Proven to Help Protect Vaginal Health, balance pH and yeast, Non-GMO, 30 Count</p><p>$23.51 ($0.78 / Count)</p><a href="https://www.amazon.com/dp/B074BLLV81?tag=eloabder-20&linkCode=osi&th=1&psc=1">View Product</a></div>
<div class="product"><a href="https://www.amazon.com/dp/B0CGKVHHCY?tag=eloabder-20&linkCode=osi&th=1&psc=1"><img src="https://m.media-amazon.com/images/I/51HSSDVp7sL._SL500_.jpg" alt="Product Image"></a><p>MaryRuth's Liquid Multivitamin + Lustriva® Hair Growth Vitamins | Biotin 10000mcg | Vitamin D | Clinically Tested for Thicker Hair, Wrinkles, Fine Lines, Skin Care | Ages 18+ | 30 Fl Oz</p><p>$74.95 ($2.50 / Fl Oz)</p><a href="https://www.amazon.com/dp/B0CGKVHHCY?tag=eloabder-20&linkCode=osi&th=1&psc=1">View Product</a></div><div class="product"><a href="https://www.amazon.com/dp/B09RKDGYJD?tag=eloabder-20&linkCode=osi&th=1&psc=1"><img src="https://m.media-amazon.com/images/I/51VPhOLi43L._SL500_.jpg" alt="Product Image"></a><p>Biotin | Collagen | Keratin | Hyaluronic Acid - Hair Growth Support Supplement | Skin & Nails Beauty Complex 25000 mcg - B1 | B2 | B3 | B6 | B7 - Made in USA - For Women & Men | 60 Capsules</p><p>$21.16 ($0.35 / Count)</p><a href="https://www.amazon.com/dp/B09RKDGYJD?tag=eloabder-20&linkCode=osi&th=1&psc=1">View Product</a></div><div class="product"><a href="https://www.amazon.com/dp/B0D379XS3Z?tag=eloabder-20&linkCode=osi&th=1&psc=1"><img src="https://m.media-amazon.com/images/I/41ZnobZ4taL._SL500_.jpg" alt="Product Image"></a><p>WONDERCOW Hair Skin and Nails Vitamins w/Bovine Colostrum, Collagen, Hyaluronic Acid, Biotin, Zinc, & Lactoferrin┃Supports Faster Hair Growth, Stronger Nails and Glowing Skin (30 servings, Capsule)</p><p>$39.99 ($0.44 / Count)</p><a href="https://www.amazon.com/dp/B0D379XS3Z?tag=eloabder-20&linkCode=osi&th=1&psc=1">View Product</a></div><div class="product"><a href="https://www.amazon.com/dp/B0D2JFRTJY?tag=eloabder-20&linkCode=osi&th=1&psc=1"><img src="https://m.media-amazon.com/images/I/415HdLpj8pL._SL500_.jpg" alt="Product Image"></a><p>InstaRelief® Hair Growth with Lustriva® - Clinically Shown to Grow Thicker, Healthier Hair in 3 Weeks, Reduce Wrinkles and Fine Lines, with Biotin, Silicon, and Arginine, 60 Tablets</p><p>$26.98 ($0.45 / Count)</p><a href="https://www.amazon.com/dp/B0D2JFRTJY?tag=eloabder-20&linkCode=osi&th=1&psc=1">View Product</a></div><div class="product"><a href="https://www.amazon.com/dp/B07H8RQCX2?tag=eloabder-20&linkCode=osi&th=1&psc=1"><img src="https://m.media-amazon.com/images/I/41c4gXD7hAS._SL500_.jpg" alt="Product Image"></a><p>JSHealth Vitamins Hair and Energy Formula Hair Growth Vitamins | Hair Vitamins for Women and Men | Zinc and Iodine Hair Supplements for Hair Growth | Hair Loss Supplements | (30 Capsules)</p><p>$27.99 ($0.93 / Count)</p><a href="https://www.amazon.com/dp/B07H8RQCX2?tag=eloabder-20&linkCode=osi&th=1&psc=1">View Product</a></div><div class="product"><a href="https://www.amazon.com/dp/B07L8KPCFY?tag=eloabder-20&linkCode=osi&th=1&psc=1"><img src="https://m.media-amazon.com/images/I/31NkOtXpn0L._SL500_.jpg" alt="Product Image"></a><p>Hello Lovely! Hair Vitamins Gummies with Biotin 5000 mcg Vitamin E & C Support Hair Growth, Premium Vegetarian Non-GMO, for Stronger Beautiful Hair, Skin & Nails Supplement - 60 Gummy Bears</p><p>$14.62 ($0.24 / Count)</p><a href="https://www.amazon.com/dp/B07L8KPCFY?tag=eloabder-20&linkCode=osi&th=1&psc=1">View Product</a></div>
<div class="product"><a href="https://www.amazon.com/dp/B0072F8D7S?tag=eloabder-20&linkCode=osi&th=1&psc=1"><img src="https://m.media-amazon.com/images/I/41j4CBYG0SL._SL500_.jpg" alt="Product Image"></a><p>Nature's Bounty Advanced Hair, Skin & Nails, Argan-Infused Vitamin Supplement with Biotin and Hyaluronic Acid, 150 Rapid Release Softgels</p><p>$11.22 ($0.07 / Count)</p><a href="https://www.amazon.com/dp/B0072F8D7S?tag=eloabder-20&linkCode=osi&th=1&psc=1">View Product</a></div><div class="product"><a href="https://www.amazon.com/dp/B07SRVJBSJ?tag=eloabder-20&linkCode=osi&th=1&psc=1"><img src="https://m.media-amazon.com/images/I/415Fg7XSFDL._SL500_.jpg" alt="Product Image"></a><p>Horbäach Hair Skin and Nails Vitamins | 300 Softgels | with Biotin and Collagen | Infused with Argan Oil and Coconut Oil | Non-GMO, Gluten Free Supplement</p><p>$16.47 ($0.05 / Count)</p><a href="https://www.amazon.com/dp/B07SRVJBSJ?tag=eloabder-20&linkCode=osi&th=1&psc=1">View Product</a></div><div class="product"><a href="https://www.amazon.com/dp/B07FB65182?tag=eloabder-20&linkCode=osi&th=1&psc=1"><img src="https://m.media-amazon.com/images/I/41Dof1D4sQL._SL500_.jpg" alt="Product Image"></a><p>Life Extension Skin Restoring Ceramides - Promotes Hydration & Encourages Healthy Ceramide Levels in Skin - Once-Daily Oral Supplement - Non-GMO, Gluten-Free – 30 Liquid Vegetarian Capsules</p><p>$18.75 ($0.62 / Count)</p><a href="https://www.amazon.com/dp/B07FB65182?tag=eloabder-20&linkCode=osi&th=1&psc=1">View Product</a></div><div class="product"><a href="https://www.amazon.com/dp/B0B3GBJJGW?tag=eloabder-20&linkCode=osi&th=1&psc=1"><img src="https://m.media-amazon.com/images/I/41h5D2kKYEL._SL500_.jpg" alt="Product Image"></a><p>Collagen Pills 1000mg Biotin 10000mcg Keratin Saw Palmetto 2500mg Hyaluronic Acid - Hair Skin and Nails Vitamins and DHT Blocker with Vitamin E Folic Acid Pumpkin Seed MSM - 90 Count</p><p>$29.95 ($0.33 / Count)</p><a href="https://www.amazon.com/dp/B0B3GBJJGW?tag=eloabder-20&linkCode=osi&th=1&psc=1">View Product</a></div><div class="product"><a href="https://www.amazon.com/dp/B00EEOGIWC?tag=eloabder-20&linkCode=osi&th=1&psc=1"><img src="https://m.media-amazon.com/images/I/41KNQKYyyaL._SL500_.jpg" alt="Product Image"></a><p>Phytoceramides 350mg per softgel - Plant Derived Ceramides for Healthy Skin and Hydration - Non GMO with No Fillers or Synthetic Vitamins - 30 Liquid softgels</p><p>$19.95 ($0.66 / Count)</p><a href="https://www.amazon.com/dp/B00EEOGIWC?tag=eloabder-20&linkCode=osi&th=1&psc=1">View Product</a></div><div class="product"><a href="https://www.amazon.com/dp/B0CG9QS1JY?tag=eloabder-20&linkCode=osi&th=1&psc=1"><img src="https://m.media-amazon.com/images/I/41GR02V0-iL._SL500_.jpg" alt="Product Image"></a><p>CLEARstem - MINDBODYSKIN Hormonal Acne Supplement (5-HTP) - Natural DIM Supplement - Skin Care Vitamins - Hormone Balance, Antioxidants - Vegan, Gluten Free, Cruelty Free - 30 Servings, 90 Capsules</p><p>$57.35 ($0.64 / Count)</p><a href="https://www.amazon.com/dp/B0CG9QS1JY?tag=eloabder-20&linkCode=osi&th=1&psc=1">View Product</a></div><div class="product"><a href="https://www.amazon.com/dp/B0CCYZ4ZG4?tag=eloabder-20&linkCode=osi&th=1&psc=1"><img src="https://m.media-amazon.com/images/I/41UMUWSDIBL._SL500_.jpg" alt="Product Image"></a><p>Vital Vitamins Multi Collagen Plus - Biotin, Hyaluronic Acid, Vitamin C - Collagen for Women & Men - Hair Growth Support Supplement - Skin, Nails Beauty Complex - 150 Pills</p><p>$25.95 ($0.17 / Count)</p><a href="https://www.amazon.com/dp/B0CCYZ4ZG4?tag=eloabder-20&linkCode=osi&th=1&psc=1">View Product</a></div>
<div class="product"><a href="https://www.amazon.com/dp/B0D354DJQH?tag=eloabder-20&linkCode=osi&th=1&psc=1"><img src="https://m.media-amazon.com/images/I/31Q9PLna2VL._SL500_.jpg" alt="Product Image"></a><p>HABIT Hair, Skin & Nails Supplement (60 Capsules) - New Look, Supports Skin Hydration, Hair & Nail Strength, Biotin 2000mcg, Vitamin A & C, Hyaluronic Acid, Rosehip, Vegan, Non-GMO (1 Pack)</p><p>$7.88 ($0.13 / Count)</p><a href="https://www.amazon.com/dp/B0D354DJQH?tag=eloabder-20&linkCode=osi&th=1&psc=1">View Product</a></div><div class="product"><a href="https://www.amazon.com/dp/B01D6AQR7A?tag=eloabder-20&linkCode=osi&th=1&psc=1"><img src="https://m.media-amazon.com/images/I/41ot-3xB2JL._SL500_.jpg" alt="Product Image"></a><p>Nature Made Hair Skin and Nails with Biotin 2500 mcg, Dietary Supplement For Healthy Hair Skin and Nails Support, 120 Softgels, 120 Day Supply</p><p>$18.97 ($0.16 / Count)</p><a href="https://www.amazon.com/dp/B01D6AQR7A?tag=eloabder-20&linkCode=osi&th=1&psc=1">View Product</a></div><div class="product"><a href="https://www.amazon.com/dp/B00006MMU6?tag=eloabder-20&linkCode=osi&th=1&psc=1"><img src="https://m.media-amazon.com/images/I/41ItG2Bl1RL._SL500_.jpg" alt="Product Image"></a><p>NONYX Fungal Nail Clarifying Gel | Rids Nails of Fungus by Removing Keratin Debris Where Nail Fungus Grows | 90% of Toenails Improved Using this Toenail Fungus Treatment | 4 oz</p><p>$19.98 ($5.00 / Fl Oz)</p><a href="https://www.amazon.com/dp/B00006MMU6?tag=eloabder-20&linkCode=osi&th=1&psc=1">View Product</a></div><div class="product"><a href="https://www.amazon.com/dp/B09S3Y3J92?tag=eloabder-20&linkCode=osi&th=1&psc=1"><img src="https://m.media-amazon.com/images/I/41lQO63btQL._SL500_.jpg" alt="Product Image"></a><p>Kerasal Nail Renewal and Nail File Combo Pack, Restores Appearance of Discolored or Damaged Nails, 5 Heavy Duty Nail Files, 0.33 fl oz, Clear</p><p>$25.85 ($78.33 / Fl Oz)</p><a href="https://www.amazon.com/dp/B09S3Y3J92?tag=eloabder-20&linkCode=osi&th=1&psc=1">View Product</a></div><div class="product"><a href="https://www.amazon.com/dp/B000EH0NEC?tag=eloabder-20&linkCode=osi&th=1&psc=1"><img src="https://m.media-amazon.com/images/I/41XaFeLycBL._SL500_.jpg" alt="Product Image"></a><p>Nutra Nail 5 to 7 Day Growth Treatment - Fast Keratin Nail Hardener & Nail Strengthener for Thin Nails, Brittle & Damaged (0.47 Fl Oz)</p><p>$14.97 ($31.85 / Fl Oz)</p><a href="https://www.amazon.com/dp/B000EH0NEC?tag=eloabder-20&linkCode=osi&th=1&psc=1">View Product</a></div><div class="product"><a href="https://www.amazon.com/dp/B089RQTWLR?tag=eloabder-20&linkCode=osi&th=1&psc=1"><img src="https://m.media-amazon.com/images/I/417WgL6e20L._SL500_.jpg" alt="Product Image"></a><p>Clear Nails - Extra Strength - Probiotic Fungus Inhibitor - 50 Billion CFU</p><p>$22.49 ($0.37 / Count)</p><a href="https://www.amazon.com/dp/B089RQTWLR?tag=eloabder-20&linkCode=osi&th=1&psc=1">View Product</a></div>
<div class="product"><a href="https://www.amazon.com/dp/B07FZ85R1Y?tag=eloabder-20&linkCode=osi&th=1&psc=1"><img src="https://m.media-amazon.com/images/I/51NlAN37ewL._SL500_.jpg" alt="Product Image"></a><p>Areds 2 Eye Vitamins - Lutein, Zeaxanthin & Bilberry Extract - Supports Eye Strain, Dry Eyes, and Vision Health - 2 Award-Winning Clinically Proven Eye Vitamin Ingredients - Carotenoid Blend</p><p>$23.97 ($0.40 / Count)</p><a href="https://www.amazon.com/dp/B07FZ85R1Y?tag=eloabder-20&linkCode=osi&th=1&psc=1">View Product</a></div><div class="product"><a href="https://www.amazon.com/dp/B0C4J8G4SB?tag=eloabder-20&linkCode=osi&th=1&psc=1"><img src="https://m.media-amazon.com/images/I/51VNHCxN5pL._SL500_.jpg" alt="Product Image"></a><p>Eye Health Vitamins with Bilberry 6000mg Lutein & Zeaxanthin 40mg Lycopene 40mg Resveratrol 3000mg Grape Seed Extract 6000mg Omega 3 4000mg Astaxanthin - Eye Vitamin - 60 Capsules</p><p>$29.95 ($0.50 / Count)</p><a href="https://www.amazon.com/dp/B0C4J8G4SB?tag=eloabder-20&linkCode=osi&th=1&psc=1">View Product</a></div><div class="product"><a href="https://www.amazon.com/dp/B00DJUK8IM?tag=eloabder-20&linkCode=osi&th=1&psc=1"><img src="https://m.media-amazon.com/images/I/51LPoH2nRnL._SL500_.jpg" alt="Product Image"></a><p>Ocuvite Eye Vitamin & Mineral Supplement, Contains Zinc, Vitamins C, E, Omega 3, Lutein, & Zeaxanthin, 90 Softgels (Packaging May Vary)</p><p>$23.47 ($0.26 / Count)</p><a href="https://www.amazon.com/dp/B00DJUK8IM?tag=eloabder-20&linkCode=osi&th=1&psc=1">View Product</a></div><div class="product"><a href="https://www.amazon.com/dp/B0CGRYBQ2J?tag=eloabder-20&linkCode=osi&th=1&psc=1"><img src="https://m.media-amazon.com/images/I/51Hxps2kajL._SL500_.jpg" alt="Product Image"></a><p>Garden of Life Herbals Eye Health Supplement with Sunflower & Safflower Oil, Lutein, Zeaxanthin & Black Currant for Dry Eyes & Healthy Vision Support – Non-GMO, Gluten-Free, Berry Flavor, 30 Servings</p><p>$28.34 ($0.94 / Count)</p><a href="https://www.amazon.com/dp/B0CGRYBQ2J?tag=eloabder-20&linkCode=osi&th=1&psc=1">View Product</a></div><div class="product"><a href="https://www.amazon.com/dp/B07Y6Q6TFF?tag=eloabder-20&linkCode=osi&th=1&psc=1"><img src="https://m.media-amazon.com/images/I/518zmodQYgL._SL500_.jpg" alt="Product Image"></a><p>UpNourish AREDS 2+ - Advanced Eye Vitamin Supplement for Macular Health and Dry Eye - Lutein, Zeaxanthin, Saffron, Astaxanthin & DHA - Supports Eye Strain, Pressure, Night Vision - 120 softgels</p><p>$24.99 ($0.21 / Count)</p><a href="https://www.amazon.com/dp/B07Y6Q6TFF?tag=eloabder-20&linkCode=osi&th=1&psc=1">View Product</a></div><div class="product"><a href="https://www.amazon.com/dp/B07JNK257G?tag=eloabder-20&linkCode=osi&th=1&psc=1"><img src="https://m.media-amazon.com/images/I/41HuGBuDqaL._SL500_.jpg" alt="Product Image"></a><p>EyeScience Macular Health Beyond AREDS2 Formula, Advanced Ocular Vitamin - Containing Lutein, Zeaxanthin, Bilberry, and Vitamins C, D, E, and B6 (60 Day Supply)</p><p>$54.99 ($0.46 / Count)</p><a href="https://www.amazon.com/dp/B07JNK257G?tag=eloabder-20&linkCode=osi&th=1&psc=1">View Product</a></div><div class="product"><a href="https://www.amazon.com/dp/B007Z4EKQE?tag=eloabder-20&linkCode=osi&th=1&psc=1"><img src="https://m.media-amazon.com/images/I/315eIHyBj6L._SL500_.jpg" alt="Product Image"></a><p>EyePromise Restore Supplement - 60 Softgel Capsules Containing Lutein, Vitamin C, Vitamin D, Vitamin E, Omega-3 Fish Oil, and Zeaxanthin - A Patented Complete Eye Health Formula</p><p>$40.95 ($0.68 / Count)</p><a href="https://www.amazon.com/dp/B007Z4EKQE?tag=eloabder-20&linkCode=osi&th=1&psc=1">View Product</a></div><div class="product"><a href="https://www.amazon.com/dp/B004R66K9I?tag=eloabder-20&linkCode=osi&th=1&psc=1"><img src="https://m.media-amazon.com/images/I/41wdjw9An4L._SL500_.jpg" alt="Product Image"></a><p>Puritan's Pride Lutein 40 Mg with Zeaxanthin, Helps Support Eye Health*, Whole Bean, 60 Ct,</p><p>$8.08 ($0.13 / Count)</p><a href="https://www.amazon.com/dp/B004R66K9I?tag=eloabder-20&linkCode=osi&th=1&psc=1">View Product</a></div>


<div class="product"><a href="https://www.amazon.com/dp/B0C9M3VMD5?tag=eloabder-20&linkCode=osi&th=1&psc=1"><img src="https://m.media-amazon.com/images/I/51Ef845LRAL._SL500_.jpg" alt="Product Image"></a><p>Poygik Premium 420 Piece Large First Aid Kit for Home, Car, Travel, Camping, Truck, Hiking, Sports, Office, Vehicle & Outdoor Emergencies - Emergency Medical Kits, Businesses & Home Medical Supplies</p><p>$46.95 ($46.95 / Count)</p><a href="https://www.amazon.com/dp/B0C9M3VMD5?tag=eloabder-20&linkCode=osi&th=1&psc=1">View Product</a></div><div class="product"><a href="https://www.amazon.com/dp/B08127GKPR?tag=eloabder-20&linkCode=osi&th=1&psc=1"><img src="https://m.media-amazon.com/images/I/51IJV3GwkxL._SL500_.jpg" alt="Product Image"></a><p>Care Science First Aid Kit, 110 Pieces | Professional Use for Travel, Work, School, Home, Car, Survival, Camping, Hiking, and More</p><p>$9.99 ($0.09 / Count)</p><a href="https://www.amazon.com/dp/B08127GKPR?tag=eloabder-20&linkCode=osi&th=1&psc=1">View Product</a></div><div class="product"><a href="https://www.amazon.com/dp/B0B41MYSGP?tag=eloabder-20&linkCode=osi&th=1&psc=1"><img src="https://m.media-amazon.com/images/I/51TXjQQrgWL._SL500_.jpg" alt="Product Image"></a><p>Johnson & Johnson Travel Ready Portable Emergency First Aid Kit for Minor Wound Care with Assorted Adhesive Bandages, Gauze Pads & More, Ideal for Travel, Car & On-The-Go, 80 pc</p><p>$8.16 ($0.10 / Count)</p><a href="https://www.amazon.com/dp/B0B41MYSGP?tag=eloabder-20&linkCode=osi&th=1&psc=1">View Product</a></div><div class="product"><a href="https://www.amazon.com/dp/B006RNSPYM?tag=eloabder-20&linkCode=osi&th=1&psc=1"><img src="https://m.media-amazon.com/images/I/41oaygM+6-L._SL500_.jpg" alt="Product Image"></a><p>First Aid Only 9302-25M 25-Person Contractor's Emergency First Aid Kit for Home Renovation, Job Sites, and Construction Vehicles, 178 Pieces</p><p>$25.59</p><a href="https://www.amazon.com/dp/B006RNSPYM?tag=eloabder-20&linkCode=osi&th=1&psc=1">View Product</a></div><div class="product"><a href="https://www.amazon.com/dp/B07KRMQ8W6?tag=eloabder-20&linkCode=osi&th=1&psc=1"><img src="https://m.media-amazon.com/images/I/31-2HjYAfiL._SL500_.jpg" alt="Product Image"></a><p>Bactine MAX First Aid Spray - Pain Relief Cleansing Spray with 4% Lidocaine - Numbing Lidocaine Spray Kills 99.9% of Germs - Pain + Itch Relief for Minor Cuts & Scrapes, Burns & Bug Bites - 5oz</p><p>$4.42 ($0.88 / Fl Oz)</p><a href="https://www.amazon.com/dp/B07KRMQ8W6?tag=eloabder-20&linkCode=osi&th=1&psc=1">View Product</a></div><div class="product"><a href="https://www.amazon.com/dp/B096X2NK1B?tag=eloabder-20&linkCode=osi&th=1&psc=1"><img src="https://m.media-amazon.com/images/I/41Qyy+jNITL._SL500_.jpg" alt="Product Image"></a><p>330 Piece First Aid Kit, Premium Waterproof Compact Trauma Medical Kits for Any Emergencies, Ideal for Home, Office, Car, Travel, Outdoor, Camping, Hiking, Boating (Red)</p><p>$45.99 ($0.14 / Count)</p><a href="https://www.amazon.com/dp/B096X2NK1B?tag=eloabder-20&linkCode=osi&th=1&psc=1">View Product</a></div><div class="product"><a href="https://www.amazon.com/dp/B00164IIUI?tag=eloabder-20&linkCode=osi&th=1&psc=1"><img src="https://m.media-amazon.com/images/I/51vsE2VasGL._SL500_.jpg" alt="Product Image"></a><p>Neosporin Original First Aid Antibiotic Ointment with Bacitracin Zinc For Infection Protection, Wound Care Treatment & Scar Appearance Minimizer for Minor Cuts, Scrapes and Burns,.5 oz</p><p>$4.87 ($9.74 / Ounce)</p><a href="https://www.amazon.com/dp/B00164IIUI?tag=eloabder-20&linkCode=osi&th=1&psc=1">View Product</a></div><div class="product"><a href="https://www.amazon.com/dp/B0C17MKP1S?tag=eloabder-20&linkCode=osi&th=1&psc=1"><img src="https://m.media-amazon.com/images/I/41If81FeQFL._SL500_.jpg" alt="Product Image"></a><p>Mini First Aid Kit, 100 Pieces Water-Resistant Hard Shell Small Case - Perfect for Travel, Outdoor, Home, Office, Camping, Hiking, Car (Red)</p><p>$12.99 ($0.13 / Count)</p><a href="https://www.amazon.com/dp/B0C17MKP1S?tag=eloabder-20&linkCode=osi&th=1&psc=1">View Product</a></div>
<div class="product"><a href="https://www.amazon.com/dp/B007EBRA6A?tag=eloabder-20&linkCode=osi&th=1&psc=1"><img src="https://m.media-amazon.com/images/I/31XNtfz6-lL._SL500_.jpg" alt="Product Image"></a><p>Improved Medihoney Gel Wound and & Burn Dressing from Derma Sciences, 0.5 oz,</p><p>$7.99 ($15.98 / Fl Oz)</p><a href="https://www.amazon.com/dp/B007EBRA6A?tag=eloabder-20&linkCode=osi&th=1&psc=1">View Product</a></div><div class="product"><a href="https://www.amazon.com/dp/B07964SRBL?tag=eloabder-20&linkCode=osi&th=1&psc=1"><img src="https://m.media-amazon.com/images/I/31BpDfWNr6L._SL500_.jpg" alt="Product Image"></a><p>Be Smart Get Prepared SILVEX Wound Gel</p><p>$8.12 ($16.24 / Ounce)</p><a href="https://www.amazon.com/dp/B07964SRBL?tag=eloabder-20&linkCode=osi&th=1&psc=1">View Product</a></div><div class="product"><a href="https://www.amazon.com/dp/B00N2VOLF4?tag=eloabder-20&linkCode=osi&th=1&psc=1"><img src="https://m.media-amazon.com/images/I/31k3xbO6c2L._SL500_.jpg" alt="Product Image"></a><p>terrasil Wound Care 3X - Healing Ointment for Cuts, Burns, Blisters, Rashes, Scars, Bed Sores, & Diabetic Ulcers. Natural Skin Care Treatment, Dermatologist-Tested, Hypoallergenic Approved (.5oz)</p><p>$24.00 ($48.98 / Ounce)</p><a href="https://www.amazon.com/dp/B00N2VOLF4?tag=eloabder-20&linkCode=osi&th=1&psc=1">View Product</a></div><div class="product"><a href="https://www.amazon.com/dp/B019660RPG?tag=eloabder-20&linkCode=osi&th=1&psc=1"><img src="https://m.media-amazon.com/images/I/41wsMk2hIZL._SL500_.jpg" alt="Product Image"></a><p>Vashe Wound Solution OTC | Pure Hypochlorous Acid-Preserved Wound Cleanser | Home Wound Care | Non-Cytotoxic and Skin-Neutral pH | 8.5 Fl Oz</p><p>$23.99</p><a href="https://www.amazon.com/dp/B019660RPG?tag=eloabder-20&linkCode=osi&th=1&psc=1">View Product</a></div><div class="product"><a href="https://www.amazon.com/dp/B09V3GHJYF?tag=eloabder-20&linkCode=osi&th=1&psc=1"><img src="https://m.media-amazon.com/images/I/41DjaWOgweL._SL500_.jpg" alt="Product Image"></a><p>Absorbine Silver Honey Rapid Wound Repair Ointment 2oz Tube, Medical Grade Manuka Honey & MicroSilver BG</p><p>$23.36 ($11.68 / Ounce)</p><a href="https://www.amazon.com/dp/B09V3GHJYF?tag=eloabder-20&linkCode=osi&th=1&psc=1">View Product</a></div><div class="product"><a href="https://www.amazon.com/dp/B00EC6DE7Y?tag=eloabder-20&linkCode=osi&th=1&psc=1"><img src="https://m.media-amazon.com/images/I/41BlVTkyTCL._SL500_.jpg" alt="Product Image"></a><p>NeilMed Cleanse Sterile Saline Wound Wash, 6.3 Ounce</p><p>$5.98 ($1.00 / Fl Oz)</p><a href="https://www.amazon.com/dp/B00EC6DE7Y?tag=eloabder-20&linkCode=osi&th=1&psc=1">View Product</a></div><div class="product"><a href="https://www.amazon.com/dp/B07FYDFGVD?tag=eloabder-20&linkCode=osi&th=1&psc=1"><img src="https://m.media-amazon.com/images/I/515p26GgPxL._SL500_.jpg" alt="Product Image"></a><p>All Health Wound Care Kit, 40 Items | For Small to Medium Sized Wounds</p><p>$7.47</p><a href="https://www.amazon.com/dp/B07FYDFGVD?tag=eloabder-20&linkCode=osi&th=1&psc=1">View Product</a></div><div class="product"><a href="https://www.amazon.com/dp/B0019FHWPQ?tag=eloabder-20&linkCode=osi&th=1&psc=1"><img src="https://m.media-amazon.com/images/I/31Qs02lFNDL._SL500_.jpg" alt="Product Image"></a><p>Medline Skintegrity Wound Cleanser, 8 ounce Spray Bottle, for wound cleaning, debridement, removing protein, pressure injuries, infected wounds, spray can be adjusted from mist to stream,White</p><p>$9.99 ($1.25 / Ounce)</p><a href="https://www.amazon.com/dp/B0019FHWPQ?tag=eloabder-20&linkCode=osi&th=1&psc=1">View Product</a></div>
<div class="product"><a href="https://www.amazon.com/dp/B0B1N47758?tag=eloabder-20&linkCode=osi&th=1&psc=1"><img src="https://m.media-amazon.com/images/I/517wH3I79AL._SL500_.jpg" alt="Product Image"></a><p>LifeVac Yellow Travel Kit 2 Pack - Portable Suction Rescue Device, First Aid Kit for Kids and Adults, Portable Airway Suction Device for Children and Adults</p><p>$139.99 ($70.00 / Count)</p><a href="https://www.amazon.com/dp/B0B1N47758?tag=eloabder-20&linkCode=osi&th=1&psc=1">View Product</a></div>



<div class="product"><a href="https://www.amazon.com/dp/B09K1RKQS6?tag=eloabder-20&linkCode=osi&th=1&psc=1"><img src="https://m.media-amazon.com/images/I/41lzaD4UgAL._SL500_.jpg" alt="Product Image"></a><p>EarCentric EasyCharge Rechargeable Hearing Aids (Pair) for Seniors, Behind-The-Ear BTE Ear Aid PSAP digital Personal sound amplification products devices with Noise Cancellation (Beige)</p><p>$199.00</p><a href="https://www.amazon.com/dp/B09K1RKQS6?tag=eloabder-20&linkCode=osi&th=1&psc=1">View Product</a></div><div class="product"><a href="https://www.amazon.com/dp/B0BNK7XV1C?tag=eloabder-20&linkCode=osi&th=1&psc=1"><img src="https://m.media-amazon.com/images/I/41qea6gV+JL._SL500_.jpg" alt="Product Image"></a><p>BIBIED Hearing Aids, Digital Rechargeable OTC Hearing Aids for Seniors with Charging Case, Invisible Hearing Amplifier with Noise Reduction (White)</p><p>$139.99 ($70.00 / Count)</p><a href="https://www.amazon.com/dp/B0BNK7XV1C?tag=eloabder-20&linkCode=osi&th=1&psc=1">View Product</a></div>

<div class="product"><a href="https://www.amazon.com/dp/B0CZ6PVVSP?tag=eloabder-20&linkCode=osi&th=1&psc=1"><img src="https://m.media-amazon.com/images/I/41Edr6RdDDL._SL500_.jpg" alt="Product Image"></a><p>Nieteyrue Updated Vaginial Cream Applicators (40 Packs) Disposable Dosage Markings Plastic Individually Wrapped Fit to Most Cream, Gels, Lub-ric-ants, Feminine Care Vaginial Applicators</p><p>$16.99 ($0.42 / Count)</p><a href="https://www.amazon.com/dp/B0CZ6PVVSP?tag=eloabder-20&linkCode=osi&th=1&psc=1">View Product</a></div><div class="product"><a href="https://www.amazon.com/dp/B0D2L35LLP?tag=eloabder-20&linkCode=osi&th=1&psc=1"><img src="https://m.media-amazon.com/images/I/41SAiDtZfHL._SL500_.jpg" alt="Product Image"></a><p>(16 Pcs) Hearing Aid Wax Guard Filter for Starkey Prowax Minifit Hear Clear Accessories,Starkey Prowax Filters(1.5mm) Hearing Aids Supplies,Ear Replacement Parts Cleaning Kit Tool（2 Pack）</p><p>$7.99 ($0.50 / Count)</p><a href="https://www.amazon.com/dp/B0D2L35LLP?tag=eloabder-20&linkCode=osi&th=1&psc=1">View Product</a></div>
<div class="product"><a href="https://www.amazon.com/dp/B0CDZJ9JJC?tag=eloabder-20&linkCode=osi&th=1&psc=1"><img src="https://m.media-amazon.com/images/I/51eaQ4M7l3L._SL500_.jpg" alt="Product Image"></a><p>Charmin Ultra Soft Toilet Paper 6 Mega Rolls = 24 Regular Rolls</p><p>$7.97 ($0.59 / 100 Sheets)</p><a href="https://www.amazon.com/dp/B0CDZJ9JJC?tag=eloabder-20&linkCode=osi&th=1&psc=1">View Product</a></div><div class="product"><a href="https://www.amazon.com/dp/B07BGLT25K?tag=eloabder-20&linkCode=osi&th=1&psc=1"><img src="https://m.media-amazon.com/images/I/51E4cTD1y1L._SL500_.jpg" alt="Product Image"></a><p>Scott ComfortPlus Toilet Paper, 12 Double Rolls, 231 Sheets per Roll, Septic-Safe, 1-Ply Toilet Tissue</p><p>$5.99 ($0.22 / 100 Sheets)</p><a href="https://www.amazon.com/dp/B07BGLT25K?tag=eloabder-20&linkCode=osi&th=1&psc=1">View Product</a></div><div class="product"><a href="https://www.amazon.com/dp/B0CKK43XXS?tag=eloabder-20&linkCode=osi&th=1&psc=1"><img src="https://m.media-amazon.com/images/I/51H5mXFgbsL._SL500_.jpg" alt="Product Image"></a><p>Scott Paper Towels, Choose-A-Sheet, 6 Double Rolls = 12 Regular Rolls (100 Sheets Per Roll)</p><p>$6.84 ($1.14 / 100 Sheets)</p><a href="https://www.amazon.com/dp/B0CKK43XXS?tag=eloabder-20&linkCode=osi&th=1&psc=1">View Product</a></div><div class="product"><a href="https://www.amazon.com/dp/B0BB3JGBH5?tag=eloabder-20&linkCode=osi&th=1&psc=1"><img src="https://m.media-amazon.com/images/I/51qDQ2GH7sL._SL500_.jpg" alt="Product Image"></a><p>Quilted Northern Ultra Plush Toilet Paper, 6 Mega Rolls = 24 Regular Rolls, 3X Thicker*, 3 Ply Soft Toilet Tissue</p><p>$6.98 ($0.46 / 100 Sheets)</p><a href="https://www.amazon.com/dp/B0BB3JGBH5?tag=eloabder-20&linkCode=osi&th=1&psc=1">View Product</a></div><div class="product"><a href="https://www.amazon.com/dp/B09NW81TH8?tag=eloabder-20&linkCode=osi&th=1&psc=1"><img src="https://m.media-amazon.com/images/I/31qATnww2+L._SL500_.jpg" alt="Product Image"></a><p>Angel Soft Toilet Paper, 16 Mega Rolls = 64 Regular Rolls, Soft and Strong Toilet Tissue</p><p>$12.49 ($0.24 / 100 Sheets)</p><a href="https://www.amazon.com/dp/B09NW81TH8?tag=eloabder-20&linkCode=osi&th=1&psc=1">View Product</a></div><div class="product"><a href="https://www.amazon.com/dp/B0CH8LDMMS?tag=eloabder-20&linkCode=osi&th=1&psc=1"><img src="https://m.media-amazon.com/images/I/51nChMBC32L._SL500_.jpg" alt="Product Image"></a><p>AIDEA Laundry Detergent Sheets, Eco-Friendly Laundry Detergent, Washer Sheets Detergent, No Plastic Jug, Laundry Soap Sheets For Travel, Home Washing, Fresh Scent-(160 Loads) 80 Sheets</p><p>$6.99 ($0.04 / Load)</p><a href="https://www.amazon.com/dp/B0CH8LDMMS?tag=eloabder-20&linkCode=osi&th=1&psc=1">View Product</a></div>
<div class="product"><a href="https://www.amazon.com/dp/B086PHR52V?tag=eloabder-20&linkCode=osi&th=1&psc=1"><img src="https://m.media-amazon.com/images/I/519QOCq89xL._SL500_.jpg" alt="Product Image"></a><p>Viva Naturals Elderberry with Vitamin C and Zinc for Adults - 5 in 1 Sambucus Black Elderberry Capsules with Vitamin D3 5000 IU, Elderberries Immune Support Supplement 2 Months Supply Pills</p><p>$24.95 ($0.21 / Count)</p><a href="https://www.amazon.com/dp/B086PHR52V?tag=eloabder-20&linkCode=osi&th=1&psc=1">View Product</a></div><div class="product"><a href="https://www.amazon.com/dp/B08RPB34NR?tag=eloabder-20&linkCode=osi&th=1&psc=1"><img src="https://m.media-amazon.com/images/I/51GlheVabKL._SL500_.jpg" alt="Product Image"></a><p>8 in 1 Immune Support Booster Supplement with Echinacea, Vitamin C and Zinc 50mg, Vitamin D 5000 IU, Turmeric Curcumin & Ginger, B6, Elderberry 120 Count (Pack of 2)</p><p>$27.95 ($0.23 / Count)</p><a href="https://www.amazon.com/dp/B08RPB34NR?tag=eloabder-20&linkCode=osi&th=1&psc=1">View Product</a></div><div class="product"><a href="https://www.amazon.com/dp/B07JGW2JKF?tag=eloabder-20&linkCode=osi&th=1&psc=1"><img src="https://m.media-amazon.com/images/I/412JKfC+qLL._SL500_.jpg" alt="Product Image"></a><p>Amazon Basics Adult Multivitamin, 150 Gummies, 75-Day Supply, Mixed Berry & Cherry (Previously Solimo)</p><p>$8.42 ($0.06 / Count)</p><a href="https://www.amazon.com/dp/B07JGW2JKF?tag=eloabder-20&linkCode=osi&th=1&psc=1">View Product</a></div><div class="product"><a href="https://www.amazon.com/dp/B007L0DPE0?tag=eloabder-20&linkCode=osi&th=1&psc=1"><img src="https://m.media-amazon.com/images/I/41u67LVdJFL._SL500_.jpg" alt="Product Image"></a><p>Vitafusion Womens Multivitamin Gummies, Berry Flavored Daily Vitamins for Women With Vitamins A, C, D, E, B-6 and B-12, America’s Number 1 Gummy Vitamin Brand, 75 Days Supply, 150 Count</p><p>$11.99 ($0.08 / Count)</p><a href="https://www.amazon.com/dp/B007L0DPE0?tag=eloabder-20&linkCode=osi&th=1&psc=1">View Product</a></div><div class="product"><a href="https://www.amazon.com/dp/B00DS5BGDY?tag=eloabder-20&linkCode=osi&th=1&psc=1"><img src="https://m.media-amazon.com/images/I/41zXI0XuNYL._SL500_.jpg" alt="Product Image"></a><p>Nature Made Vitamin B12 1000 mcg, Dietary Supplement for Energy Metabolism Support, 150 Softgels, 150 Day Supply</p><p>$9.98 ($0.07 / Count)</p><a href="https://www.amazon.com/dp/B00DS5BGDY?tag=eloabder-20&linkCode=osi&th=1&psc=1">View Product</a></div><div class="product"><a href="https://www.amazon.com/dp/B004U3Y8OM?tag=eloabder-20&linkCode=osi&th=1&psc=1"><img src="https://m.media-amazon.com/images/I/41FAeb-VvJL._SL500_.jpg" alt="Product Image"></a><p>Nature Made Vitamin D3 1000 IU (25 mcg), Dietary Supplement for Bone, Teeth, Muscle and Immune Health Support, 300 Softgels, 300 Day Supply</p><p>$12.35 ($0.04 / Count)</p><a href="https://www.amazon.com/dp/B004U3Y8OM?tag=eloabder-20&linkCode=osi&th=1&psc=1">View Product</a></div><div class="product"><a href="https://www.amazon.com/dp/B002QO00YO?tag=eloabder-20&linkCode=osi&th=1&psc=1"><img src="https://m.media-amazon.com/images/I/41SQ-7dbsHL._SL500_.jpg" alt="Product Image"></a><p>Nature Made Vitamin D3 2000 IU (50 mcg), Dietary Supplement for Bone, Teeth, Muscle and Immune Health Support, 90 Softgels, 90 Day Supply</p><p>$6.28 ($0.07 / Count)</p><a href="https://www.amazon.com/dp/B002QO00YO?tag=eloabder-20&linkCode=osi&th=1&psc=1">View Product</a></div><div class="product"><a href="https://www.amazon.com/dp/B09KCCVL9V?tag=eloabder-20&linkCode=osi&th=1&psc=1"><img src="https://m.media-amazon.com/images/I/419o0W0LJgL._SL500_.jpg" alt="Product Image"></a><p>Centrum Silver Women's Multivitamin for Women 50 Plus, Multivitamin/Multimineral Supplement with Vitamin D3, B Vitamins, Non-GMO Ingredients, Supports Memory and Cognition in Older Adults - 200 Ct</p><p>$15.99 ($0.08 / Count)</p><a href="https://www.amazon.com/dp/B09KCCVL9V?tag=eloabder-20&linkCode=osi&th=1&psc=1">View Product</a></div><div class="product"><a href="https://www.amazon.com/dp/B004QQ9LVS?tag=eloabder-20&linkCode=osi&th=1&psc=1"><img src="https://m.media-amazon.com/images/I/41YF4lk0WwL._SL500_.jpg" alt="Product Image"></a><p>SmartyPants Kids Multivitamin Gummies: Omega 3 Fish Oil (EPA/DHA), Vitamin D3, C, Vitamin B12, B6, Vitamin A, K & Zinc for Immune Support, Gluten Free, Three Fruit Flavors, 120 Count (30 Day Supply)</p><p>$19.81 ($0.17 / Count)</p><a href="https://www.amazon.com/dp/B004QQ9LVS?tag=eloabder-20&linkCode=osi&th=1&psc=1">View Product</a></div><div class="product"><a href="https://www.amazon.com/dp/B0000DJASY?tag=eloabder-20&linkCode=osi&th=1&psc=1"><img src="https://m.media-amazon.com/images/I/41PwuIsYASL._SL500_.jpg" alt="Product Image"></a><p>Nature Made Extra Strength Vitamin C 1000 mg, Dietary Supplement for Immune Support, 100 Tablets, 100 Day Supply</p><p>$9.50 ($0.10 / Count)</p><a href="https://www.amazon.com/dp/B0000DJASY?tag=eloabder-20&linkCode=osi&th=1&psc=1">View Product</a></div>
<div class="product"><a href="https://www.amazon.com/dp/B01DBTFO98?tag=eloabder-20&linkCode=osi&th=1&psc=1"><img src="https://m.media-amazon.com/images/I/61+VtB3+QPL._SL500_.jpg" alt="Product Image"></a><p>Turmeric Curcumin with Black Pepper Extract 1500mg - High Absorption Ultra Potent Turmeric Supplement with 95% Curcuminoids and BioPerine - Non GMO Turmeric Capsules for Joint Support - 90 Capsules</p><p>$18.79 ($0.21 / Count)</p><a href="https://www.amazon.com/dp/B01DBTFO98?tag=eloabder-20&linkCode=osi&th=1&psc=1">View Product</a></div><div class="product"><a href="https://www.amazon.com/dp/B0BG6TGKZS?tag=eloabder-20&linkCode=osi&th=1&psc=1"><img src="https://m.media-amazon.com/images/I/41aCogcx9OL._SL500_.jpg" alt="Product Image"></a><p>Clean Nutraceuticals Lions Mane 3000mg 20in1 Mushroom Supplement with Turkey Tail 2000mg Reishi 1000mg Cordyceps Chaga 1000mg Maitake Meshima Poria Cocos Shiitake Oyster Porcini Enoki 60 Count</p><p>$29.95 ($0.50 / Count)</p><a href="https://www.amazon.com/dp/B0BG6TGKZS?tag=eloabder-20&linkCode=osi&th=1&psc=1">View Product</a></div><div class="product"><a href="https://www.amazon.com/dp/B08YLTCDTN?tag=eloabder-20&linkCode=osi&th=1&psc=1"><img src="https://m.media-amazon.com/images/I/41aybXdjmLL._SL500_.jpg" alt="Product Image"></a><p>Nature's Bounty Zinc 50mg, Immune Support & Antioxidant Supplement, Promotes Skin Health 250 Caplets</p><p>$9.48 ($0.04 / Count)</p><a href="https://www.amazon.com/dp/B08YLTCDTN?tag=eloabder-20&linkCode=osi&th=1&psc=1">View Product</a></div><div class="product"><a href="https://www.amazon.com/dp/B07TK5K5TQ?tag=eloabder-20&linkCode=osi&th=1&psc=1"><img src="https://m.media-amazon.com/images/I/41S-Rt0xcrL._SL500_.jpg" alt="Product Image"></a><p>TRU NIAGEN Patented NAD+ Supplement for Anti Aging and Cell Regeneration, 300 mg Niagen, 30 Servings | Supports Cellular Energy, Brain, Muscle | Nicotinamide Riboside (NR) Take 1 Daily | 1 Bottle</p><p>$45.90 ($1.53 / Count)</p><a href="https://www.amazon.com/dp/B07TK5K5TQ?tag=eloabder-20&linkCode=osi&th=1&psc=1">View Product</a></div><div class="product"><a href="https://www.amazon.com/dp/B08HHQWBBZ?tag=eloabder-20&linkCode=osi&th=1&psc=1"><img src="https://m.media-amazon.com/images/I/51LeIP217fL._SL500_.jpg" alt="Product Image"></a><p>NutriFlair Premium Berberine HCL 1200mg, 120 Capsules - plus Pure True Ceylon Cinnamon, Berberine HCI Root Supplements Pills - immune system, healthy weight management</p><p>$26.99 ($0.22 / Count)</p><a href="https://www.amazon.com/dp/B08HHQWBBZ?tag=eloabder-20&linkCode=osi&th=1&psc=1">View Product</a></div><div class="product"><a href="https://www.amazon.com/dp/B078SH8WGC?tag=eloabder-20&linkCode=osi&th=1&psc=1"><img src="https://m.media-amazon.com/images/I/51z5QG2DZKL._SL500_.jpg" alt="Product Image"></a><p>Turmeric Curcumin with BioPerine & Ginger 95% Curcuminoids 1950mg - Black Pepper Extract for Max Absorption, Nature's Joint Support Supplement, Herbal Turmeric Pills, Vegan Non-GMO - 120 Capsules</p><p>$16.82 ($0.14 / Count)</p><a href="https://www.amazon.com/dp/B078SH8WGC?tag=eloabder-20&linkCode=osi&th=1&psc=1">View Product</a></div><div class="product"><a href="https://www.amazon.com/dp/B0000DJAQU?tag=eloabder-20&linkCode=osi&th=1&psc=1"><img src="https://m.media-amazon.com/images/I/41c7alI7ydL._SL500_.jpg" alt="Product Image"></a><p>Nature Made Fish Oil 1200 mg Softgels, Fish Oil Supplements, Omega 3 Fish Oil for Healthy Heart Support, Omega 3 Supplement with 100 Softgels, 50 Day Supply</p><p>$9.99 ($0.10 / Count)</p><a href="https://www.amazon.com/dp/B0000DJAQU?tag=eloabder-20&linkCode=osi&th=1&psc=1">View Product</a></div><div class="product"><a href="https://www.amazon.com/dp/B01BMDAVIY?tag=eloabder-20&linkCode=osi&th=1&psc=1"><img src="https://m.media-amazon.com/images/I/31KIpekdbRL._SL500_.jpg" alt="Product Image"></a><p>NatureWise Curcumin Turmeric 2250mg | 95% Curcuminoids & BioPerine Black Pepper Extract | Advanced Absorption for Joint Support [2 Month Supply - 180 Count]</p><p>$21.49 ($0.12 / Count)</p><a href="https://www.amazon.com/dp/B01BMDAVIY?tag=eloabder-20&linkCode=osi&th=1&psc=1">View Product</a></div><div class="product"><a href="https://www.amazon.com/dp/B074QHCL9Z?tag=eloabder-20&linkCode=osi&th=1&psc=1"><img src="https://m.media-amazon.com/images/I/416o-Si5NIL._SL500_.jpg" alt="Product Image"></a><p>Nature Made Turmeric Curcumin 500 mg, Herbal Supplement for Antioxidant Support, 120 Capsules, 120 Day Supply</p><p>$17.28 ($0.14 / Count)</p><a href="https://www.amazon.com/dp/B074QHCL9Z?tag=eloabder-20&linkCode=osi&th=1&psc=1">View Product</a></div><div class="product"><a href="https://www.amazon.com/dp/B0CV9JW4DS?tag=eloabder-20&linkCode=osi&th=1&psc=1"><img src="https://m.media-amazon.com/images/I/51L8z3xzNsL._SL500_.jpg" alt="Product Image"></a><p>Zoyava Dynamic Vitality Bundle, Sea Moss and Shilajit Bundle, Sea Moss 7000mg, Black Seed Oil 4000mg, Ashwagandha 2000mg, Ginger & Shilajit 9000mg, Rhodiola Rosea 1000mg, Panax Ginseng (60 Count)</p><p>$31.99 ($0.53 / Count)</p><a href="https://www.amazon.com/dp/B0CV9JW4DS?tag=eloabder-20&linkCode=osi&th=1&psc=1">View Product</a></div>
<div class="product"><a href="https://www.amazon.com/dp/B01AB4U6PI?tag=eloabder-20&linkCode=osi&th=1&psc=1"><img src="https://m.media-amazon.com/images/I/41rff0KTJnL._SL500_.jpg" alt="Product Image"></a><p>Salonpas Pain Relieving Patch for Back, Neck, Shoulder, Knee Pain and Muscle Soreness - 8 Hour Pain Relief - 60 Count</p><p>$10.34 ($0.17 / Count)</p><a href="https://www.amazon.com/dp/B01AB4U6PI?tag=eloabder-20&linkCode=osi&th=1&psc=1">View Product</a></div><div class="product"><a href="https://www.amazon.com/dp/B0CTTF514L?tag=eloabder-20&linkCode=osi&th=1&psc=1"><img src="https://m.media-amazon.com/images/I/51akRPk18aL._SL500_.jpg" alt="Product Image"></a><p>Advil Targeted Relief Pain Relieving Cream with Massage Applicator, Up to 8 Hours of Powerful Relief of Joint Pain, Lower Back Pain and Muscle Pain, 2.5 oz</p><p>$13.63 ($5.45 / Ounce)</p><a href="https://www.amazon.com/dp/B0CTTF514L?tag=eloabder-20&linkCode=osi&th=1&psc=1">View Product</a></div><div class="product"><a href="https://www.amazon.com/dp/B084ZMMVQS?tag=eloabder-20&linkCode=osi&th=1&psc=1"><img src="https://m.media-amazon.com/images/I/51yLIRFzDGL._SL500_.jpg" alt="Product Image"></a><p>Voltaren Arthritis Pain Gel for Powerful Topical Arthritis Pain Relief - NEW Easy Open Cap - 100 g x 2</p><p>$26.36 ($3.77 / Ounce)</p><a href="https://www.amazon.com/dp/B084ZMMVQS?tag=eloabder-20&linkCode=osi&th=1&psc=1">View Product</a></div><div class="product"><a href="https://www.amazon.com/dp/B01ITWHT7C?tag=eloabder-20&linkCode=osi&th=1&psc=1"><img src="https://m.media-amazon.com/images/I/41KR-44GBTL._SL500_.jpg" alt="Product Image"></a><p>Salonpas Pain Relieving Patch, LARGE, 6 Count, for Back, Neck, Shoulder, Knee Pain and Muscle Soreness, 8 Hour Pain Relief</p><p>$5.23 ($0.87 / Count)</p><a href="https://www.amazon.com/dp/B01ITWHT7C?tag=eloabder-20&linkCode=osi&th=1&psc=1">View Product</a></div><div class="product"><a href="https://www.amazon.com/dp/B0CTTPJSYP?tag=eloabder-20&linkCode=osi&th=1&psc=1"><img src="https://m.media-amazon.com/images/I/51McdhdZDjL._SL500_.jpg" alt="Product Image"></a><p>Advil Targeted Relief Pain Relieving Cream, Up to 8 Hours of Powerful Relief of Joint Pain, Lower Back Pain and Muscle Pain - 2.3 oz</p><p>$10.98 ($4.77 / Ounce)</p><a href="https://www.amazon.com/dp/B0CTTPJSYP?tag=eloabder-20&linkCode=osi&th=1&psc=1">View Product</a></div><div class="product"><a href="https://www.amazon.com/dp/B074F2H9VT?tag=eloabder-20&linkCode=osi&th=1&psc=1"><img src="https://m.media-amazon.com/images/I/31h55XAq3BL._SL500_.jpg" alt="Product Image"></a><p>Amazon Basic Care Extra Strength Pain Relief, Acetaminophen Caplets, 500 mg, 200 Count</p><p>$4.79 ($0.02 / Count)</p><a href="https://www.amazon.com/dp/B074F2H9VT?tag=eloabder-20&linkCode=osi&th=1&psc=1">View Product</a></div><div class="product"><a href="https://www.amazon.com/dp/B00HCQEYCK?tag=eloabder-20&linkCode=osi&th=1&psc=1"><img src="https://m.media-amazon.com/images/I/51D8+ZSqZvL._SL500_.jpg" alt="Product Image"></a><p>Boiron Arnicare Gel for Soothing Relief of Joint Pain, Muscle Pain, Muscle Soreness, and Swelling from Bruises or Injury - Non-greasy and Fragrance-Free - 2.6 oz</p><p>$8.32 ($3.20 / Ounce)</p><a href="https://www.amazon.com/dp/B00HCQEYCK?tag=eloabder-20&linkCode=osi&th=1&psc=1">View Product</a></div><div class="product"><a href="https://www.amazon.com/dp/B0BTMWW333?tag=eloabder-20&linkCode=osi&th=1&psc=1"><img src="https://m.media-amazon.com/images/I/515qvsGXGOL._SL500_.jpg" alt="Product Image"></a><p>Absorbine Jr. PRO Maximum Strength Lidocaine Roll-On for Fast Nerve and Muscle Pain Relief</p><p>$12.97 ($5.19 / Ounce)</p><a href="https://www.amazon.com/dp/B0BTMWW333?tag=eloabder-20&linkCode=osi&th=1&psc=1">View Product</a></div><div class="product"><a href="https://www.amazon.com/dp/B01LXFEY6H?tag=eloabder-20&linkCode=osi&th=1&psc=1"><img src="https://m.media-amazon.com/images/I/31hLnewBXIL._SL500_.jpg" alt="Product Image"></a><p>Biofreeze Pain Relief Gel, Arthritis Pain Reliver, Knee & Lower Back Pain Relief, Sore Muscle Relief, Neck Pain Relief, Pharmacist Recommended, FSA Eligible, 3 FL OZ Biofreeze Menthol Gel</p><p>$10.35 ($3.45 / Ounce)</p><a href="https://www.amazon.com/dp/B01LXFEY6H?tag=eloabder-20&linkCode=osi&th=1&psc=1">View Product</a></div><div class="product"><a href="https://www.amazon.com/dp/B000WZOJCI?tag=eloabder-20&linkCode=osi&th=1&psc=1"><img src="https://m.media-amazon.com/images/I/31jVr3ExroL._SL500_.jpg" alt="Product Image"></a><p>Sombra Warm Pain Relief Gel, 8-Ounce</p><p>$24.09 ($3.01 / Ounce)</p><a href="https://www.amazon.com/dp/B000WZOJCI?tag=eloabder-20&linkCode=osi&th=1&psc=1">View Product</a></div>
<div class="product"><a href="https://www.amazon.com/dp/B09NWH8553?tag=eloabder-20&linkCode=osi&th=1&psc=1"><img src="https://m.media-amazon.com/images/I/515vtwhdqiL._SL500_.jpg" alt="Product Image"></a><p>Johnson & Johnson All-Purpose Portable Compact First Aid Kit for Minor Cuts, Scrapes, Sprains & Burns, Ideal for Home, Car, Travel, Camping and Outdoor Emergencies, 160 pieces</p><p>$15.55</p><a href="https://www.amazon.com/dp/B09NWH8553?tag=eloabder-20&linkCode=osi&th=1&psc=1">View Product</a></div><div class="product"><a href="https://www.amazon.com/dp/B000069EYA?tag=eloabder-20&linkCode=osi&th=1&psc=1"><img src="https://m.media-amazon.com/images/I/51aUpEuI0cL._SL500_.jpg" alt="Product Image"></a><p>First Aid Only 299 Piece All-Purpose First Aid Emergency Kit (FAO-442)</p><p>$17.49</p><a href="https://www.amazon.com/dp/B000069EYA?tag=eloabder-20&linkCode=osi&th=1&psc=1">View Product</a></div><div class="product"><a href="https://www.amazon.com/dp/B076FS9RYL?tag=eloabder-20&linkCode=osi&th=1&psc=1"><img src="https://m.media-amazon.com/images/I/51A3wOry1oL._SL500_.jpg" alt="Product Image"></a><p>General Medi 160 Piece First Aid Kit Bag Refill Kit - Includes Eyewash, Instant Cold Pack, Bandages,Emergency Blanket, Moleskin Pad, Gauze - Extra Replacement Medical Supplies for First Aid</p><p>$18.95</p><a href="https://www.amazon.com/dp/B076FS9RYL?tag=eloabder-20&linkCode=osi&th=1&psc=1">View Product</a></div><div class="product"><a href="https://www.amazon.com/dp/B0CMSVYQW5?tag=eloabder-20&linkCode=osi&th=1&psc=1"><img src="https://m.media-amazon.com/images/I/51R6OcPKsiL._SL500_.jpg" alt="Product Image"></a><p>AZEN 25 Pack Gauze Rolls Bandages, 3 in x 4.1 Yards, Premium Medical Supplies & First Aid Supplies, Bandage Wrap Vet Wrap, Mummy Wraps</p><p>$6.99 ($0.28 / Count)</p><a href="https://www.amazon.com/dp/B0CMSVYQW5?tag=eloabder-20&linkCode=osi&th=1&psc=1">View Product</a></div><div class="product"><a href="https://www.amazon.com/dp/B08P28JYCR?tag=eloabder-20&linkCode=osi&th=1&psc=1"><img src="https://m.media-amazon.com/images/I/51m0p4thWvL._SL500_.jpg" alt="Product Image"></a><p>First Aid Only OSHA-Compliant All-Purpose 100-Person Emergency First Aid Kit for Home, Work, and Travel, 335 Pieces</p><p>$35.65</p><a href="https://www.amazon.com/dp/B08P28JYCR?tag=eloabder-20&linkCode=osi&th=1&psc=1">View Product</a></div><div class="product"><a href="https://www.amazon.com/dp/B08P27LHJ4?tag=eloabder-20&linkCode=osi&th=1&psc=1"><img src="https://m.media-amazon.com/images/I/41Crt9xFJOL._SL500_.jpg" alt="Product Image"></a><p>First Aid Only 91248 OSHA-Compliant All-Purpose 50-Person Emergency First Aid Kit for Home, Work, and Travel, 260 Pieces</p><p>$21.99</p><a href="https://www.amazon.com/dp/B08P27LHJ4?tag=eloabder-20&linkCode=osi&th=1&psc=1">View Product</a></div><div class="product"><a href="https://www.amazon.com/dp/B0084GX1JO?tag=eloabder-20&linkCode=osi&th=1&psc=1"><img src="https://m.media-amazon.com/images/I/31BzSButj2S._SL500_.jpg" alt="Product Image"></a><p>First Aid Only FAE-7011 SmartCompliance Refill Burn Cream Packets, 10 Count</p><p>$3.99 ($0.40 / Count)</p><a href="https://www.amazon.com/dp/B0084GX1JO?tag=eloabder-20&linkCode=osi&th=1&psc=1">View Product</a></div><div class="product"><a href="https://www.amazon.com/dp/B093JSJ2ZF?tag=eloabder-20&linkCode=osi&th=1&psc=1"><img src="https://m.media-amazon.com/images/I/51zutl8x7pS._SL500_.jpg" alt="Product Image"></a><p>Ever Ready First Aid Disposable Cold Compress Therapy Instant Ice Pack for Injuries 4.5" x 7" - 6 Pack</p><p>$8.95 ($1.49 / Count)</p><a href="https://www.amazon.com/dp/B093JSJ2ZF?tag=eloabder-20&linkCode=osi&th=1&psc=1">View Product</a></div><div class="product"><a href="https://www.amazon.com/dp/B00CEK3D8U?tag=eloabder-20&linkCode=osi&th=1&psc=1"><img src="https://m.media-amazon.com/images/I/41JFciltbaL._SL500_.jpg" alt="Product Image"></a><p>First Aid Only 18-012 Hydrocortisone Cream Packets, 12 Count</p><p>$2.49 ($6.55 / Ounce)</p><a href="https://www.amazon.com/dp/B00CEK3D8U?tag=eloabder-20&linkCode=osi&th=1&psc=1">View Product</a></div><div class="product"><a href="https://www.amazon.com/dp/B01LX9UR77?tag=eloabder-20&linkCode=osi&th=1&psc=1"><img src="https://m.media-amazon.com/images/I/51A7ljiKvAL._SL500_.jpg" alt="Product Image"></a><p>Ever Ready First Aid Self Adherent Cohesive Bandages 3" x 5 Yards - 6 Count, Rainbow Colors</p><p>$9.95 ($1.66 / Count)</p><a href="https://www.amazon.com/dp/B01LX9UR77?tag=eloabder-20&linkCode=osi&th=1&psc=1">View Product</a></div>
<div class="product"><a href="https://www.amazon.com/dp/B0D1KXV9ZS?tag=eloabder-20&linkCode=osi&th=1&psc=1"><img src="https://m.media-amazon.com/images/I/311Liu9BWoL._SL500_.jpg" alt="Product Image"></a><p>Vagisil pH Balance Daily Freshening Wipes for Feminine Hygiene in Resealable Pouch, Gynecologist Tested & Hypoallergenic, 20 Wipes (Pack of 1)</p><p>$2.97 ($0.15 / Count)</p><a href="https://www.amazon.com/dp/B0D1KXV9ZS?tag=eloabder-20&linkCode=osi&th=1&psc=1">View Product</a></div><div class="product"><a href="https://www.amazon.com/dp/B000QXH4PK?tag=eloabder-20&linkCode=osi&th=1&psc=1"><img src="https://m.media-amazon.com/images/I/41SXL+-YzcL._SL500_.jpg" alt="Product Image"></a><p>Listerine Cool Mint Pocketpaks Breath Strips Kills Bad Breath Germs, 24-Strip Pack, 3 Pack</p><p>$5.72 ($0.08 / Count)</p><a href="https://www.amazon.com/dp/B000QXH4PK?tag=eloabder-20&linkCode=osi&th=1&psc=1">View Product</a></div><div class="product"><a href="https://www.amazon.com/dp/B0C7BF3ZPK?tag=eloabder-20&linkCode=osi&th=1&psc=1"><img src="https://m.media-amazon.com/images/I/41luSMM-7GL._SL500_.jpg" alt="Product Image"></a><p>Peri Bottle for Postpartum & Perineal Care,Portable Travel Bidet for Personal Hygiene Cleaning,16.9 OZ (1Green)</p><p>$14.49 ($14.49 / Count)</p><a href="https://www.amazon.com/dp/B0C7BF3ZPK?tag=eloabder-20&linkCode=osi&th=1&psc=1">View Product</a></div><div class="product"><a href="https://www.amazon.com/dp/B091MBD3Q3?tag=eloabder-20&linkCode=osi&th=1&psc=1"><img src="https://m.media-amazon.com/images/I/51y96dNQUfL._SL500_.jpg" alt="Product Image"></a><p>GuruNanda Tongue Scraper for Adults (2 Pack) with Travel Case, 420 Medical-Grade 100% Stainless Steel Tongue Cleaner, Aids in Fresh Breath & Oral Care</p><p>$4.97 ($2.48 / Count)</p><a href="https://www.amazon.com/dp/B091MBD3Q3?tag=eloabder-20&linkCode=osi&th=1&psc=1">View Product</a></div><div class="product"><a href="https://www.amazon.com/dp/B0CR9WN3Y1?tag=eloabder-20&linkCode=osi&th=1&psc=1"><img src="https://m.media-amazon.com/images/I/51quPRWZiIL._SL500_.jpg" alt="Product Image"></a><p>G.CATACC Dental Tools, Dental Pick Teeth Cleaning Tools, Dental Hygiene Kit, Plaque Remover for Teeth, Professional Stainless Steel Tooth Scraper Plaque Tartar Cleaner - with Case</p><p>$7.96</p><a href="https://www.amazon.com/dp/B0CR9WN3Y1?tag=eloabder-20&linkCode=osi&th=1&psc=1">View Product</a></div>
<div class="product"><a href="https://www.amazon.com/dp/B09F8FZ18G?tag=eloabder-20&linkCode=osi&th=1&psc=1"><img src="https://m.media-amazon.com/images/I/51WkgqQXqCL._SL500_.jpg" alt="Product Image"></a><p>Crest 3D White Advanced Luminous Mint Teeth Whitening Toothpaste, 3.7 oz Pack of 4 - Helps Remove Surface Stains, Whitens Teeth, Strengthens Tooth Enamel, Protects Against Cavities</p><p>$14.99 ($1.01 / Ounce)</p><a href="https://www.amazon.com/dp/B09F8FZ18G?tag=eloabder-20&linkCode=osi&th=1&psc=1">View Product</a></div><div class="product"><a href="https://www.amazon.com/dp/B005PLQIQ4?tag=eloabder-20&linkCode=osi&th=1&psc=1"><img src="https://m.media-amazon.com/images/I/51DOyE1fx2L._SL500_.jpg" alt="Product Image"></a><p>Crest + Scope Complete Whitening Toothpaste - Pack of 3, 5.4 Oz Tubes - Anticavity Fluoride Toothpaste - Fresh Breath, Kills Germs - Tartar Protection, Enamel Protection - Minty Fresh Flavor</p><p>$8.99 ($0.55 / Ounce)</p><a href="https://www.amazon.com/dp/B005PLQIQ4?tag=eloabder-20&linkCode=osi&th=1&psc=1">View Product</a></div><div class="product"><a href="https://www.amazon.com/dp/B01BNHREXE?tag=eloabder-20&linkCode=osi&th=1&psc=1"><img src="https://m.media-amazon.com/images/I/41J8piWJzLL._SL500_.jpg" alt="Product Image"></a><p>Colgate Baking Soda & Peroxide Toothpaste - Whitens Teeth, Fights Cavities & Removes Stains, Brisk Mint, 6 Ounce (Pack of 2)</p><p>$3.78 ($0.32 / Ounce)</p><a href="https://www.amazon.com/dp/B01BNHREXE?tag=eloabder-20&linkCode=osi&th=1&psc=1">View Product</a></div><div class="product"><a href="https://www.amazon.com/dp/B08S8QNW2K?tag=eloabder-20&linkCode=osi&th=1&psc=1"><img src="https://m.media-amazon.com/images/I/51uFURqklfL._SL500_.jpg" alt="Product Image"></a><p>Crest Complete Active Fresh + Whitening Toothpaste, 5.5oz (Pack of 4)</p><p>$10.99 ($0.50 / Ounce)</p><a href="https://www.amazon.com/dp/B08S8QNW2K?tag=eloabder-20&linkCode=osi&th=1&psc=1">View Product</a></div><div class="product"><a href="https://www.amazon.com/dp/B0BLJ68F9R?tag=eloabder-20&linkCode=osi&th=1&psc=1"><img src="https://m.media-amazon.com/images/I/51ccJX66fBL._SL500_.jpg" alt="Product Image"></a><p>Crest Pro-Health Clean Mint Toothpaste (4.3oz) Triple Pack</p><p>$8.97 ($0.70 / Ounce)</p><a href="https://www.amazon.com/dp/B0BLJ68F9R?tag=eloabder-20&linkCode=osi&th=1&psc=1">View Product</a></div><div class="product"><a href="https://www.amazon.com/dp/B07C1ZQ5ZY?tag=eloabder-20&linkCode=osi&th=1&psc=1"><img src="https://m.media-amazon.com/images/I/41RgpjDdTeL._SL500_.jpg" alt="Product Image"></a><p>Sensodyne Repair and Protect Whitening Toothpaste, Toothpaste for Sensitive Teeth and Cavity Prevention, 3.4 oz (Pack of 2)</p><p>$12.48 ($1.84 / Ounce)</p><a href="https://www.amazon.com/dp/B07C1ZQ5ZY?tag=eloabder-20&linkCode=osi&th=1&psc=1">View Product</a></div><div class="product"><a href="https://www.amazon.com/dp/B0CQKNQ2GR?tag=eloabder-20&linkCode=osi&th=1&psc=1"><img src="https://m.media-amazon.com/images/I/414VWUZJYvL._SL500_.jpg" alt="Product Image"></a><p>Crest 3D White Advanced Teeth Whitening Toothpaste, Radiant Mint, 3.3 oz, Pack of 3</p><p>$12.97 ($1.31 / Ounce)</p><a href="https://www.amazon.com/dp/B0CQKNQ2GR?tag=eloabder-20&linkCode=osi&th=1&psc=1">View Product</a></div><div class="product"><a href="https://www.amazon.com/dp/B082F1QH7S?tag=eloabder-20&linkCode=osi&th=1&psc=1"><img src="https://m.media-amazon.com/images/I/41QujaAN0gL._SL500_.jpg" alt="Product Image"></a><p>Colgate Optic White Advanced Hydrogen Peroxide Toothpaste, Teeth Whitening Toothpaste Pack, Enamel-Safe Formula, Helps Remove Tea, Coffee, and Wine Stains, Sparkling White, 3 Pack, 3.2 oz</p><p>$12.96 ($1.35 / Ounce)</p><a href="https://www.amazon.com/dp/B082F1QH7S?tag=eloabder-20&linkCode=osi&th=1&psc=1">View Product</a></div><div class="product"><a href="https://www.amazon.com/dp/B09VK1RKM8?tag=eloabder-20&linkCode=osi&th=1&psc=1"><img src="https://m.media-amazon.com/images/I/51Kb2dMe82L._SL500_.jpg" alt="Product Image"></a><p>Arm & Hammer Advance White Toothpaste, Clean Mint Flavor, Stain Defense Technology, 6 Ounce (Pack of 4)</p><p>$13.96 ($0.58 / Ounce)</p><a href="https://www.amazon.com/dp/B09VK1RKM8?tag=eloabder-20&linkCode=osi&th=1&psc=1">View Product</a></div>
<div class="product"><a href="https://www.amazon.com/dp/B00CC6XSRC?tag=eloabder-20&linkCode=osi&th=1&psc=1"><img src="https://m.media-amazon.com/images/I/41OKKVbMN-L._SL500_.jpg" alt="Product Image"></a><p>Colgate Extra Clean Toothbrush, Medium Bulk Toothbrush Pack, Adult Medium Bristle Toothbrushes with Ergonomic Handle and Circular Cleaning Bristles, Helps Remove Surface Stains, 6 Pack</p><p>$4.96 ($0.83 / Count)</p><a href="https://www.amazon.com/dp/B00CC6XSRC?tag=eloabder-20&linkCode=osi&th=1&psc=1">View Product</a></div><div class="product"><a href="https://www.amazon.com/dp/B06XK2M3H3?tag=eloabder-20&linkCode=osi&th=1&psc=1"><img src="https://m.media-amazon.com/images/I/41tntn0c7BL._SL500_.jpg" alt="Product Image"></a><p>Oral-B Vivid Dual Action Whitening Toothbrushes, Soft, 4 Count (Packaging and Product Color May Vary)</p><p>$7.69 ($1.92 / Count)</p><a href="https://www.amazon.com/dp/B06XK2M3H3?tag=eloabder-20&linkCode=osi&th=1&psc=1">View Product</a></div><div class="product"><a href="https://www.amazon.com/dp/B01KZ6V00W?tag=eloabder-20&linkCode=osi&th=1&psc=1"><img src="https://m.media-amazon.com/images/I/51+dIaobkXL._SL500_.jpg" alt="Product Image"></a><p>Oral-B CrossAction All In One Soft Toothbrushes, Deep Plaque Removal, Rounded Bristles Gentle on Teeth, Tongue and Cheek Cleaner, Gum Stimulators, 6 Count</p><p>$17.97 ($3.00 / Count)</p><a href="https://www.amazon.com/dp/B01KZ6V00W?tag=eloabder-20&linkCode=osi&th=1&psc=1">View Product</a></div><div class="product"><a href="https://www.amazon.com/dp/B08QWYMMYL?tag=eloabder-20&linkCode=osi&th=1&psc=1"><img src="https://m.media-amazon.com/images/I/41WAFKNB0iL._SL500_.jpg" alt="Product Image"></a><p>Amazon Basics Clean Plus Toothbrushes, Soft, Full, 10 Count, Assorted Colors (Previously Solimo)</p><p>$5.28 ($0.53 / Count)</p><a href="https://www.amazon.com/dp/B08QWYMMYL?tag=eloabder-20&linkCode=osi&th=1&psc=1">View Product</a></div><div class="product"><a href="https://www.amazon.com/dp/B07S9GV83R?tag=eloabder-20&linkCode=osi&th=1&psc=1"><img src="https://m.media-amazon.com/images/I/41ziiRLsaEL._SL500_.jpg" alt="Product Image"></a><p>Colgate 360 Optic White Advanced Whitening Toothbrush, Adult Medium Toothbrush with Whitening Cups, Helps Whiten Teeth and Removes Odor Causing Bacteria, 2 Pack</p><p>$6.96 ($3.48 / Count)</p><a href="https://www.amazon.com/dp/B07S9GV83R?tag=eloabder-20&linkCode=osi&th=1&psc=1">View Product</a></div><div class="product"><a href="https://www.amazon.com/dp/B09HSS29YD?tag=eloabder-20&linkCode=osi&th=1&psc=1"><img src="https://m.media-amazon.com/images/I/41nh2h+aUpL._SL500_.jpg" alt="Product Image"></a><p>Reach Essentials Toothbrush with Toothbrush Covers, Multi-Angled Medium Bristles, Contoured Handle, Tongue Scraper, 6 Count</p><p>$3.98 ($0.66 / Count)</p><a href="https://www.amazon.com/dp/B09HSS29YD?tag=eloabder-20&linkCode=osi&th=1&psc=1">View Product</a></div><div class="product"><a href="https://www.amazon.com/dp/B08JQCZ71B?tag=eloabder-20&linkCode=osi&th=1&psc=1"><img src="https://m.media-amazon.com/images/I/41Zvcj-EvDL._SL500_.jpg" alt="Product Image"></a><p>Reach Essentials Toothbrush with Toothbrush Caps, Multi-Zoned Angled Soft Bristles, Contoured Handle, Tongue Scraper, 6 Count</p><p>$3.98 ($0.66 / Count)</p><a href="https://www.amazon.com/dp/B08JQCZ71B?tag=eloabder-20&linkCode=osi&th=1&psc=1">View Product</a></div><div class="product"><a href="https://www.amazon.com/dp/B07MH9CH76?tag=eloabder-20&linkCode=osi&th=1&psc=1"><img src="https://m.media-amazon.com/images/I/41skjrL65LL._SL500_.jpg" alt="Product Image"></a><p>Oral-B Charcoal Toothbrushes, Medium 2ct</p><p>$5.67 ($2.84 / Count)</p><a href="https://www.amazon.com/dp/B07MH9CH76?tag=eloabder-20&linkCode=osi&th=1&psc=1">View Product</a></div><div class="product"><a href="https://www.amazon.com/dp/B005LB75NI?tag=eloabder-20&linkCode=osi&th=1&psc=1"><img src="https://m.media-amazon.com/images/I/41-l+TIj4rS._SL500_.jpg" alt="Product Image"></a><p>NIMBUS Extra Soft Toothbrushes (Regular Size Head), Periodontist Design Tapered Bristles for Sensitive Teeth & Receding Gums (5 Pack, Colors May Vary)</p><p>$18.99 ($3.80 / Count)</p><a href="https://www.amazon.com/dp/B005LB75NI?tag=eloabder-20&linkCode=osi&th=1&psc=1">View Product</a></div>
<div class="product"><a href="https://www.amazon.com/dp/B00IRKRK9O?tag=eloabder-20&linkCode=osi&th=1&psc=1"><img src="https://m.media-amazon.com/images/I/51oNh1DLVjL._SL500_.jpg" alt="Product Image"></a><p>TheraBreath Fresh Breath Mouthwash, Icy Mint Flavor, Alcohol-Free, 16 Fl Oz (Pack of 2)</p><p>$15.34 ($0.48 / Fl Oz)</p><a href="https://www.amazon.com/dp/B00IRKRK9O?tag=eloabder-20&linkCode=osi&th=1&psc=1">View Product</a></div><div class="product"><a href="https://www.amazon.com/dp/B08MFWB9DY?tag=eloabder-20&linkCode=osi&th=1&psc=1"><img src="https://m.media-amazon.com/images/I/41EFMnoVtWL._SL500_.jpg" alt="Product Image"></a><p>Listerine Cool Mint Mouthwash, Kills 99.9% of Germs That Cause Bad Breath, Plaque and Gingivitis, Antiseptic, Cool Mint Flavor, 1 L (Pack of 2)</p><p>$21.98 ($0.33 / Count)</p><a href="https://www.amazon.com/dp/B08MFWB9DY?tag=eloabder-20&linkCode=osi&th=1&psc=1">View Product</a></div><div class="product"><a href="https://www.amazon.com/dp/B0126XBQK6?tag=eloabder-20&linkCode=osi&th=1&psc=1"><img src="https://m.media-amazon.com/images/I/41nVZBcG4uL._SL500_.jpg" alt="Product Image"></a><p>Crest Pro-Health Advanced Mouthwash, Alcohol Free, Extra Whitening, Energizing Mint Flavor, 946 mL (32 fl oz)</p><p>$7.32 ($0.23 / Fl Oz)</p><a href="https://www.amazon.com/dp/B0126XBQK6?tag=eloabder-20&linkCode=osi&th=1&psc=1">View Product</a></div><div class="product"><a href="https://www.amazon.com/dp/B0B5Y2G4HH?tag=eloabder-20&linkCode=osi&th=1&psc=1"><img src="https://m.media-amazon.com/images/I/41KhoumiQGL._SL500_.jpg" alt="Product Image"></a><p>Listerine Freshburst Antiseptic Mouthwash for Bad Breath, Kills 99% of Germs That Cause Bad Breath & Fight Plaque & Gingivitis, ADA Accepted Mouthwash, Spearmint, 1 L, Pack of 2</p><p>$13.96 ($0.21 / Fl Oz)</p><a href="https://www.amazon.com/dp/B0B5Y2G4HH?tag=eloabder-20&linkCode=osi&th=1&psc=1">View Product</a></div><div class="product"><a href="https://www.amazon.com/dp/B09HH8SDR6?tag=eloabder-20&linkCode=osi&th=1&psc=1"><img src="https://m.media-amazon.com/images/I/31hUvGiWasL._SL500_.jpg" alt="Product Image"></a><p>Amazon Basics Antiseptic Mouthwash, Blue Mint, 1 Litre, 33.8 Fluid Ounces, 1-Pack (Previously Solimo)</p><p>$6.24 ($0.18 / Fl Oz)</p><a href="https://www.amazon.com/dp/B09HH8SDR6?tag=eloabder-20&linkCode=osi&th=1&psc=1">View Product</a></div><div class="product"><a href="https://www.amazon.com/dp/B003CP12O8?tag=eloabder-20&linkCode=osi&th=1&psc=1"><img src="https://m.media-amazon.com/images/I/41q24Q+sXGL._SL500_.jpg" alt="Product Image"></a><p>Crest Pro Health Multi-Protection Mouthwash with CPC (Cetylpyridinium Chloride), Clean Mint, 1L (33.8 fl oz)</p><p>$4.97 ($0.05 / Fl Oz)</p><a href="https://www.amazon.com/dp/B003CP12O8?tag=eloabder-20&linkCode=osi&th=1&psc=1">View Product</a></div><div class="product"><a href="https://www.amazon.com/dp/B0B5Y7KCS8?tag=eloabder-20&linkCode=osi&th=1&psc=1"><img src="https://m.media-amazon.com/images/I/51Dmtgp-2ZL._SL500_.jpg" alt="Product Image"></a><p>Listerine Total Care Anticavity Fluoride Mouthwash, Kills 99.9% of Germs That cause Bad Breath and Prevents Cavities, Fresh Mint Flavor, 1L (Pack of 2)</p><p>$15.96 ($0.24 / Fl Oz)</p><a href="https://www.amazon.com/dp/B0B5Y7KCS8?tag=eloabder-20&linkCode=osi&th=1&psc=1">View Product</a></div><div class="product"><a href="https://www.amazon.com/dp/B001ET76AI?tag=eloabder-20&linkCode=osi&th=1&psc=1"><img src="https://m.media-amazon.com/images/I/516FU3AGpJL._SL500_.jpg" alt="Product Image"></a><p>TheraBreath Fresh Breath Mouthwash, Mild Mint Flavor, Alcohol-Free, 16 Fl Oz (2-Pack)</p><p>$15.34 ($0.48 / Fl Oz)</p><a href="https://www.amazon.com/dp/B001ET76AI?tag=eloabder-20&linkCode=osi&th=1&psc=1">View Product</a></div><div class="product"><a href="https://www.amazon.com/dp/B0C881GLNM?tag=eloabder-20&linkCode=osi&th=1&psc=1"><img src="https://m.media-amazon.com/images/I/51C2ohy2RWL._SL500_.jpg" alt="Product Image"></a><p>Crest Pro-Health Advanced Mouthwash, Alcohol Free, Multi-Protection, Fresh Mint, 1 L (33.8 fl oz), Pack of 2</p><p>$10.97 ($0.16 / Fl Oz)</p><a href="https://www.amazon.com/dp/B0C881GLNM?tag=eloabder-20&linkCode=osi&th=1&psc=1">View Product</a></div>
<div class="product"><a href="https://www.amazon.com/dp/B0828J5DJ3?tag=eloabder-20&linkCode=osi&th=1&psc=1"><img src="https://m.media-amazon.com/images/I/419pebc+HXL._SL500_.jpg" alt="Product Image"></a><p>Edge Shaving Gel for Men, Sensitive Skin with Aloe, 7oz (3 Pack) - Shaving Gel For Men That Moisturizes, Protects, and Soothes To Help Reduce Skin Irritation (Packaging May Vary)</p><p>$9.71 ($0.46 / Ounce)</p><a href="https://www.amazon.com/dp/B0828J5DJ3?tag=eloabder-20&linkCode=osi&th=1&psc=1">View Product</a></div><div class="product"><a href="https://www.amazon.com/dp/B00NERPNYE?tag=eloabder-20&linkCode=osi&th=1&psc=1"><img src="https://m.media-amazon.com/images/I/41W0Es9KyqL._SL500_.jpg" alt="Product Image"></a><p>Gillette Series 3X Action Shave Gel, Sensitive Twin Pack, 7 Oz (Pack of 2)</p><p>$5.97 ($0.43 / Fl Oz)</p><a href="https://www.amazon.com/dp/B00NERPNYE?tag=eloabder-20&linkCode=osi&th=1&psc=1">View Product</a></div><div class="product"><a href="https://www.amazon.com/dp/B00O4QAF9C?tag=eloabder-20&linkCode=osi&th=1&psc=1"><img src="https://m.media-amazon.com/images/I/41RVD6l-hrL._SL500_.jpg" alt="Product Image"></a><p>NIVEA MEN Sensitive Shave Gel with Vitamin E, Soothing Chamomile and Witch Hazel Extracts, No Drying Alcohols, 3 Pack of 7 Oz Cans</p><p>$12.29 ($0.59 / Ounce)</p><a href="https://www.amazon.com/dp/B00O4QAF9C?tag=eloabder-20&linkCode=osi&th=1&psc=1">View Product</a></div><div class="product"><a href="https://www.amazon.com/dp/B001KYQF3Q?tag=eloabder-20&linkCode=osi&th=1&psc=1"><img src="https://m.media-amazon.com/images/I/31s+x9rJ-qL._SL500_.jpg" alt="Product Image"></a><p>eos Shea Better Shaving Cream- Pomegranate Raspberry, Women's Shave Cream, Skin Care, Doubles as an In-Shower Lotion, 24-Hour Hydration, 7 fl oz</p><p>$3.97 ($0.57 / Fl Oz)</p><a href="https://www.amazon.com/dp/B001KYQF3Q?tag=eloabder-20&linkCode=osi&th=1&psc=1">View Product</a></div><div class="product"><a href="https://www.amazon.com/dp/B001E5E9RK?tag=eloabder-20&linkCode=osi&th=1&psc=1"><img src="https://m.media-amazon.com/images/I/515y2aCFbpL._SL500_.jpg" alt="Product Image"></a><p>Gillette Foamy Shaving Cream, Sensitive Skin, 11 Ounce (Pack of 12)</p><p>$16.74 ($0.25 / Ounce)</p><a href="https://www.amazon.com/dp/B001E5E9RK?tag=eloabder-20&linkCode=osi&th=1&psc=1">View Product</a></div><div class="product"><a href="https://www.amazon.com/dp/B01ALAVIK4?tag=eloabder-20&linkCode=osi&th=1&psc=1"><img src="https://m.media-amazon.com/images/I/41VmDEGM01L._SL500_.jpg" alt="Product Image"></a><p>Gillette Satin Care Ultra Sensitive Shave Gel for Women, Pack of 2, 7oz Each, Frangrance Free</p><p>$5.27 ($0.38 / Fl Oz)</p><a href="https://www.amazon.com/dp/B01ALAVIK4?tag=eloabder-20&linkCode=osi&th=1&psc=1">View Product</a></div><div class="product"><a href="https://www.amazon.com/dp/B00MW3AIHI?tag=eloabder-20&linkCode=osi&th=1&psc=1"><img src="https://m.media-amazon.com/images/I/51Bxum4jbHL._SL500_.jpg" alt="Product Image"></a><p>Barbasol Thick and Rich Shaving Cream, Original 10 oz (Pack of 2)</p><p>$12.47 ($0.12 / Ounce)</p><a href="https://www.amazon.com/dp/B00MW3AIHI?tag=eloabder-20&linkCode=osi&th=1&psc=1">View Product</a></div><div class="product"><a href="https://www.amazon.com/dp/B00005338S?tag=eloabder-20&linkCode=osi&th=1&psc=1"><img src="https://m.media-amazon.com/images/I/31tOr1F5ErL._SL500_.jpg" alt="Product Image"></a><p>Gillette Foamy Regular Shaving Foam, 2 oz</p><p>$1.29 ($0.64 / Ounce)</p><a href="https://www.amazon.com/dp/B00005338S?tag=eloabder-20&linkCode=osi&th=1&psc=1">View Product</a></div><div class="product"><a href="https://www.amazon.com/dp/B00Q1L9Q0W?tag=eloabder-20&linkCode=osi&th=1&psc=1"><img src="https://m.media-amazon.com/images/I/41m5NDPkYuL._SL500_.jpg" alt="Product Image"></a><p>Barbasol Thick & Rich Shaving Cream, Original 10 oz (Value Pack of 3)</p><p>$14.50 ($4.83 / Count)</p><a href="https://www.amazon.com/dp/B00Q1L9Q0W?tag=eloabder-20&linkCode=osi&th=1&psc=1">View Product</a></div>
<div class="product"><a href="https://www.amazon.com/dp/B01H4KQYJY?tag=eloabder-20&linkCode=osi&th=1&psc=1"><img src="https://m.media-amazon.com/images/I/41p2XO+cG8S._SL500_.jpg" alt="Product Image"></a><p>Dorco 100 Piece Prime Double Edge Razor Blades</p><p>$11.25 ($0.11 / Count)</p><a href="https://www.amazon.com/dp/B01H4KQYJY?tag=eloabder-20&linkCode=osi&th=1&psc=1">View Product</a></div><div class="product"><a href="https://www.amazon.com/dp/B07CZCQ481?tag=eloabder-20&linkCode=osi&th=1&psc=1"><img src="https://m.media-amazon.com/images/I/51fV12qs95L._SL500_.jpg" alt="Product Image"></a><p>Amazon Basics 5-Blade MotionSphere Razor for Men with Dual Lubrication and Precision Trimmer, Handle & 16 Cartridges, Cartridges fit, Razor Handles only, 17 Piece Set, Black</p><p>$20.99 ($1.31 / Count)</p><a href="https://www.amazon.com/dp/B07CZCQ481?tag=eloabder-20&linkCode=osi&th=1&psc=1">View Product</a></div><div class="product"><a href="https://www.amazon.com/dp/B0039LMTAQ?tag=eloabder-20&linkCode=osi&th=1&psc=1"><img src="https://m.media-amazon.com/images/I/51tkDAVkmCL._SL500_.jpg" alt="Product Image"></a><p>Gillette Venus Sensitive Women's Disposable Razors - Single Package of 3 Razors</p><p>$6.94</p><a href="https://www.amazon.com/dp/B0039LMTAQ?tag=eloabder-20&linkCode=osi&th=1&psc=1">View Product</a></div><div class="product"><a href="https://www.amazon.com/dp/B0787JNN97?tag=eloabder-20&linkCode=osi&th=1&psc=1"><img src="https://m.media-amazon.com/images/I/41H+SqazA0L._SL500_.jpg" alt="Product Image"></a><p>BIC Soleil Smooth Colors Women's Disposable Razors With Aloe Vera and vitamin E Lubricating Strip for Enhanced Glide, With 3 Blades, 14 Count</p><p>$14.75 ($1.05 / Count)</p><a href="https://www.amazon.com/dp/B0787JNN97?tag=eloabder-20&linkCode=osi&th=1&psc=1">View Product</a></div><div class="product"><a href="https://www.amazon.com/dp/B0001LQGPG?tag=eloabder-20&linkCode=osi&th=1&psc=1"><img src="https://m.media-amazon.com/images/I/51V5N3IVEwL._SL500_.jpg" alt="Product Image"></a><p>Gillette Sensor3 Sensitive Men's Disposable Razor, 4 Razors</p><p>$6.97 ($1.74 / Count)</p><a href="https://www.amazon.com/dp/B0001LQGPG?tag=eloabder-20&linkCode=osi&th=1&psc=1">View Product</a></div><div class="product"><a href="https://www.amazon.com/dp/B000R2WYYQ?tag=eloabder-20&linkCode=osi&th=1&psc=1"><img src="https://m.media-amazon.com/images/I/51EexRfTCRL._SL500_.jpg" alt="Product Image"></a><p>BIC Single Blade Razor, Sensitive, 12 ct</p><p>$3.32 ($0.28 / Count)</p><a href="https://www.amazon.com/dp/B000R2WYYQ?tag=eloabder-20&linkCode=osi&th=1&psc=1">View Product</a></div><div class="product"><a href="https://www.amazon.com/dp/B07CYN88NJ?tag=eloabder-20&linkCode=osi&th=1&psc=1"><img src="https://m.media-amazon.com/images/I/41w0Vc7n8wL._SL500_.jpg" alt="Product Image"></a><p>Amazon Basics 5-Blade Razor for Women, Handle, 12 Cartridges & Shower Hanger (Cartridges fit Amazon Basics Razor Handles only) 14 Piece Set, Blue</p><p>$20.38 ($1.70 / Count)</p><a href="https://www.amazon.com/dp/B07CYN88NJ?tag=eloabder-20&linkCode=osi&th=1&psc=1">View Product</a></div><div class="product"><a href="https://www.amazon.com/dp/B0CP6JTQ4X?tag=eloabder-20&linkCode=osi&th=1&psc=1"><img src="https://m.media-amazon.com/images/I/51XrHMi-S5L._SL500_.jpg" alt="Product Image"></a><p>Gillette Sensor3 Comfort Men's Disposable Razors, 12 Razors</p><p>$14.97 ($1.25 / Count)</p><a href="https://www.amazon.com/dp/B0CP6JTQ4X?tag=eloabder-20&linkCode=osi&th=1&psc=1">View Product</a></div><div class="product"><a href="https://www.amazon.com/dp/B07DZYGDSF?tag=eloabder-20&linkCode=osi&th=1&psc=1"><img src="https://m.media-amazon.com/images/I/51mFm+GwEZL._SL500_.jpg" alt="Product Image"></a><p>Gillette Fusion ProGlide Razors, Men 1 Gillette Razor, 4 Razor Blade Refills, Shields Against Skin Irritation</p><p>$19.99 ($4.00 / Count)</p><a href="https://www.amazon.com/dp/B07DZYGDSF?tag=eloabder-20&linkCode=osi&th=1&psc=1">View Product</a></div><div class="product"><a href="https://www.amazon.com/dp/B003EMNITQ?tag=eloabder-20&linkCode=osi&th=1&psc=1"><img src="https://m.media-amazon.com/images/I/41aNcEj3ViL._SL500_.jpg" alt="Product Image"></a><p>Gillette Venus ComfortGlide White Tea Women's Razor Blade Refills, 6 Count</p><p>$21.97 ($3.66 / Count)</p><a href="https://www.amazon.com/dp/B003EMNITQ?tag=eloabder-20&linkCode=osi&th=1&psc=1">View Product</a></div>
<div class="product"><a href="https://www.amazon.com/dp/B072J2ZBPY?tag=eloabder-20&linkCode=osi&th=1&psc=1"><img src="https://m.media-amazon.com/images/I/41Th2KQyzlL._SL500_.jpg" alt="Product Image"></a><p>Degree Men UltraClear Antiperspirant Deodorant Black + White 72-Hour Sweat & Odor Protection Antiperspirant For Men With MotionSense Technology 2.7 Ounce (Pack of 4)</p><p>$19.73 ($1.83 / Ounce)</p><a href="https://www.amazon.com/dp/B072J2ZBPY?tag=eloabder-20&linkCode=osi&th=1&psc=1">View Product</a></div><div class="product"><a href="https://www.amazon.com/dp/B07GB3NVN1?tag=eloabder-20&linkCode=osi&th=1&psc=1"><img src="https://m.media-amazon.com/images/I/31BnXaLnMWL._SL500_.jpg" alt="Product Image"></a><p>Native Deodorant Contains Naturally Derived Ingredients, 72 Hour Odor Control | Deodorant for Women and Men, Aluminum Free with Baking Soda, Coconut Oil and Shea Butter | Coconut & Vanilla</p><p>$12.97 ($4.89 / Ounce)</p><a href="https://www.amazon.com/dp/B07GB3NVN1?tag=eloabder-20&linkCode=osi&th=1&psc=1">View Product</a></div><div class="product"><a href="https://www.amazon.com/dp/B00TPRG5D0?tag=eloabder-20&linkCode=osi&th=1&psc=1"><img src="https://m.media-amazon.com/images/I/61Ezqbe7QUL._SL500_.jpg" alt="Product Image"></a><p>Degree Men Original Antiperspirant Deodorant Cool Rush Twin Pack 48-Hour Sweat & Odor Protection Antiperspirant For Men 2.7 oz</p><p>$6.27 ($1.16 / Ounce)</p><a href="https://www.amazon.com/dp/B00TPRG5D0?tag=eloabder-20&linkCode=osi&th=1&psc=1">View Product</a></div><div class="product"><a href="https://www.amazon.com/dp/B08ZH6P1NY?tag=eloabder-20&linkCode=osi&th=1&psc=1"><img src="https://m.media-amazon.com/images/I/51D2Klixa3L._SL500_.jpg" alt="Product Image"></a><p>Speed Stick Men's Deodorant, Regular, 3 Ounce, 4 Pack</p><p>$8.97 ($0.75 / Ounce)</p><a href="https://www.amazon.com/dp/B08ZH6P1NY?tag=eloabder-20&linkCode=osi&th=1&psc=1">View Product</a></div><div class="product"><a href="https://www.amazon.com/dp/B0080PEM3S?tag=eloabder-20&linkCode=osi&th=1&psc=1"><img src="https://m.media-amazon.com/images/I/61a+r3V48HL._SL500_.jpg" alt="Product Image"></a><p>Degree Advanced Protection Antiperspirant Deodorant White Flowers & Lychee for 72-Hour Sweat & Odor Control for Women, with Body Heat Activated Technology, 2.6 oz</p><p>$4.99 ($1.92 / Ounce)</p><a href="https://www.amazon.com/dp/B0080PEM3S?tag=eloabder-20&linkCode=osi&th=1&psc=1">View Product</a></div><div class="product"><a href="https://www.amazon.com/dp/B002VUAM46?tag=eloabder-20&linkCode=osi&th=1&psc=1"><img src="https://m.media-amazon.com/images/I/51+tUdTWg0L._SL500_.jpg" alt="Product Image"></a><p>Degree Men Antiperspirant Deodorant Adventure Freshness and Odor Protection Deodorant for Men 2.7 Oz, (Pack of 4) Woodsy, Stick</p><p>$10.38 ($0.96 / Ounce)</p><a href="https://www.amazon.com/dp/B002VUAM46?tag=eloabder-20&linkCode=osi&th=1&psc=1">View Product</a></div><div class="product"><a href="https://www.amazon.com/dp/B01HTJTPZA?tag=eloabder-20&linkCode=osi&th=1&psc=1"><img src="https://m.media-amazon.com/images/I/618IrjjMkUL._SL500_.jpg" alt="Product Image"></a><p>Dove Advanced Care Antiperspirant Deodorant Stick Cool Essentials 4 ct for helping your skin barrier repair after shaving 72 hour odor control and sweat protection with Pro Ceramide Technology 2.6 oz</p><p>$16.98 ($1.63 / Ounce)</p><a href="https://www.amazon.com/dp/B01HTJTPZA?tag=eloabder-20&linkCode=osi&th=1&psc=1">View Product</a></div><div class="product"><a href="https://www.amazon.com/dp/B08NYHVJ5N?tag=eloabder-20&linkCode=osi&th=1&psc=1"><img src="https://m.media-amazon.com/images/I/51s98nEidOL._SL500_.jpg" alt="Product Image"></a><p>Old Spice Aluminum Free Deodorant for Men, High Endurance Sport, 24/7 Odor Protection, 3 Oz Each, (Pack Of 3)</p><p>$14.43 ($3.61 / Count)</p><a href="https://www.amazon.com/dp/B08NYHVJ5N?tag=eloabder-20&linkCode=osi&th=1&psc=1">View Product</a></div><div class="product"><a href="https://www.amazon.com/dp/B01HTJTMF8?tag=eloabder-20&linkCode=osi&th=1&psc=1"><img src="https://m.media-amazon.com/images/I/61k+x5yZyML._SL500_.jpg" alt="Product Image"></a><p>Dove Men + Care Antiperspirant Deodorant, 72hr Sweat & Odor Protection, Vitamin E, Triple Moisturizer, 4 Pack</p><p>$18.48 ($1.71 / Ounce)</p><a href="https://www.amazon.com/dp/B01HTJTMF8?tag=eloabder-20&linkCode=osi&th=1&psc=1">View Product</a></div><div class="product"><a href="https://www.amazon.com/dp/B08WYXNVQ7?tag=eloabder-20&linkCode=osi&th=1&psc=1"><img src="https://m.media-amazon.com/images/I/31n90+gYyKL._SL500_.jpg" alt="Product Image"></a><p>SALT & STONE Natural Deodorant - Santal & Vetiver | Extra Strength Natural Deodorant for Women & Men | Aluminum Free with Seaweed Extracts, Shea Butter & Probiotics | Free From Parabens & Sulfates</p><p>$20.00 ($7.69 / Ounce)</p><a href="https://www.amazon.com/dp/B08WYXNVQ7?tag=eloabder-20&linkCode=osi&th=1&psc=1">View Product</a></div>

<div class="product"><a href="https://www.amazon.com/dp/B00ADRH2OM?tag=eloabder-20&linkCode=osi&th=1&psc=1"><img src="https://m.media-amazon.com/images/I/413WPcPNDbL._SL500_.jpg" alt="Product Image"></a><p>OGX Thick & Full + Biotin & Collagen Volumizing Shampoo, Nutrient-Infused Hair Shampoo with Vitamin B7 Biotin Gives Hair Volume & Body for 72+ Hours, Sulfate-Free Surfactants, 13 fl. oz</p><p>$6.97 ($0.54 / Fl Oz)</p><a href="https://www.amazon.com/dp/B00ADRH2OM?tag=eloabder-20&linkCode=osi&th=1&psc=1">View Product</a></div><div class="product"><a href="https://www.amazon.com/dp/B082YG62JM?tag=eloabder-20&linkCode=osi&th=1&psc=1"><img src="https://m.media-amazon.com/images/I/31c5qlF0nYL._SL500_.jpg" alt="Product Image"></a><p>Acure Shampoo 100% Vegan, Ultra Hydrating Moisture & Omega Fatty Acids, , Yellow Argan Oil & Pumpkin, 8 Fl Oz</p><p>$9.99 ($1.25 / Fl Oz)</p><a href="https://www.amazon.com/dp/B082YG62JM?tag=eloabder-20&linkCode=osi&th=1&psc=1">View Product</a></div><div class="product"><a href="https://www.amazon.com/dp/B008J2GP9G?tag=eloabder-20&linkCode=osi&th=1&psc=1"><img src="https://m.media-amazon.com/images/I/31BkIKu3HgL._SL500_.jpg" alt="Product Image"></a><p>OGX Renewing + Argan Oil of Morocco Shampoo, Damage Repair Shampoo & Argan Oil to Help Strengthen & Repair Dry, Damaged Hair, Paraben-Free, Sulfate-Free Surfactants, 25.4 fl. oz</p><p>$12.28 ($0.48 / Fl Oz)</p><a href="https://www.amazon.com/dp/B008J2GP9G?tag=eloabder-20&linkCode=osi&th=1&psc=1">View Product</a></div><div class="product"><a href="https://www.amazon.com/dp/B00AINMFAC?tag=eloabder-20&linkCode=osi&th=1&psc=1"><img src="https://m.media-amazon.com/images/I/41D7x04cFtL._SL500_.jpg" alt="Product Image"></a><p>Nizoral Anti-Dandruff Shampoo with 1% Ketoconazole, Fresh Scent, 7 Fl Oz</p><p>$15.88 ($2.27 / Fl Oz)</p><a href="https://www.amazon.com/dp/B00AINMFAC?tag=eloabder-20&linkCode=osi&th=1&psc=1">View Product</a></div><div class="product"><a href="https://www.amazon.com/dp/B082YGK39W?tag=eloabder-20&linkCode=osi&th=1&psc=1"><img src="https://m.media-amazon.com/images/I/31ZzE6IMgGL._SL500_.jpg" alt="Product Image"></a><p>Acure Vivacious Volume Shampoo | Revitalize and Volumize: Mint and Echinacea Infused Regimen for Fine, Fragile Hair, 8 Fl Oz</p><p>$6.39</p><a href="https://www.amazon.com/dp/B082YGK39W?tag=eloabder-20&linkCode=osi&th=1&psc=1">View Product</a></div><div class="product"><a href="https://www.amazon.com/dp/B00OO0J9UY?tag=eloabder-20&linkCode=osi&th=1&psc=1"><img src="https://m.media-amazon.com/images/I/6111IvzP9vL._SL500_.jpg" alt="Product Image"></a><p>SheaMoisture Intensive Hydration Shampoo for Dry, Damaged Hair Manuka Honey and Mafura Oil Sulfate-Free 13 oz</p><p>$9.68 ($0.74 / Fl Oz)</p><a href="https://www.amazon.com/dp/B00OO0J9UY?tag=eloabder-20&linkCode=osi&th=1&psc=1">View Product</a></div><div class="product"><a href="https://www.amazon.com/dp/B08RG1LQGL?tag=eloabder-20&linkCode=osi&th=1&psc=1"><img src="https://m.media-amazon.com/images/I/31leNyYQAaL._SL500_.jpg" alt="Product Image"></a><p>365 By Whole Foods Market, Moisture & Shine Shampoo Lavender, 32 Fl Oz</p><p>$8.10 ($0.25 / Fl Oz)</p><a href="https://www.amazon.com/dp/B08RG1LQGL?tag=eloabder-20&linkCode=osi&th=1&psc=1">View Product</a></div><div class="product"><a href="https://www.amazon.com/dp/B08RG15SLJ?tag=eloabder-20&linkCode=osi&th=1&psc=1"><img src="https://m.media-amazon.com/images/I/413+ccliIaL._SL500_.jpg" alt="Product Image"></a><p>365 by Whole Foods Market, Volume & Thick Shampoo Rosemary Mint, 32 Fl Oz</p><p>$11.49 ($0.36 / Fl Oz)</p><a href="https://www.amazon.com/dp/B08RG15SLJ?tag=eloabder-20&linkCode=osi&th=1&psc=1">View Product</a></div>
<div class="product"><a href="https://www.amazon.com/dp/B0048F38DY?tag=eloabder-20&linkCode=osi&th=1&psc=1"><img src="https://m.media-amazon.com/images/I/41GrHa75nWL._SL500_.jpg" alt="Product Image"></a><p>OGX Renewing + Argan Oil of Morocco Conditioner, Repair Conditioner & Argan Oil Helps Strengthen & Repair Dry, Damaged Hair, Paraben-Free, Sulfate-Free Surfactants, 13 fl. oz</p><p>$6.97 ($0.54 / Fl Oz)</p><a href="https://www.amazon.com/dp/B0048F38DY?tag=eloabder-20&linkCode=osi&th=1&psc=1">View Product</a></div><div class="product"><a href="https://www.amazon.com/dp/B00OVQO66S?tag=eloabder-20&linkCode=osi&th=1&psc=1"><img src="https://m.media-amazon.com/images/I/61S7x6GUaFL._SL500_.jpg" alt="Product Image"></a><p>SheaMoisture Conditioner Intensive Hydration for Dry, Damaged Hair Manuka Honey and Mafura Oil to Nourish and Soften Hair 13 oz</p><p>$9.68 ($0.74 / Fl Oz)</p><a href="https://www.amazon.com/dp/B00OVQO66S?tag=eloabder-20&linkCode=osi&th=1&psc=1">View Product</a></div><div class="product"><a href="https://www.amazon.com/dp/B00ADR6M2U?tag=eloabder-20&linkCode=osi&th=1&psc=1"><img src="https://m.media-amazon.com/images/I/41m-SPUM-nL._SL500_.jpg" alt="Product Image"></a><p>OGX Thick & Full + Biotin & Collagen Volumizing Conditioner, Nutrient-Infused Conditioner with Vitamin B7 Biotin Gives Hair Volume & Body for 72+ Hours, Sulfate-Free Surfactants, 13 fl. Oz</p><p>$6.97 ($0.54 / Fl Oz)</p><a href="https://www.amazon.com/dp/B00ADR6M2U?tag=eloabder-20&linkCode=osi&th=1&psc=1">View Product</a></div><div class="product"><a href="https://www.amazon.com/dp/B000TG850M?tag=eloabder-20&linkCode=osi&th=1&psc=1"><img src="https://m.media-amazon.com/images/I/31TYCRS9xuL._SL500_.jpg" alt="Product Image"></a><p>OGX Nourishing + Coconut Milk Conditioner, Hydrating & Restoring Conditioner Moisturizes for Soft Hair After the First Use, Parabens-Free, Sulfate-Free Surfactants, 13 fl. Oz</p><p>$6.97 ($0.54 / Fl Oz)</p><a href="https://www.amazon.com/dp/B000TG850M?tag=eloabder-20&linkCode=osi&th=1&psc=1">View Product</a></div><div class="product"><a href="https://www.amazon.com/dp/B008OL3VW6?tag=eloabder-20&linkCode=osi&th=1&psc=1"><img src="https://m.media-amazon.com/images/I/31tIRt0xMJL._SL500_.jpg" alt="Product Image"></a><p>Avalon Organics Therapy Thickening Conditioner, Biotin B-Complex, 32 Oz</p><p>$17.38 ($0.54 / Ounce)</p><a href="https://www.amazon.com/dp/B008OL3VW6?tag=eloabder-20&linkCode=osi&th=1&psc=1">View Product</a></div><div class="product"><a href="https://www.amazon.com/dp/B0128QFSPK?tag=eloabder-20&linkCode=osi&th=1&psc=1"><img src="https://m.media-amazon.com/images/I/31lrVfnasLL._SL500_.jpg" alt="Product Image"></a><p>OGX Quenching + Coconut Curls Curl-Defining Conditioner, Nourishing Curly Hair Conditioner with Coconut /Citrus Oil & Honey, Paraben-Free with Sulfate-Free Surfactants, 13oz</p><p>$6.97 ($0.54 / Fl Oz)</p><a href="https://www.amazon.com/dp/B0128QFSPK?tag=eloabder-20&linkCode=osi&th=1&psc=1">View Product</a></div><div class="product"><a href="https://www.amazon.com/dp/B00V6GPXZO?tag=eloabder-20&linkCode=osi&th=1&psc=1"><img src="https://m.media-amazon.com/images/I/41PW2fckFML._SL500_.jpg" alt="Product Image"></a><p>SheaMoisture Conditioner 100% Pure Jamaican Black Castor Oil to Intensely Smooth and Nourish Hair with Shea Butter, Peppermint and Apple Cider Vinegar 13 oz</p><p>$9.68 ($0.74 / Fl Oz)</p><a href="https://www.amazon.com/dp/B00V6GPXZO?tag=eloabder-20&linkCode=osi&th=1&psc=1">View Product</a></div><div class="product"><a href="https://www.amazon.com/dp/B000VEJVCI?tag=eloabder-20&linkCode=osi&th=1&psc=1"><img src="https://m.media-amazon.com/images/I/21qrX8H4+-L._SL500_.jpg" alt="Product Image"></a><p>Paul Mitchell The Conditioner Original Leave-In, Balances Moisture, For All Hair Types, 16.9 fl. oz.</p><p>$21.00 ($1.24 / Fl Oz)</p><a href="https://www.amazon.com/dp/B000VEJVCI?tag=eloabder-20&linkCode=osi&th=1&psc=1">View Product</a></div>
<div class="product"><a href="https://www.amazon.com/dp/B0BZGRCBY4?tag=eloabder-20&linkCode=osi&th=1&psc=1"><img src="https://m.media-amazon.com/images/I/31qfcnEuzhL._SL500_.jpg" alt="Product Image"></a><p>eos Shea Better Body Lotion- Fresh & Cozy, 24-Hour Moisture Skin Care, Lightweight & Non-Greasy, Made with Natural Shea, Vegan, 16 Fl Oz (Pack of 1)</p><p>$8.98 ($0.56 / Fl Oz)</p><a href="https://www.amazon.com/dp/B0BZGRCBY4?tag=eloabder-20&linkCode=osi&th=1&psc=1">View Product</a></div>

<div class="product"><a href="https://www.amazon.com/dp/B0719GRD5R?tag=eloabder-20&linkCode=osi&th=1&psc=1"><img src="https://m.media-amazon.com/images/I/41YE7bBHNCL._SL500_.jpg" alt="Product Image"></a><p>Clean & Clear Deep Action Exfoliating Cleanser with Pro-Vitamin B5, Gentle Exfoliating Daily Face Scrub Cleans Deep Down to the Pore for Soft, Smooth, Hydrated Skin, Oil Free Face Wash, 7 FL OZ</p><p>$5.32 ($0.76 / Fl Oz)</p><a href="https://www.amazon.com/dp/B0719GRD5R?tag=eloabder-20&linkCode=osi&th=1&psc=1">View Product</a></div><div class="product"><a href="https://www.amazon.com/dp/B088S1685Y?tag=eloabder-20&linkCode=osi&th=1&psc=1"><img src="https://m.media-amazon.com/images/I/310l8Je7mSL._SL500_.jpg" alt="Product Image"></a><p>Neutrogena Skin Balancing Milky Cleanser with 2% Polyhydroxy Acid (PHA), Soothing & Moisturizing Face Wash for Dry & Sensitive Skin, Paraben-Free, Soap-Free, Sulfate-Free, 6.3 oz</p><p>$3.94 ($0.63 / Fl Oz)</p><a href="https://www.amazon.com/dp/B088S1685Y?tag=eloabder-20&linkCode=osi&th=1&psc=1">View Product</a></div><div class="product"><a href="https://www.amazon.com/dp/B000NWDSAE?tag=eloabder-20&linkCode=osi&th=1&psc=1"><img src="https://m.media-amazon.com/images/I/41X+HuMzv9L._SL500_.jpg" alt="Product Image"></a><p>Neutrogena Oil-Free Acne Face Scrub, 2% Salicylic Acid Acne Treatment Medicine, Daily Face Wash to help Prevent Breakouts, Oil Free Exfoliating Facial Cleanser for Acne-Prone Skin, 4.2 fl. oz</p><p>$7.29 ($1.73 / Fl Oz)</p><a href="https://www.amazon.com/dp/B000NWDSAE?tag=eloabder-20&linkCode=osi&th=1&psc=1">View Product</a></div><div class="product"><a href="https://www.amazon.com/dp/B000052ZB5?tag=eloabder-20&linkCode=osi&th=1&psc=1"><img src="https://m.media-amazon.com/images/I/31ItNDNYdIL._SL500_.jpg" alt="Product Image"></a><p>Neutrogena Deep Clean Daily Facial Cream Cleanser with Beta Hydroxy Acid to Remove Dirt, Oil & Makeup, Alcohol-Free, Oil-Free & Non-Comedogenic, 7 fl. oz</p><p>$6.49 ($0.87 / Fl Oz)</p><a href="https://www.amazon.com/dp/B000052ZB5?tag=eloabder-20&linkCode=osi&th=1&psc=1">View Product</a></div><div class="product"><a href="https://www.amazon.com/dp/B00006FE2Z?tag=eloabder-20&linkCode=osi&th=1&psc=1"><img src="https://m.media-amazon.com/images/I/310Nwq030fL._SL500_.jpg" alt="Product Image"></a><p>Neutrogena Deep Clean Gentle Daily Facial Scrub, Oil-Free Cleanser, 4.2 Fl Oz</p><p>$6.49 ($1.55 / Fl Oz)</p><a href="https://www.amazon.com/dp/B00006FE2Z?tag=eloabder-20&linkCode=osi&th=1&psc=1">View Product</a></div>

<div class="product"><a href="https://www.amazon.com/dp/B087781VTJ?tag=eloabder-20&linkCode=osi&th=1&psc=1"><img src="https://m.media-amazon.com/images/I/31OkRWcr12L._SL500_.jpg" alt="Product Image"></a><p>PURELL Advanced Hand Sanitizer Refreshing Gel, Clean Scent, 1 Liter Pump Bottle (Pack of 1) - 9632-04-CMR</p><p>$11.24 ($0.33 / Fl Oz)</p><a href="https://www.amazon.com/dp/B087781VTJ?tag=eloabder-20&linkCode=osi&th=1&psc=1">View Product</a></div><div class="product"><a href="https://www.amazon.com/dp/B0889WWM49?tag=eloabder-20&linkCode=osi&th=1&psc=1"><img src="https://m.media-amazon.com/images/I/51KTBSE1ZwL._SL500_.jpg" alt="Product Image"></a><p>Germ-X Original Hand Sanitizer, Moisturizing Gel with Vitamin E, Instant and No Rinse Formula, Back to School Supplies College, 8 Fl Oz Pump Bottle (Pack of 12)</p><p>$23.04 ($0.24 / Fl Oz)</p><a href="https://www.amazon.com/dp/B0889WWM49?tag=eloabder-20&linkCode=osi&th=1&psc=1">View Product</a></div><div class="product"><a href="https://www.amazon.com/dp/B08XZS6BGG?tag=eloabder-20&linkCode=osi&th=1&psc=1"><img src="https://m.media-amazon.com/images/I/51XpsRtfkiL._SL500_.jpg" alt="Product Image"></a><p>PURELL Advanced Hand Sanitizer Naturals with Plant Based Alcohol, Citrus Scent, 8 fl oz Pump Bottle (Pack of 4), 9626-06-ECDECO</p><p>$14.99 ($0.47 / Fl Oz)</p><a href="https://www.amazon.com/dp/B08XZS6BGG?tag=eloabder-20&linkCode=osi&th=1&psc=1">View Product</a></div><div class="product"><a href="https://www.amazon.com/dp/B08VL1MXNZ?tag=eloabder-20&linkCode=osi&th=1&psc=1"><img src="https://m.media-amazon.com/images/I/41EMtmcLMxL._SL500_.jpg" alt="Product Image"></a><p>PURELL PRIME DEFENSE Advanced Hand Sanitizer, 85%, Maximum Strength Formula, 12 fl oz Pump Bottles (Pack of 4) - 3699-06-EC2</p><p>$27.99 ($0.58 / Fl Oz)</p><a href="https://www.amazon.com/dp/B08VL1MXNZ?tag=eloabder-20&linkCode=osi&th=1&psc=1">View Product</a></div><div class="product"><a href="https://www.amazon.com/dp/B08R15JGNX?tag=eloabder-20&linkCode=osi&th=1&psc=1"><img src="https://m.media-amazon.com/images/I/41YXo-hwuXL._SL500_.jpg" alt="Product Image"></a><p>Amazon Basic Care - Aloe Vera Hand Sanitizer 62%, 12 fl oz (Pack of 6)</p><p>$15.09 ($0.21 / Fl Oz)</p><a href="https://www.amazon.com/dp/B08R15JGNX?tag=eloabder-20&linkCode=osi&th=1&psc=1">View Product</a></div><div class="product"><a href="https://www.amazon.com/dp/B08R14XP4D?tag=eloabder-20&linkCode=osi&th=1&psc=1"><img src="https://m.media-amazon.com/images/I/415ogBNctoL._SL500_.jpg" alt="Product Image"></a><p>Amazon Basic Care - Original Hand Sanitizer 62%, 12 fl oz (Pack of 6)</p><p>$19.95 ($0.28 / Fl Oz)</p><a href="https://www.amazon.com/dp/B08R14XP4D?tag=eloabder-20&linkCode=osi&th=1&psc=1">View Product</a></div><div class="product"><a href="https://www.amazon.com/dp/B00U2KYUAY?tag=eloabder-20&linkCode=osi&th=1&psc=1"><img src="https://m.media-amazon.com/images/I/516ldzLw1iL._SL500_.jpg" alt="Product Image"></a><p>PURELL Advanced Hand Sanitizer Soothing Gel, Fresh Scent, 8 fl oz Pump Bottle (Pack of 4), 9674-06-ECDECO</p><p>$14.99 ($0.47 / Fl Oz)</p><a href="https://www.amazon.com/dp/B00U2KYUAY?tag=eloabder-20&linkCode=osi&th=1&psc=1">View Product</a></div>
<div class="product"><a href="https://www.amazon.com/dp/B01N7TYBKS?tag=eloabder-20&linkCode=osi&th=1&psc=1"><img src="https://m.media-amazon.com/images/I/31PicytUhxL._SL500_.jpg" alt="Product Image"></a><p>MRS. MEYER'S CLEAN DAY Hand Lotion for Dry Hands, Non-Greasy Moisturizer Made with Essential Oils, Lavender, 12 oz</p><p>$10.80 ($0.90 / Fl Oz)</p><a href="https://www.amazon.com/dp/B01N7TYBKS?tag=eloabder-20&linkCode=osi&th=1&psc=1">View Product</a></div><div class="product"><a href="https://www.amazon.com/dp/B0BYQ34X6C?tag=eloabder-20&linkCode=osi&th=1&psc=1"><img src="https://m.media-amazon.com/images/I/61e61W8P89L._SL500_.jpg" alt="Product Image"></a><p>Vaseline Hand Sanitizer Lotion 2-in-1 Hydrating Skin Care 3 Ct Moisturizes and Eliminates Bacteria with Vitamin E 8 oz</p><p>$20.97 ($0.87 / Fl Oz)</p><a href="https://www.amazon.com/dp/B0BYQ34X6C?tag=eloabder-20&linkCode=osi&th=1&psc=1">View Product</a></div><div class="product"><a href="https://www.amazon.com/dp/B07QBN245V?tag=eloabder-20&linkCode=osi&th=1&psc=1"><img src="https://m.media-amazon.com/images/I/31N7vGLuV0L._SL500_.jpg" alt="Product Image"></a><p>Jergens Lavender Body Butter Body and Hand Lotion, Moisturizer for Women, 7 Fl Oz (Pack of 1), with Essential Oils for Indulgent Moisturization White</p><p>$7.72 ($1.10 / Fl Oz)</p><a href="https://www.amazon.com/dp/B07QBN245V?tag=eloabder-20&linkCode=osi&th=1&psc=1">View Product</a></div><div class="product"><a href="https://www.amazon.com/dp/B001PBOKRM?tag=eloabder-20&linkCode=osi&th=1&psc=1"><img src="https://m.media-amazon.com/images/I/31NR+HKsONL._SL500_.jpg" alt="Product Image"></a><p>Jergens Original Scent Dry Skin Lotion, Body and Hand Moisturizer for Long Lasting Skin Hydration, with HYDRALUCENCE blend and Cherry Almond Essence, 32 Ounce</p><p>$10.47 ($0.33 / Fl Oz)</p><a href="https://www.amazon.com/dp/B001PBOKRM?tag=eloabder-20&linkCode=osi&th=1&psc=1">View Product</a></div><div class="product"><a href="https://www.amazon.com/dp/B0CGR35JRD?tag=eloabder-20&linkCode=osi&th=1&psc=1"><img src="https://m.media-amazon.com/images/I/31ALnyy+p6L._SL500_.jpg" alt="Product Image"></a><p>Jergens Hand and Body Lotion, Ultra Healing Dry Skin Moisturizer, Fragrance Free Lotion, Sensitive Skin Lotion, 21 Oz</p><p>$7.47 ($0.36 / Fl Oz)</p><a href="https://www.amazon.com/dp/B0CGR35JRD?tag=eloabder-20&linkCode=osi&th=1&psc=1">View Product</a></div>
<div class="product"><a href="https://www.amazon.com/dp/B0BQWYRXPT?tag=eloabder-20&linkCode=osi&th=1&psc=1"><img src="https://m.media-amazon.com/images/I/411xH4LwE1L._SL500_.jpg" alt="Product Image"></a><p>Dermoplast Wound Wipes Medicated First Aid Cloths, Analgesic & Antiseptic Wipes for Treating Minor Cuts, Scrapes and Burns on The Go, Sting Free Formula, 10 Individual Cloths (Packaging May Vary)</p><p>$9.99 ($1.00 / Count)</p><a href="https://www.amazon.com/dp/B0BQWYRXPT?tag=eloabder-20&linkCode=osi&th=1&psc=1">View Product</a></div><div class="product"><a href="https://www.amazon.com/dp/B0057Z24WK?tag=eloabder-20&linkCode=osi&th=1&psc=1"><img src="https://m.media-amazon.com/images/I/41Np605ZC3L._SL500_.jpg" alt="Product Image"></a><p>BZK Antiseptic Towelettes, 100 Count (Pack of 1)</p><p>$7.97 ($0.08 / Count)</p><a href="https://www.amazon.com/dp/B0057Z24WK?tag=eloabder-20&linkCode=osi&th=1&psc=1">View Product</a></div><div class="product"><a href="https://www.amazon.com/dp/B07K335Y78?tag=eloabder-20&linkCode=osi&th=1&psc=1"><img src="https://m.media-amazon.com/images/I/31qFUEO9IjL._SL500_.jpg" alt="Product Image"></a><p>McKesson Obstetrical Antiseptic Towelettes Wipes, Sterile, Individual Packet, Clean Scent, 100 Count, 1 Pack</p><p>$7.20 ($0.07 / Count)</p><a href="https://www.amazon.com/dp/B07K335Y78?tag=eloabder-20&linkCode=osi&th=1&psc=1">View Product</a></div><div class="product"><a href="https://www.amazon.com/dp/B08S399VWH?tag=eloabder-20&linkCode=osi&th=1&psc=1"><img src="https://m.media-amazon.com/images/I/41dtXFAXLeL._SL500_.jpg" alt="Product Image"></a><p>Nurture XL Antibacterial Body & Hand Wipes | Alcohol-Free Antiseptic Wet Sanitizer Towelettes for Germ Removal, Disinfecting Skin, Sanitizing Hands |Cleaning Cloths | Adults & Baby | Thick & Strong</p><p>$44.95 ($0.15 / Count)</p><a href="https://www.amazon.com/dp/B08S399VWH?tag=eloabder-20&linkCode=osi&th=1&psc=1">View Product</a></div><div class="product"><a href="https://www.amazon.com/dp/B01N362TQ6?tag=eloabder-20&linkCode=osi&th=1&psc=1"><img src="https://m.media-amazon.com/images/I/31GuJZ7KbVL._SL500_.jpg" alt="Product Image"></a><p>McKesson Benzalkonium Chloride Towelettes, Antiseptic Cleansing, Individual Packet, 100 Count, 1 Pack</p><p>$7.78 ($0.08 / Count)</p><a href="https://www.amazon.com/dp/B01N362TQ6?tag=eloabder-20&linkCode=osi&th=1&psc=1">View Product</a></div><div class="product"><a href="https://www.amazon.com/dp/B06XS38XH6?tag=eloabder-20&linkCode=osi&th=1&psc=1"><img src="https://m.media-amazon.com/images/I/41P5yr0gl-L._SL500_.jpg" alt="Product Image"></a><p>Care Touch Alcohol Wipes Individually Wrapped - Prep Pads with 70% Isopropyl Alcohol, Great for Home, Medical & First Aid Kits Sterilized, Antiseptic 2-Ply Swabs 400 Count</p><p>$8.99 ($0.02 / Count)</p><a href="https://www.amazon.com/dp/B06XS38XH6?tag=eloabder-20&linkCode=osi&th=1&psc=1">View Product</a></div>
<div class="product"><a href="https://www.amazon.com/dp/B00006IDL6?tag=eloabder-20&linkCode=osi&th=1&psc=1"><img src="https://m.media-amazon.com/images/I/51SFTNQg7-L._SL500_.jpg" alt="Product Image"></a><p>Band-Aid Brand Flexible Fabric Adhesive Bandages for Wound Care and First Aid, All One Size, 100 Count</p><p>$8.48 ($0.08 / Count)</p><a href="https://www.amazon.com/dp/B00006IDL6?tag=eloabder-20&linkCode=osi&th=1&psc=1">View Product</a></div><div class="product"><a href="https://www.amazon.com/dp/B0BGH1YQC6?tag=eloabder-20&linkCode=osi&th=1&psc=1"><img src="https://m.media-amazon.com/images/I/51xvWhwfAnL._SL500_.jpg" alt="Product Image"></a><p>Amazon Basic Care Flexible Fabric Adhesive Bandages, First Aid and Wound Care Supplies, Assorted Sizes, 100 Count</p><p>$5.80 ($0.06 / Count)</p><a href="https://www.amazon.com/dp/B0BGH1YQC6?tag=eloabder-20&linkCode=osi&th=1&psc=1">View Product</a></div><div class="product"><a href="https://www.amazon.com/dp/B000GCPW8C?tag=eloabder-20&linkCode=osi&th=1&psc=1"><img src="https://m.media-amazon.com/images/I/51vXh4MmDrL._SL500_.jpg" alt="Product Image"></a><p>Band-Aid Brand Tru-Stay Adhesive Pads, Large Sterile Bandages for Wound Care, Large Size, 10 ct</p><p>$3.56 ($0.36 / Count)</p><a href="https://www.amazon.com/dp/B000GCPW8C?tag=eloabder-20&linkCode=osi&th=1&psc=1">View Product</a></div><div class="product"><a href="https://www.amazon.com/dp/B09N1PJFH4?tag=eloabder-20&linkCode=osi&th=1&psc=1"><img src="https://m.media-amazon.com/images/I/414tb0lZk2L._SL500_.jpg" alt="Product Image"></a><p>Band-Aid Brand Adhesive Bandages for Sensitive Skin, Hypoallergenic First Aid Bandages with Painless Removal, Stays on When Wet & Suitable for Eczema Prone Skin, Extra Large Size, 7 ct</p><p>$3.35 ($0.48 / Count)</p><a href="https://www.amazon.com/dp/B09N1PJFH4?tag=eloabder-20&linkCode=osi&th=1&psc=1">View Product</a></div><div class="product"><a href="https://www.amazon.com/dp/B08JH93SHW?tag=eloabder-20&linkCode=osi&th=1&psc=1"><img src="https://m.media-amazon.com/images/I/51mp6AFuzlL._SL500_.jpg" alt="Product Image"></a><p>CURAD Performance Series Ironman Antibacterial Bandages, Extreme Hold Adhesive Technology, Finger & Knuckle Bandages, Flexible Fabric, Variety Pack with Assorted Sizes & Colors, 50 Count</p><p>$6.97 ($0.14 / Count)</p><a href="https://www.amazon.com/dp/B08JH93SHW?tag=eloabder-20&linkCode=osi&th=1&psc=1">View Product</a></div><div class="product"><a href="https://www.amazon.com/dp/B07K31T5SC?tag=eloabder-20&linkCode=osi&th=1&psc=1"><img src="https://m.media-amazon.com/images/I/415PIj3D6HL._SL500_.jpg" alt="Product Image"></a><p>McKesson Adhesive Bandages, Sterile, Fabric Patch, 2 in x 3 in, 50 Count, 1 Pack</p><p>$8.30 ($0.17 / Count)</p><a href="https://www.amazon.com/dp/B07K31T5SC?tag=eloabder-20&linkCode=osi&th=1&psc=1">View Product</a></div><div class="product"><a href="https://www.amazon.com/dp/B01N6T0XHP?tag=eloabder-20&linkCode=osi&th=1&psc=1"><img src="https://m.media-amazon.com/images/I/31VmxqprYDL._SL500_.jpg" alt="Product Image"></a><p>Curad Assorted Bandages Variety Pack 300 Pieces, Including Antibacterial, Heavy Duty, Fabric, and Waterproof Bandages</p><p>$11.99 ($0.04 / Count)</p><a href="https://www.amazon.com/dp/B01N6T0XHP?tag=eloabder-20&linkCode=osi&th=1&psc=1">View Product</a></div><div class="product"><a href="https://www.amazon.com/dp/B0895DYMGL?tag=eloabder-20&linkCode=osi&th=1&psc=1"><img src="https://m.media-amazon.com/images/I/41hesAQJS3L._SL500_.jpg" alt="Product Image"></a><p>12 Pack Self Adherent Cohesive Wrap Bandages 2 Inches X 5 Yards,First Aid Tape, Elastic Self Adhesive Tape, Athletic, Sports wrap Tape, Bandage Wrap for Sports, Wrist, Skin Colour Athletic Tape</p><p>$8.99 ($0.75 / Count)</p><a href="https://www.amazon.com/dp/B0895DYMGL?tag=eloabder-20&linkCode=osi&th=1&psc=1">View Product</a></div><div class="product"><a href="https://www.amazon.com/dp/B0CKVN8SBL?tag=eloabder-20&linkCode=osi&th=1&psc=1"><img src="https://m.media-amazon.com/images/I/51LrlyDltUL._SL500_.jpg" alt="Product Image"></a><p>AZEN 8 Pack Self Adhesive Bandage Wrap, 2" X 5 Yards Elastic Cohesive Bandage Wrap, Skin Color Athletic Tape, Vet Wrap, Ankle Tape, Tattoo Grip Tape Wrap</p><p>$6.99 ($1.16 / Count)</p><a href="https://www.amazon.com/dp/B0CKVN8SBL?tag=eloabder-20&linkCode=osi&th=1&psc=1">View Product</a></div><div class="product"><a href="https://www.amazon.com/dp/B085V69JPM?tag=eloabder-20&linkCode=osi&th=1&psc=1"><img src="https://m.media-amazon.com/images/I/51zRkg4pCNL._SL500_.jpg" alt="Product Image"></a><p>Nexcare Max Hold Waterproof Bandages, Helps waterproof, dirtproof, and germproof your wounds, 60 ct</p><p>$7.49 ($0.12 / Count)</p><a href="https://www.amazon.com/dp/B085V69JPM?tag=eloabder-20&linkCode=osi&th=1&psc=1">View Product</a></div>




<div class="product"><a href="https://www.amazon.com/dp/B079HXLZGY?tag=eloabder-20&linkCode=osi&th=1&psc=1"><img src="https://m.media-amazon.com/images/I/51O0z0rymgL._SL500_.jpg" alt="Product Image"></a><p>Amazon Basic Care Nighttime Sleep Aid Tablets for Adults, Doxylamine Succinate 25 mg, 96 Count</p><p>$12.59 ($0.13 / Count)</p><a href="https://www.amazon.com/dp/B079HXLZGY?tag=eloabder-20&linkCode=osi&th=1&psc=1">View Product</a></div><div class="product"><a href="https://www.amazon.com/dp/B00NJ1BQZA?tag=eloabder-20&linkCode=osi&th=1&psc=1"><img src="https://m.media-amazon.com/images/I/41q8bT3bu0L._SL500_.jpg" alt="Product Image"></a><p>Relaxium Sleep Aid for Adults, Melatonin 5mg with Magnesium Glycinate, Sleep-Promoting Valerest & Ashwagandha, Non-Habit Forming Sleep Supplement, 60 Capsules, 30-Day Supply</p><p>$29.99 ($0.50 / count)</p><a href="https://www.amazon.com/dp/B00NJ1BQZA?tag=eloabder-20&linkCode=osi&th=1&psc=1">View Product</a></div><div class="product"><a href="https://www.amazon.com/dp/B0848WCZFM?tag=eloabder-20&linkCode=osi&th=1&psc=1"><img src="https://m.media-amazon.com/images/I/41Rzyzjg2UL._SL500_.jpg" alt="Product Image"></a><p>HealthA2Z Sleep Aid, Diphenhydramine Softgels, 50mg, Supports Deeper, Restful Sleeping, Non Habit-Forming (250 Counts)</p><p>$9.85 ($0.04 / Count)</p><a href="https://www.amazon.com/dp/B0848WCZFM?tag=eloabder-20&linkCode=osi&th=1&psc=1">View Product</a></div><div class="product"><a href="https://www.amazon.com/dp/B08H766XS8?tag=eloabder-20&linkCode=osi&th=1&psc=1"><img src="https://m.media-amazon.com/images/I/4117Yuu9uhL._SL500_.jpg" alt="Product Image"></a><p>RXZELL Sleep Aid, Diphenhydramine HCl 50mg, 220 Softgels - Fall Asleep Faster, Deeper Restful Sleeping, Non Habit-Forming</p><p>$9.98 ($0.05 / Count)</p><a href="https://www.amazon.com/dp/B08H766XS8?tag=eloabder-20&linkCode=osi&th=1&psc=1">View Product</a></div><div class="product"><a href="https://www.amazon.com/dp/B07BZW88NY?tag=eloabder-20&linkCode=osi&th=1&psc=1"><img src="https://m.media-amazon.com/images/I/51HD9BxwlWL._SL500_.jpg" alt="Product Image"></a><p>Kirkland Signature Sleep Aid, 192 Tablets</p><p>$13.95 ($0.07 / Count)</p><a href="https://www.amazon.com/dp/B07BZW88NY?tag=eloabder-20&linkCode=osi&th=1&psc=1">View Product</a></div><div class="product"><a href="https://www.amazon.com/dp/B08Y74HSSH?tag=eloabder-20&linkCode=osi&th=1&psc=1"><img src="https://m.media-amazon.com/images/I/41WtHEKTuML._SL500_.jpg" alt="Product Image"></a><p>ZzzQuil ULTRA, Sleep Aid, Nighttime Sleep Aid, 25 mg Doxylamine Succinate, From Makers of Nyquil, Non- Habit Forming, Fall Asleep Fast, Stay Asleep Longer, 48 Count</p><p>$19.63 ($0.41 / Count)</p><a href="https://www.amazon.com/dp/B08Y74HSSH?tag=eloabder-20&linkCode=osi&th=1&psc=1">View Product</a></div><div class="product"><a href="https://www.amazon.com/dp/B01683HFGY?tag=eloabder-20&linkCode=osi&th=1&psc=1"><img src="https://m.media-amazon.com/images/I/51hFnh0pfXL._SL500_.jpg" alt="Product Image"></a><p>Unisom SleepTabs, Nighttime Sleep-aid, Doxylamine Succinate, 80 Tablets</p><p>$13.98 ($0.17 / Count)</p><a href="https://www.amazon.com/dp/B01683HFGY?tag=eloabder-20&linkCode=osi&th=1&psc=1">View Product</a></div><div class="product"><a href="https://www.amazon.com/dp/B099JXNWYL?tag=eloabder-20&linkCode=osi&th=1&psc=1"><img src="https://m.media-amazon.com/images/I/41K+tJ73J2L._SL500_.jpg" alt="Product Image"></a><p>12-in-1 Melatonin Capsules - Melatonin 5mg Natural Sleep Aids for Adults - Magnesium Glycinate 500mg, Ashwagandha, L Theanine, Valerian Root, GABA, 5-HTP, Sleep Supplement for Adults, Pack of 1</p><p>$21.95 ($0.24 / Count)</p><a href="https://www.amazon.com/dp/B099JXNWYL?tag=eloabder-20&linkCode=osi&th=1&psc=1">View Product</a></div><div class="product"><a href="https://www.amazon.com/dp/B07PXT5LYR?tag=eloabder-20&linkCode=osi&th=1&psc=1"><img src="https://m.media-amazon.com/images/I/41Pu3C1zvML._SL500_.jpg" alt="Product Image"></a><p>Nature's Bounty Sleep3 Melatonin 10mg, Maximum Strength 100% Drug Free Sleep Aid, Dietary Supplement, L-Theanine & Nighttime Herbal Blend Time Release Technology, 60 Tri-Layered Tablets</p><p>$13.07 ($0.22 / Count)</p><a href="https://www.amazon.com/dp/B07PXT5LYR?tag=eloabder-20&linkCode=osi&th=1&psc=1">View Product</a></div>
<div class="product"><a href="https://www.amazon.com/dp/B00HE66ZUC?tag=eloabder-20&linkCode=osi&th=1&psc=1"><img src="https://m.media-amazon.com/images/I/510MmBSuAfL._SL500_.jpg" alt="Product Image"></a><p>GoodSense Allergy Relief Loratadine Tablets 10 mg, Compare to Claritin, Antihistamine, 24 Hour Allergy Relief, 365 Count</p><p>$12.99 ($0.04 / Count)</p><a href="https://www.amazon.com/dp/B00HE66ZUC?tag=eloabder-20&linkCode=osi&th=1&psc=1">View Product</a></div><div class="product"><a href="https://www.amazon.com/dp/B07S1BZXVW?tag=eloabder-20&linkCode=osi&th=1&psc=1"><img src="https://m.media-amazon.com/images/I/41KfCe6maEL._SL500_.jpg" alt="Product Image"></a><p>HealthA2Z® Allergy Relief | Cetirizine 10mg | All Day Allergy Relief | Indoor & Outdoor | Relief from Itchy Throat, Sneezing, Runny Noses (250 count (pack of 1))</p><p>$8.75 ($0.04 / Count)</p><a href="https://www.amazon.com/dp/B07S1BZXVW?tag=eloabder-20&linkCode=osi&th=1&psc=1">View Product</a></div><div class="product"><a href="https://www.amazon.com/dp/B074F19XB8?tag=eloabder-20&linkCode=osi&th=1&psc=1"><img src="https://m.media-amazon.com/images/I/412oY-CSVJL._SL500_.jpg" alt="Product Image"></a><p>Amazon Basic Care Complete Allergy Relief, Diphenhydramine HCl 25 mg, Relieves Symptoms, Antihistamine Tablets, 400 Count</p><p>$7.67 ($0.02 / Count)</p><a href="https://www.amazon.com/dp/B074F19XB8?tag=eloabder-20&linkCode=osi&th=1&psc=1">View Product</a></div><div class="product"><a href="https://www.amazon.com/dp/B074F18H5N?tag=eloabder-20&linkCode=osi&th=1&psc=1"><img src="https://m.media-amazon.com/images/I/41SMpawpNjL._SL500_.jpg" alt="Product Image"></a><p>Amazon Basic Care Allergy Relief Loratadine Tablets 10 mg, 300 Count</p><p>$16.54 ($0.06 / Count)</p><a href="https://www.amazon.com/dp/B074F18H5N?tag=eloabder-20&linkCode=osi&th=1&psc=1">View Product</a></div><div class="product"><a href="https://www.amazon.com/dp/B087CBHR9W?tag=eloabder-20&linkCode=osi&th=1&psc=1"><img src="https://m.media-amazon.com/images/I/41+XRnnkAXL._SL500_.jpg" alt="Product Image"></a><p>HealthA2Z Fexofenadine Hydrochloride 180mg, Antihistamine for Allergy Relief, Non-Drowsy, 24-Hour Antihistamine for Allergy Relief (120 Count (Pack of 1))</p><p>$21.25 ($0.18 / Count)</p><a href="https://www.amazon.com/dp/B087CBHR9W?tag=eloabder-20&linkCode=osi&th=1&psc=1">View Product</a></div><div class="product"><a href="https://www.amazon.com/dp/B083VVT61S?tag=eloabder-20&linkCode=osi&th=1&psc=1"><img src="https://m.media-amazon.com/images/I/41BJ8O5m3RL._SL500_.jpg" alt="Product Image"></a><p>Amazon Basic Care 24 Hour Allergy Relief, Levocetirizine Dihydrochloride Tablets, 5 mg, Antihistamine, Relieves Sneezing, Runny Nose, Itchy Nose or Throat and Itchy, Watery Eyes, 80 Count</p><p>$20.72 ($0.26 / Count)</p><a href="https://www.amazon.com/dp/B083VVT61S?tag=eloabder-20&linkCode=osi&th=1&psc=1">View Product</a></div><div class="product"><a href="https://www.amazon.com/dp/B08JVPNBGM?tag=eloabder-20&linkCode=osi&th=1&psc=1"><img src="https://m.media-amazon.com/images/I/41ZLXQU2qNL._SL500_.jpg" alt="Product Image"></a><p>Zyrtec 24 Hour Allergy Relief Tablets, Indoor & Outdoor Allergy Medicine with 10 mg Cetirizine HCl per Antihistamine Tablet, Relief of Allergies, 60 ct</p><p>$22.81 ($0.38 / Count)</p><a href="https://www.amazon.com/dp/B08JVPNBGM?tag=eloabder-20&linkCode=osi&th=1&psc=1">View Product</a></div><div class="product"><a href="https://www.amazon.com/dp/B087Z6TKD9?tag=eloabder-20&linkCode=osi&th=1&psc=1"><img src="https://m.media-amazon.com/images/I/41hMESBq3wL._SL500_.jpg" alt="Product Image"></a><p>HealthA2Z® Allergy Relief | Loratadine 10mg | Antihistamine | Non-Drowsy | Relief from Itchy Throat, Sneezing, Runny Noses | 24-Hours Allergy Medicine (300 Tablets)</p><p>$13.25 ($0.04 / Count)</p><a href="https://www.amazon.com/dp/B087Z6TKD9?tag=eloabder-20&linkCode=osi&th=1&psc=1">View Product</a></div><div class="product"><a href="https://www.amazon.com/dp/B074F145Y1?tag=eloabder-20&linkCode=osi&th=1&psc=1"><img src="https://m.media-amazon.com/images/I/41QxbjhcCML._SL500_.jpg" alt="Product Image"></a><p>Amazon Basic Care 24 Hour Allergy Relief, Cetirizine Hydrochloride Tablets, 10 mg, 300 Count</p><p>$25.87 ($0.09 / Count)</p><a href="https://www.amazon.com/dp/B074F145Y1?tag=eloabder-20&linkCode=osi&th=1&psc=1">View Product</a></div><div class="product"><a href="https://www.amazon.com/dp/B07HD64D4G?tag=eloabder-20&linkCode=osi&th=1&psc=1"><img src="https://m.media-amazon.com/images/I/51fjuo22JXL._SL500_.jpg" alt="Product Image"></a><p>HealthCareAisle Allergy Relief - Fexofenadine Hydrochloride Tablets USP, 180 mg – 90 Tablets – Allergy Medication, Non-Drowsy 24-Hour Allergy Relief</p><p>$12.71 ($0.14 / Count)</p><a href="https://www.amazon.com/dp/B07HD64D4G?tag=eloabder-20&linkCode=osi&th=1&psc=1">View Product</a></div>
<div class="product"><a href="https://www.amazon.com/dp/B012ROWNS8?tag=eloabder-20&linkCode=osi&th=1&psc=1"><img src="https://m.media-amazon.com/images/I/51cxYFhISYL._SL500_.jpg" alt="Product Image"></a><p>Boiron Chestal Honey Adult Cold and Cough Syrup for Nasal and Chest Congestion, Runny Nose, and Sore Throat Relief - 6.7 Fl oz</p><p>$11.70 ($1.75 / Fl Oz)</p><a href="https://www.amazon.com/dp/B012ROWNS8?tag=eloabder-20&linkCode=osi&th=1&psc=1">View Product</a></div><div class="product"><a href="https://www.amazon.com/dp/B000WAWN8K?tag=eloabder-20&linkCode=osi&th=1&psc=1"><img src="https://m.media-amazon.com/images/I/41MhHkkpCQL._SL500_.jpg" alt="Product Image"></a><p>Zicam Cold Remedy Zinc Rapidmelts, Citrus Flavor, 25 Count (Pack of 1)</p><p>$10.98 ($0.44 / Count)</p><a href="https://www.amazon.com/dp/B000WAWN8K?tag=eloabder-20&linkCode=osi&th=1&psc=1">View Product</a></div><div class="product"><a href="https://www.amazon.com/dp/B08836KTVQ?tag=eloabder-20&linkCode=osi&th=1&psc=1"><img src="https://m.media-amazon.com/images/I/51kNMcIeJPL._SL500_.jpg" alt="Product Image"></a><p>Mucinex Fast-Max Cold and Flu & Nightshift Severe Cold and Flu Medicine for Adults, Over-the-Counter Medication Combo Pack for Sore Throat Relief, Decongestant, Cough & Cold Medicines, 2 x 6 Fl Oz</p><p>$16.78 ($1.40 / Fl Oz)</p><a href="https://www.amazon.com/dp/B08836KTVQ?tag=eloabder-20&linkCode=osi&th=1&psc=1">View Product</a></div><div class="product"><a href="https://www.amazon.com/dp/B019DL5KCO?tag=eloabder-20&linkCode=osi&th=1&psc=1"><img src="https://m.media-amazon.com/images/I/51i-U6pGMjL._SL500_.jpg" alt="Product Image"></a><p>Coricidin HBP Decongestant-Free Cough and Cold Medicine - Specially Designed Relief for High Blood Pressure, Cough, Runny Nose, Sneezing and Cold Symptoms (16 Count)</p><p>$8.99 ($0.56 / Count)</p><a href="https://www.amazon.com/dp/B019DL5KCO?tag=eloabder-20&linkCode=osi&th=1&psc=1">View Product</a></div><div class="product"><a href="https://www.amazon.com/dp/B009ITR4EY?tag=eloabder-20&linkCode=osi&th=1&psc=1"><img src="https://m.media-amazon.com/images/I/5108J1lmIxL._SL500_.jpg" alt="Product Image"></a><p>Tylenol Cold + Flu Severe Medicine Caplets for Fever, Pain, Cough & Congestion, 24 ct.</p><p>$7.67 ($0.32 / Count)</p><a href="https://www.amazon.com/dp/B009ITR4EY?tag=eloabder-20&linkCode=osi&th=1&psc=1">View Product</a></div><div class="product"><a href="https://www.amazon.com/dp/B000XTO9CI?tag=eloabder-20&linkCode=osi&th=1&psc=1"><img src="https://m.media-amazon.com/images/I/51oNP4G9-7L._SL500_.jpg" alt="Product Image"></a><p>Nature's Way Umcka Cold Plus Flu Berry - 20 Chewables</p><p>$13.03 ($0.65 / Count)</p><a href="https://www.amazon.com/dp/B000XTO9CI?tag=eloabder-20&linkCode=osi&th=1&psc=1">View Product</a></div><div class="product"><a href="https://www.amazon.com/dp/B01FCDDEUC?tag=eloabder-20&linkCode=osi&th=1&psc=1"><img src="https://m.media-amazon.com/images/I/51tvGxyWfdL._SL500_.jpg" alt="Product Image"></a><p>Genexa Kids' Cold Crush | Multi-Symptom Cough & Cold Relief for Children | Delicious Organic Acai Berry Flavor | Certified Organic & Non-GMO | Homeopathic Remedy Made Clean | 60 Chewable Tablets</p><p>$14.99 ($0.25 / Count)</p><a href="https://www.amazon.com/dp/B01FCDDEUC?tag=eloabder-20&linkCode=osi&th=1&psc=1">View Product</a></div><div class="product"><a href="https://www.amazon.com/dp/B01FCDI70Y?tag=eloabder-20&linkCode=osi&th=1&psc=1"><img src="https://m.media-amazon.com/images/I/51XEbZuRk2L._SL500_.jpg" alt="Product Image"></a><p>Genexa Cold Crush | Multi-Symptom Cough & Cold Relief for Adults | Delicious Organic Acai Berry Flavor | Certified Organic & Non-GMO | Homeopathic Remedy Made Clean | 60 Chewable Tablets</p><p>$15.99 ($0.27 / Count)</p><a href="https://www.amazon.com/dp/B01FCDI70Y?tag=eloabder-20&linkCode=osi&th=1&psc=1">View Product</a></div><div class="product"><a href="https://www.amazon.com/dp/B085PSBV9B?tag=eloabder-20&linkCode=osi&th=1&psc=1"><img src="https://m.media-amazon.com/images/I/31xr+2nG29L._SL500_.jpg" alt="Product Image"></a><p>Earthley Wellness, Cough-B-Gone, Natural Herbal Formula, Cold and Cough Remedy, Removes Extra Mucus, Soothes Sore Throats, Promotes Lung Health, and Detoxification, Cough Be Gone (2oz, Kids)</p><p>$24.99 ($12.50 / Ounce)</p><a href="https://www.amazon.com/dp/B085PSBV9B?tag=eloabder-20&linkCode=osi&th=1&psc=1">View Product</a></div><div class="product"><a href="https://www.amazon.com/dp/B01DZ0CN6A?tag=eloabder-20&linkCode=osi&th=1&psc=1"><img src="https://m.media-amazon.com/images/I/41DVIB8+QVL._SL500_.jpg" alt="Product Image"></a><p>Hyland's Baby Mucus and Cold Relief, Daytime Baby Cold Medicine, Infant Cold and Cough Remedy, Decongestant, 4 Fluid Ounce</p><p>$7.01 ($1.75 / Fl Oz)</p><a href="https://www.amazon.com/dp/B01DZ0CN6A?tag=eloabder-20&linkCode=osi&th=1&psc=1">View Product</a></div>
<div class="product"><a href="https://www.amazon.com/dp/B0C21ZLQNC?tag=eloabder-20&linkCode=osi&th=1&psc=1"><img src="https://m.media-amazon.com/images/I/51mKzlUJ2mL._SL500_.jpg" alt="Product Image"></a><p>Physician's CHOICE Digestive Enzymes - Multi Enzymes, Organic Prebiotics & Probiotics for Digestive Health & Gut Health - Meal Time Discomfort Relief & Bloating - Dual Action Approach - 60 CT</p><p>$19.97 ($0.33 / Count)</p><a href="https://www.amazon.com/dp/B0C21ZLQNC?tag=eloabder-20&linkCode=osi&th=1&psc=1">View Product</a></div><div class="product"><a href="https://www.amazon.com/dp/B072YHM6S2?tag=eloabder-20&linkCode=osi&th=1&psc=1"><img src="https://m.media-amazon.com/images/I/41pyv2KOFDL._SL500_.jpg" alt="Product Image"></a><p>Zenwise Health Digestive Enzymes - Probiotic Multi Enzymes with Probiotics and Prebiotics for Digestive Health and Bloating Relief for Women and Men, Daily Enzymes for Gut and Digestion - 60 Count</p><p>$18.97 ($0.32 / Count)</p><a href="https://www.amazon.com/dp/B072YHM6S2?tag=eloabder-20&linkCode=osi&th=1&psc=1">View Product</a></div><div class="product"><a href="https://www.amazon.com/dp/B079H53D2B?tag=eloabder-20&linkCode=osi&th=1&psc=1"><img src="https://m.media-amazon.com/images/I/51Y4b2nfCYL._SL500_.jpg" alt="Product Image"></a><p>Physician's Choice Probiotics 60 Billion CFU - 10 Strains + Organic Prebiotics - Immune, Digestive & Gut Health - Supports Occasional Constipation, Diarrhea, Gas & Bloating - for Women & Men - 30ct</p><p>$23.97 ($0.80 / Count)</p><a href="https://www.amazon.com/dp/B079H53D2B?tag=eloabder-20&linkCode=osi&th=1&psc=1">View Product</a></div><div class="product"><a href="https://www.amazon.com/dp/B0007IQMVG?tag=eloabder-20&linkCode=osi&th=1&psc=1"><img src="https://m.media-amazon.com/images/I/41LbuIg0j9L._SL500_.jpg" alt="Product Image"></a><p>Digestive Advantage IBS Probiotics For Women and Men, Probiotics For Digestive Health & Intensive Bowel Support with Digestive Enzymes For Gut Health, Occasional Bloating & Immune Support, 96 Capsules</p><p>$23.18 ($0.24 / Count)</p><a href="https://www.amazon.com/dp/B0007IQMVG?tag=eloabder-20&linkCode=osi&th=1&psc=1">View Product</a></div><div class="product"><a href="https://www.amazon.com/dp/B012RFVHSO?tag=eloabder-20&linkCode=osi&th=1&psc=1"><img src="https://m.media-amazon.com/images/I/51As5g4VfnL._SL500_.jpg" alt="Product Image"></a><p>OLLY Probiotic + Prebiotic Gummy, Digestive Support and Gut Health, 500 Million CFUs, Fiber, Adult Chewable Supplement for Men and Women, Peach, 30 Day Supply - 30 Count</p><p>$12.49 ($0.42 / Count)</p><a href="https://www.amazon.com/dp/B012RFVHSO?tag=eloabder-20&linkCode=osi&th=1&psc=1">View Product</a></div><div class="product"><a href="https://www.amazon.com/dp/B01ND16K2I?tag=eloabder-20&linkCode=osi&th=1&psc=1"><img src="https://m.media-amazon.com/images/I/518cYvTBjlL._SL500_.jpg" alt="Product Image"></a><p>Digestive Advantage Probiotics For Digestive Health, Daily Probiotics For Women & Men, Supports Gut Health, Occasional Bloating & Diarrhea, Minor Abdominal Discomfort, & Immune Support, 80ct Capsules</p><p>$21.99 ($6.25 / Ounce)</p><a href="https://www.amazon.com/dp/B01ND16K2I?tag=eloabder-20&linkCode=osi&th=1&psc=1">View Product</a></div><div class="product"><a href="https://www.amazon.com/dp/B08Y66H6B7?tag=eloabder-20&linkCode=osi&th=1&psc=1"><img src="https://m.media-amazon.com/images/I/51zpwlruLzL._SL500_.jpg" alt="Product Image"></a><p>Culturelle Pro Strength Daily Probiotics For Digestive Health (2 Month Supply) with Prebiotics for Women & Men, Supports Occasional Diarrhea, Gas & Bloating, Gluten & Soy Free, 60 Count</p><p>$30.99 ($0.52 / Count)</p><a href="https://www.amazon.com/dp/B08Y66H6B7?tag=eloabder-20&linkCode=osi&th=1&psc=1">View Product</a></div><div class="product"><a href="https://www.amazon.com/dp/B0014CVXMW?tag=eloabder-20&linkCode=osi&th=1&psc=1"><img src="https://m.media-amazon.com/images/I/417nIjuQeVL._SL500_.jpg" alt="Product Image"></a><p>Nature's Bounty Acidophilus Probiotic, Daily Probiotic Supplement, Supports Digestive Health, 1 Pack, 120 Tablets</p><p>$7.74 ($0.06 / Count)</p><a href="https://www.amazon.com/dp/B0014CVXMW?tag=eloabder-20&linkCode=osi&th=1&psc=1">View Product</a></div><div class="product"><a href="https://www.amazon.com/dp/B001TH7K0G?tag=eloabder-20&linkCode=osi&th=1&psc=1"><img src="https://m.media-amazon.com/images/I/41nbiJxKRNL._SL500_.jpg" alt="Product Image"></a><p>Metamucil 3-in-1 Fiber Capsules, Daily Psyllium Husk Fiber Supplement, Fiber Capsules for Digestive Health, Plant-Based Psyllium Husk Fiber Capsules, #1 Doctor Recommended Fiber Brand, 300ct Capsules</p><p>$29.11 ($0.10 / Count)</p><a href="https://www.amazon.com/dp/B001TH7K0G?tag=eloabder-20&linkCode=osi&th=1&psc=1">View Product</a></div>
<div class="product"><a href="https://www.amazon.com/dp/B004PVLWW0?tag=eloabder-20&linkCode=osi&th=1&psc=1"><img src="https://m.media-amazon.com/images/I/41MNYerfHQL._SL500_.jpg" alt="Product Image"></a><p>DHT BLOCKER - Hair Growth Supplement for Genetic Thinning for Men and Women | Approved* by American Hair Loss Association | Guaranteed, Backed by 20 Years of Experience in Hair Loss Treatment Clinics</p><p>$43.90 ($0.37 / Count)</p><a href="https://www.amazon.com/dp/B004PVLWW0?tag=eloabder-20&linkCode=osi&th=1&psc=1">View Product</a></div><div class="product"><a href="https://www.amazon.com/dp/B00M6I5SNI?tag=eloabder-20&linkCode=osi&th=1&psc=1"><img src="https://m.media-amazon.com/images/I/51c0-S5TYBL._SL500_.jpg" alt="Product Image"></a><p>Rogaine Women's 5% Minoxidil Foam, Topical Once-A-Day Hair Loss Treatment for Women to Regrow Fuller, Thicker Hair, Unscented, 4-Month Supply, 2 x 2.11 oz</p><p>$47.28 ($22.41 / Ounce)</p><a href="https://www.amazon.com/dp/B00M6I5SNI?tag=eloabder-20&linkCode=osi&th=1&psc=1">View Product</a></div><div class="product"><a href="https://www.amazon.com/dp/B0012BNVE8?tag=eloabder-20&linkCode=osi&th=1&psc=1"><img src="https://m.media-amazon.com/images/I/51AbEqW79jL._SL500_.jpg" alt="Product Image"></a><p>Men's Rogaine 5% Minoxidil Topical Aerosol Hair Regrowth Treatment Foam, 3 Month Supply (Each Can 2.11 Ounce - 60 Gram)</p><p>$51.82 ($8.19 / Ounce)</p><a href="https://www.amazon.com/dp/B0012BNVE8?tag=eloabder-20&linkCode=osi&th=1&psc=1">View Product</a></div><div class="product"><a href="https://www.amazon.com/dp/B00M6I5SMY?tag=eloabder-20&linkCode=osi&th=1&psc=1"><img src="https://m.media-amazon.com/images/I/415RcmGI84L._SL500_.jpg" alt="Product Image"></a><p>Rogaine 5% Minoxidil Foam, Topical Once-A-Day Hair Loss Treatment for Women to Regrow Fuller, Thicker Hair, Unscented, 2-Month Supply, 2.11 oz</p><p>$28.26 ($13.39 / Ounce)</p><a href="https://www.amazon.com/dp/B00M6I5SMY?tag=eloabder-20&linkCode=osi&th=1&psc=1">View Product</a></div><div class="product"><a href="https://www.amazon.com/dp/B019ZZB3O2?tag=eloabder-20&linkCode=osi&th=1&psc=1"><img src="https://m.media-amazon.com/images/I/413jmbWcG3L._SL500_.jpg" alt="Product Image"></a><p>SugarbearPRO Hair Vitamin Extra Strength 6000mcg Biotin, Longer-Looking Hair Gummy for Women & Men,B12, MSM, Inositol, Omega 3, Elderberry, Growth, USA Patent Design, Kosher Halal Vegan 2 Month Supply</p><p>$38.99 ($0.65 / Count)</p><a href="https://www.amazon.com/dp/B019ZZB3O2?tag=eloabder-20&linkCode=osi&th=1&psc=1">View Product</a></div><div class="product"><a href="https://www.amazon.com/dp/B0000Y8H3S?tag=eloabder-20&linkCode=osi&th=1&psc=1"><img src="https://m.media-amazon.com/images/I/41HVx2izbyL._SL500_.jpg" alt="Product Image"></a><p>Men's Rogaine Extra Strength 5% Minoxidil Topical Solution for Thin Hair, Hair Loss Treatment to Regrow Fuller, Thicker Hair, 3-Month Supply, 3 x 2 fl. oz</p><p>$55.99 ($9.33 / Fl Oz)</p><a href="https://www.amazon.com/dp/B0000Y8H3S?tag=eloabder-20&linkCode=osi&th=1&psc=1">View Product</a></div><div class="product"><a href="https://www.amazon.com/dp/B08FGZSW8L?tag=eloabder-20&linkCode=osi&th=1&psc=1"><img src="https://m.media-amazon.com/images/I/41zpZ6a7pwL._SL500_.jpg" alt="Product Image"></a><p>WEEM Hair Skin and Nails Gummies - Supports healthy hair - Vegan biotin Vitamins for Women & Men Supports Faster Hair Growth, Stronger Nails, Healthy Skin, Extra Strength (1)</p><p>$29.95 ($0.50 / Count)</p><a href="https://www.amazon.com/dp/B08FGZSW8L?tag=eloabder-20&linkCode=osi&th=1&psc=1">View Product</a></div><div class="product"><a href="https://www.amazon.com/dp/B09LSLLF6M?tag=eloabder-20&linkCode=osi&th=1&psc=1"><img src="https://m.media-amazon.com/images/I/51KUcMGYOaL._SL500_.jpg" alt="Product Image"></a><p>Biotin and Collagen Vitamins + Keratin with Folate - Hair Loss Treatments for Women & Men - Hair, Skin and Nails Supplements for Hair Growth & Postpartum Support - GMO Free & Gluten Free (120 Caps)</p><p>$24.99 ($0.21 / Count)</p><a href="https://www.amazon.com/dp/B09LSLLF6M?tag=eloabder-20&linkCode=osi&th=1&psc=1">View Product</a></div><div class="product"><a href="https://www.amazon.com/dp/B00BMLOKHU?tag=eloabder-20&linkCode=osi&th=1&psc=1"><img src="https://m.media-amazon.com/images/I/41NZ8vQtHtL._SL500_.jpg" alt="Product Image"></a><p>Rogaine Women's 2% Minoxidil Topical Solution for Womens Hair Thinning and Loss & Hair Regrowth, 3-Month Supply, 4 Piece Set, Unscented, 6 Fl Oz</p><p>$56.35 ($9.39 / Fl Oz)</p><a href="https://www.amazon.com/dp/B00BMLOKHU?tag=eloabder-20&linkCode=osi&th=1&psc=1">View Product</a></div><div class="product"><a href="https://www.amazon.com/dp/B0BWZTV1V7?tag=eloabder-20&linkCode=osi&th=1&psc=1"><img src="https://m.media-amazon.com/images/I/41R4tp1Hq3L._SL500_.jpg" alt="Product Image"></a><p>Nature's Bounty Hair Growth Supplement, 1 Per Day, Clinically Shown to Support Thicker, Fuller Hair, with Biotin, Silicon & Arginine, 30 Capsules</p><p>$16.98 ($0.57 / Count)</p><a href="https://www.amazon.com/dp/B0BWZTV1V7?tag=eloabder-20&linkCode=osi&th=1&psc=1">View Product</a></div>
<div class="product"><a href="https://www.amazon.com/dp/B091NJQ29P?tag=eloabder-20&linkCode=osi&th=1&psc=1"><img src="https://m.media-amazon.com/images/I/31b6zrb8KuL._SL500_.jpg" alt="Product Image"></a><p>Good Molecules Yerba Mate Wake Up Eye Gel - Yerba Mate, Hyaluronic Acid and Caffeine to Hydrate, Minimize Puffiness and Swelling - Skincare for Face</p><p>$6.00 ($12.00 / Fl Oz)</p><a href="https://www.amazon.com/dp/B091NJQ29P?tag=eloabder-20&linkCode=osi&th=1&psc=1">View Product</a></div><div class="product"><a href="https://www.amazon.com/dp/B0BNLRSCRR?tag=eloabder-20&linkCode=osi&th=1&psc=1"><img src="https://m.media-amazon.com/images/I/41IMVQnA5uL._SL500_.jpg" alt="Product Image"></a><p>Blink Eye Drops for Dry Eyes, Triple Care Lubricant Eye Drops, Instantly Soothing, Moisturizing & Extra Long-Lasting Hydrating Eye Care for Moderate to Severe Dry Eye Symptom Relief, 0.34 fl oz</p><p>$12.37 ($36.38 / Fl Oz)</p><a href="https://www.amazon.com/dp/B0BNLRSCRR?tag=eloabder-20&linkCode=osi&th=1&psc=1">View Product</a></div><div class="product"><a href="https://www.amazon.com/dp/B08DG3C22G?tag=eloabder-20&linkCode=osi&th=1&psc=1"><img src="https://m.media-amazon.com/images/I/51NCnFVfYTL._SL500_.jpg" alt="Product Image"></a><p>Celor Under Eye Patches for Puffy Eyes and Dark Circles - Eye Masks with Amino Acids & Collagen, Eye Care for Wrinkles - Birthday Gift for Women - Skincare Self Care - USA Tested (20 Pairs)</p><p>$9.99 ($0.50 / Count)</p><a href="https://www.amazon.com/dp/B08DG3C22G?tag=eloabder-20&linkCode=osi&th=1&psc=1">View Product</a></div><div class="product"><a href="https://www.amazon.com/dp/B07BVYZL88?tag=eloabder-20&linkCode=osi&th=1&psc=1"><img src="https://m.media-amazon.com/images/I/41Nyltw77SL._SL500_.jpg" alt="Product Image"></a><p>LUMIFY Redness Reliever Eye Drops 0.25 Ounce (7.5mL)</p><p>$21.48 ($84.90 / Fl Oz)</p><a href="https://www.amazon.com/dp/B07BVYZL88?tag=eloabder-20&linkCode=osi&th=1&psc=1">View Product</a></div><div class="product"><a href="https://www.amazon.com/dp/B00CWY8O1O?tag=eloabder-20&linkCode=osi&th=1&psc=1"><img src="https://m.media-amazon.com/images/I/41GAeXziMYL._SL500_.jpg" alt="Product Image"></a><p>RoC Multi Correxion 5 in 1 Anti-Aging Eye Cream for Puffiness, Under Eye Bags & Dark Circles, Skin Care Treatment with Shea Butter, (.5 oz) with Night Cream Packette (Packaging May Vary)</p><p>$18.80 ($37.60 / Fl Oz)</p><a href="https://www.amazon.com/dp/B00CWY8O1O?tag=eloabder-20&linkCode=osi&th=1&psc=1">View Product</a></div><div class="product"><a href="https://www.amazon.com/dp/B0B1MFMS7W?tag=eloabder-20&linkCode=osi&th=1&psc=1"><img src="https://m.media-amazon.com/images/I/41BGKrFfFxL._SL500_.jpg" alt="Product Image"></a><p>CorneaCare Rest: Self Heating Warm Compress for Eyes | Heated Eye Mask for Fast Relief of Dry Eyes | No Microwave Needed | Eye Treatment Products for Dry Eye Relief | 30 Count | FSA & HSA Eligible</p><p>$35.00 ($1.17 / Count)</p><a href="https://www.amazon.com/dp/B0B1MFMS7W?tag=eloabder-20&linkCode=osi&th=1&psc=1">View Product</a></div><div class="product"><a href="https://www.amazon.com/dp/B0CQ2VBK8M?tag=eloabder-20&linkCode=osi&th=1&psc=1"><img src="https://m.media-amazon.com/images/I/61yjNxVwmgL._SL500_.jpg" alt="Product Image"></a><p>Under Eye Patches for Dark Circles and Puffy Eyes (30 Pairs), Marine Collagen Eye Gel Pads for Puffiness with Vitamin C, Hyaluronic Acid, and Pearl Extract, Eye Mask for Dark Circles and Puffiness</p><p>$19.95 ($0.66 / Count)</p><a href="https://www.amazon.com/dp/B0CQ2VBK8M?tag=eloabder-20&linkCode=osi&th=1&psc=1">View Product</a></div>
<div class="product"><a href="https://www.amazon.com/dp/B072N7WRHS?tag=eloabder-20&linkCode=osi&th=1&psc=1"><img src="https://m.media-amazon.com/images/I/413f-GdLNQL._SL500_.jpg" alt="Product Image"></a><p>Renu Contact Lens Solution Advanced Formula Multipurpose Lens Cleaner for Eye Contacts, Cleaning, Moisturizing and Disinfecting Care for Soft & Silicon Hydrogel Lenses, 12 Fl Oz (Pack of 2)</p><p>$14.96 ($0.62 / Fl Oz)</p><a href="https://www.amazon.com/dp/B072N7WRHS?tag=eloabder-20&linkCode=osi&th=1&psc=1">View Product</a></div><div class="product"><a href="https://www.amazon.com/dp/B09WRB83MX?tag=eloabder-20&linkCode=osi&th=1&psc=1"><img src="https://m.media-amazon.com/images/I/418Hy6lumfL._SL500_.jpg" alt="Product Image"></a><p>Biotrue Hydration Plus Contact Lens Solution, Multi-Purpose Solution for Soft Contact Lenses, Lens Case Included, 10 FL OZ (Pack of 2)</p><p>$18.99 ($0.95 / Fl Oz)</p><a href="https://www.amazon.com/dp/B09WRB83MX?tag=eloabder-20&linkCode=osi&th=1&psc=1">View Product</a></div><div class="product"><a href="https://www.amazon.com/dp/B00EALX660?tag=eloabder-20&linkCode=osi&th=1&psc=1"><img src="https://m.media-amazon.com/images/I/51nm-B778HL._SL500_.jpg" alt="Product Image"></a><p>Bausch & Lomb Sensitive Eyes Contact Lens Solution, Sensitive Eyes Solution for Soft Contact & Gas Permeable Lenses, Saline Solution with Potassium, 12 Fl Oz (Pack of 2)</p><p>$6.99 ($0.29 / Fl Oz)</p><a href="https://www.amazon.com/dp/B00EALX660?tag=eloabder-20&linkCode=osi&th=1&psc=1">View Product</a></div><div class="product"><a href="https://www.amazon.com/dp/B086TPW1WP?tag=eloabder-20&linkCode=osi&th=1&psc=1"><img src="https://m.media-amazon.com/images/I/51qNhUL2EvL._SL500_.jpg" alt="Product Image"></a><p>Renu Contact Lens Solution Multipurpose Disinfectant, Advanced Formula Lens Cleaner, Cleans & Moisturizes Soft & Silicon Hydrogel Lenses, Multi-Pack 16 Fl Oz (Pack of 2) + 2 Fl Oz Travel Size</p><p>$19.99 ($0.59 / Ounce)</p><a href="https://www.amazon.com/dp/B086TPW1WP?tag=eloabder-20&linkCode=osi&th=1&psc=1">View Product</a></div><div class="product"><a href="https://www.amazon.com/dp/B010GD3NUY?tag=eloabder-20&linkCode=osi&th=1&psc=1"><img src="https://m.media-amazon.com/images/I/51J4K0ac2IL._SL500_.jpg" alt="Product Image"></a><p>Clear Care Plus Cleaning Solution with Lens Case, Twin Pack, Multi, 12 Oz, Pack of 2</p><p>$17.49 ($0.73 / Fl Oz)</p><a href="https://www.amazon.com/dp/B010GD3NUY?tag=eloabder-20&linkCode=osi&th=1&psc=1">View Product</a></div><div class="product"><a href="https://www.amazon.com/dp/B072N7WNTK?tag=eloabder-20&linkCode=osi&th=1&psc=1"><img src="https://m.media-amazon.com/images/I/4109e6u0vfL._SL500_.jpg" alt="Product Image"></a><p>Renu Contact Lens Solution Multipurpose Disinfectant, Advanced Formula Lens Cleaner, Cleans & Moisturizes Soft & Silicon Hydrogel Lenses, 12 Fl Oz</p><p>$8.58 ($0.72 / Fl Oz)</p><a href="https://www.amazon.com/dp/B072N7WNTK?tag=eloabder-20&linkCode=osi&th=1&psc=1">View Product</a></div><div class="product"><a href="https://www.amazon.com/dp/B001V9QLYI?tag=eloabder-20&linkCode=osi&th=1&psc=1"><img src="https://m.media-amazon.com/images/I/41LQd8ELOOL._SL500_.jpg" alt="Product Image"></a><p>Boston Advance Contact Lens Solution by Bausch+ Lomb, for Gas Permeable Contact Lenses, 1 Fl Oz (Packaging May Vary)</p><p>$9.48</p><a href="https://www.amazon.com/dp/B001V9QLYI?tag=eloabder-20&linkCode=osi&th=1&psc=1">View Product</a></div><div class="product"><a href="https://www.amazon.com/dp/B001LFF5WG?tag=eloabder-20&linkCode=osi&th=1&psc=1"><img src="https://m.media-amazon.com/images/I/41yeo4z2YQL._SL500_.jpg" alt="Product Image"></a><p>Boston Simplus Contact Lens Solution, for Gas Permeable Contact Lenses, 3.5 Fl Oz</p><p>$9.58 ($2.74 / Fl Oz)</p><a href="https://www.amazon.com/dp/B001LFF5WG?tag=eloabder-20&linkCode=osi&th=1&psc=1">View Product</a></div><div class="product"><a href="https://www.amazon.com/dp/B018KC4G2C?tag=eloabder-20&linkCode=osi&th=1&psc=1"><img src="https://m.media-amazon.com/images/I/41f3UfFJoWL._SL500_.jpg" alt="Product Image"></a><p>Biotrue Contact Lens Solution, Multi-Purpose Solution for Soft Contact Lenses, Lens Case Included, 2 FL OZ</p><p>$3.43 ($1.72 / Fl Oz)</p><a href="https://www.amazon.com/dp/B018KC4G2C?tag=eloabder-20&linkCode=osi&th=1&psc=1">View Product</a></div><div class="product"><a href="https://www.amazon.com/dp/B01DP74HR6?tag=eloabder-20&linkCode=osi&th=1&psc=1"><img src="https://m.media-amazon.com/images/I/41262O5xYEL._SL500_.jpg" alt="Product Image"></a><p>Biotrue Contact Lens Solution, Multi-Purpose Solution for Soft Contact Lenses, Lens Case Included, 4 FL OZ</p><p>$4.86 ($1.22 / Fl Oz)</p><a href="https://www.amazon.com/dp/B01DP74HR6?tag=eloabder-20&linkCode=osi&th=1&psc=1">View Product</a></div>
<div class="product"><a href="https://www.amazon.com/dp/B09XW9LBLF?tag=eloabder-20&linkCode=osi&th=1&psc=1"><img src="https://m.media-amazon.com/images/I/51n47pJYTJL._SL500_.jpg" alt="Product Image"></a><p>Arm & Hammer Simply Saline Daily Care Nasal Mist 4.4oz, Saline Nasal Spray, Drug-Free, 3-Pack</p><p>$13.67 ($1.04 / Ounce)</p><a href="https://www.amazon.com/dp/B09XW9LBLF?tag=eloabder-20&linkCode=osi&th=1&psc=1">View Product</a></div><div class="product"><a href="https://www.amazon.com/dp/B088WMFYMJ?tag=eloabder-20&linkCode=osi&th=1&psc=1"><img src="https://m.media-amazon.com/images/I/517b8NFQwCL._SL500_.jpg" alt="Product Image"></a><p>Flonase Allergy Relief Nasal Spray, 24 Hour Non Drowsy Allergy Medicine, Metered Nasal Spray - 72 Sprays - Fall and Seasonal Allergy Relief</p><p>$17.48 ($46.00 / Fl Oz)</p><a href="https://www.amazon.com/dp/B088WMFYMJ?tag=eloabder-20&linkCode=osi&th=1&psc=1">View Product</a></div><div class="product"><a href="https://www.amazon.com/dp/B082DMRQRK?tag=eloabder-20&linkCode=osi&th=1&psc=1"><img src="https://m.media-amazon.com/images/I/51Jdsg2qhIL._SL500_.jpg" alt="Product Image"></a><p>HealthA2Z® Fluticasone Propionate Nasal Sprays | Allery Relief Spray | Runny Nose | Nasal Congestion | Sneezing | Itchy Watery Eyes | 24 Hour Allergy Relief | (2 Packs)</p><p>$24.75 ($22.92 / Fl Oz)</p><a href="https://www.amazon.com/dp/B082DMRQRK?tag=eloabder-20&linkCode=osi&th=1&psc=1">View Product</a></div><div class="product"><a href="https://www.amazon.com/dp/B0B59NJFNX?tag=eloabder-20&linkCode=osi&th=1&psc=1"><img src="https://m.media-amazon.com/images/I/51RAk5kegDL._SL500_.jpg" alt="Product Image"></a><p>Astepro Nasal Spray, 24-Hour Allergy Relief, Steroid-Free Antihistamine, Nasal Congestion, Runny & Itchy Nose, For Adults and Children 6 Years and Older, 200 Metered Sprays (1 Bottle)</p><p>$34.95 ($34.60 / Fl Oz)</p><a href="https://www.amazon.com/dp/B0B59NJFNX?tag=eloabder-20&linkCode=osi&th=1&psc=1">View Product</a></div><div class="product"><a href="https://www.amazon.com/dp/B08ZF4QDKG?tag=eloabder-20&linkCode=osi&th=1&psc=1"><img src="https://m.media-amazon.com/images/I/41QbiS5l98L._SL500_.jpg" alt="Product Image"></a><p>Amazon Basic Care Maximum Strength 12 Hour Nasal Spray, Oxymetazoline HCl Solution, Congestion Relief, Cold and Allergy Medicine, Decongestant, 1 Fl Oz (Pack of 1)</p><p>$3.99</p><a href="https://www.amazon.com/dp/B08ZF4QDKG?tag=eloabder-20&linkCode=osi&th=1&psc=1">View Product</a></div><div class="product"><a href="https://www.amazon.com/dp/B098PY8KGP?tag=eloabder-20&linkCode=osi&th=1&psc=1"><img src="https://m.media-amazon.com/images/I/41BksBu+y6L._SL500_.jpg" alt="Product Image"></a><p>Amazon Basic Care 24-Hour Allergy Relief Nasal Spray, Fluticasone Propionate (Glucocorticoid), 50 mcg, Full Prescription Strength, Non-Drowsy, 0.62 fl oz (Pack of 1)</p><p>$13.11 ($21.15 / Fl Oz)</p><a href="https://www.amazon.com/dp/B098PY8KGP?tag=eloabder-20&linkCode=osi&th=1&psc=1">View Product</a></div><div class="product"><a href="https://www.amazon.com/dp/B07MLTLN74?tag=eloabder-20&linkCode=osi&th=1&psc=1"><img src="https://m.media-amazon.com/images/I/41sFNiAjpkL._SL500_.jpg" alt="Product Image"></a><p>Amazon Basic Care No Drip Severe Congestion Nasal Pump Mist Spray, 12 Hour Relief, Oxymetazoline HCl, Maximum Strength Plus Menthol, Steroid Free, 1 fl oz (Pack of 1)</p><p>$6.99</p><a href="https://www.amazon.com/dp/B07MLTLN74?tag=eloabder-20&linkCode=osi&th=1&psc=1">View Product</a></div><div class="product"><a href="https://www.amazon.com/dp/B07MLTLN75?tag=eloabder-20&linkCode=osi&th=1&psc=1"><img src="https://m.media-amazon.com/images/I/41g+3os1psL._SL500_.jpg" alt="Product Image"></a><p>Amazon Basic Care No Drip Nasal Spray, 12 Hour Nasal Decongestant, Pump Mist, Oxymetazoline HCl, Cold and Allergy Nasal Spray, 1 fl oz (Pack of 1)</p><p>$5.79</p><a href="https://www.amazon.com/dp/B07MLTLN75?tag=eloabder-20&linkCode=osi&th=1&psc=1">View Product</a></div><div class="product"><a href="https://www.amazon.com/dp/B09J19Q189?tag=eloabder-20&linkCode=osi&th=1&psc=1"><img src="https://m.media-amazon.com/images/I/513rHNbyUxL._SL500_.jpg" alt="Product Image"></a><p>Flonase Allergy Relief Nasal Spray, 24-Hour Non-Drowsy Multi-Symptom Relief - 72 Sprays plus Bonus Pack of Tissues</p><p>$17.49</p><a href="https://www.amazon.com/dp/B09J19Q189?tag=eloabder-20&linkCode=osi&th=1&psc=1">View Product</a></div>
<div class="product"><a href="https://www.amazon.com/dp/B001FWXKTA?tag=eloabder-20&linkCode=osi&th=1&psc=1"><img src="https://m.media-amazon.com/images/I/31Rb8V-nAVL._SL500_.jpg" alt="Product Image"></a><p>Vicks Warm Mist Humidifier Small to Large Room for Baby, Kids and Adults, 1 Gallon Tank</p><p>$42.99</p><a href="https://www.amazon.com/dp/B001FWXKTA?tag=eloabder-20&linkCode=osi&th=1&psc=1">View Product</a></div>



<div class="product"><a href="https://www.amazon.com/dp/B01NCMJPOQ?tag=eloabder-20&linkCode=osi&th=1&psc=1"><img src="https://m.media-amazon.com/images/I/413cE2SHNeL._SL500_.jpg" alt="Product Image"></a><p>Lee Beauty Professional Callus Remover for Feet - Original, Powerful Formulation - Extra Strength Gel, Home Pedicure Foot Spa Results - Cracked & Dead Dry Skin Supplies - 8 Oz</p><p>$14.99 ($1.87 / Ounce)</p><a href="https://www.amazon.com/dp/B01NCMJPOQ?tag=eloabder-20&linkCode=osi&th=1&psc=1">View Product</a></div><div class="product"><a href="https://www.amazon.com/dp/B07Z6CG253?tag=eloabder-20&linkCode=osi&th=1&psc=1"><img src="https://m.media-amazon.com/images/I/41pgtZmmDcL._SL500_.jpg" alt="Product Image"></a><p>Okay Himalayan Pink Salt Detoxifying Foot Soak With & Tea Tree Oil, lavender, 20 Ounce</p><p>$9.99 ($0.50 / Ounce)</p><a href="https://www.amazon.com/dp/B07Z6CG253?tag=eloabder-20&linkCode=osi&th=1&psc=1">View Product</a></div><div class="product"><a href="https://www.amazon.com/dp/B07HRYCWQZ?tag=eloabder-20&linkCode=osi&th=1&psc=1"><img src="https://m.media-amazon.com/images/I/41foQatg2ZL._SL500_.jpg" alt="Product Image"></a><p>Extra Strength Callus Remover for Feet - Callus Remover Gel Foot Scrubber for Dead Skin - Professional Pedicure Foot Spa Essential, 6oz</p><p>$8.95</p><a href="https://www.amazon.com/dp/B07HRYCWQZ?tag=eloabder-20&linkCode=osi&th=1&psc=1">View Product</a></div><div class="product"><a href="https://www.amazon.com/dp/B00LE99PA2?tag=eloabder-20&linkCode=osi&th=1&psc=1"><img src="https://m.media-amazon.com/images/I/518ViTgYdGL._SL500_.jpg" alt="Product Image"></a><p>Amopé Pedi Perfect Electric Callus Remover Foot File w/ Diamond Crystals, Pedicure Tool for Feet, Removes Hard & Dead Skin, Feet Scrubber & Buffer, Splashproof, w/ Extra Coarse Roller Head, 1 Count</p><p>$19.88</p><a href="https://www.amazon.com/dp/B00LE99PA2?tag=eloabder-20&linkCode=osi&th=1&psc=1">View Product</a></div><div class="product"><a href="https://www.amazon.com/dp/B09NF6QX1G?tag=eloabder-20&linkCode=osi&th=1&psc=1"><img src="https://m.media-amazon.com/images/I/41HuNW0tjuL._SL500_.jpg" alt="Product Image"></a><p>Nervive Nerve Care, Pain Relieving Roll On Liquid, Max Strength No-Mess Topical Pain Reliever with Lidocaine and Menthol for Toes, Feet, Fingers, Hands, Legs & Arms, 2.5oz</p><p>$11.28 ($4.51 / Ounce)</p><a href="https://www.amazon.com/dp/B09NF6QX1G?tag=eloabder-20&linkCode=osi&th=1&psc=1">View Product</a></div>
<div class="product"><a href="https://www.amazon.com/dp/B004D24818?tag=eloabder-20&linkCode=osi&th=1&psc=1"><img src="https://m.media-amazon.com/images/I/41bHH-v8WsL._SL500_.jpg" alt="Product Image"></a><p>Neutrogena Retinol Eye Cream for Dark Circles, Rapid Wrinkle Repair, Daily Anti-Aging Under Eye Cream with Retinol & Hyaluronic Acid to Fight Fine Lines, Wrinkles, & Dark Spots, 0.5 fl. oz</p><p>$17.55 ($35.10 / Fl Oz)</p><a href="https://www.amazon.com/dp/B004D24818?tag=eloabder-20&linkCode=osi&th=1&psc=1">View Product</a></div><div class="product"><a href="https://www.amazon.com/dp/B01D1DR514?tag=eloabder-20&linkCode=osi&th=1&psc=1"><img src="https://m.media-amazon.com/images/I/31xMIASoSRL._SL500_.jpg" alt="Product Image"></a><p>e.l.f. SKIN Holy Hydration! Eye Cream, Rich Hydrating Eye Cream For Minimizing Dark Circles, Infused With Hyaluronic Acid, Vegan & Cruelty-free</p><p>$10.00 ($18.87 / Ounce)</p><a href="https://www.amazon.com/dp/B01D1DR514?tag=eloabder-20&linkCode=osi&th=1&psc=1">View Product</a></div><div class="product"><a href="https://www.amazon.com/dp/B0CRM6KKK5?tag=eloabder-20&linkCode=osi&th=1&psc=1"><img src="https://m.media-amazon.com/images/I/21nz5wmE0lL._SL500_.jpg" alt="Product Image"></a><p>Eight Saints Wonder-fill Plumping Eye Cream, Natural and Organic Anti Aging Under Eye Cream to Plump Skin, Reduce Wrinkles, Fine Lines, and Under Eye Bags, Dark Circles Under Eye Treatment, 0.5 Ounces</p><p>$38.00 ($76.00 / Ounce)</p><a href="https://www.amazon.com/dp/B0CRM6KKK5?tag=eloabder-20&linkCode=osi&th=1&psc=1">View Product</a></div>


<div class="product"><a href="https://www.amazon.com/dp/B099J2SWXV?tag=eloabder-20&linkCode=osi&th=1&psc=1"><img src="https://m.media-amazon.com/images/I/51XFs0dRjpL._SL500_.jpg" alt="Product Image"></a><p>Dymatize ISO100 Hydrolyzed Protein Powder, 100% Whey Isolate Protein, 25g of Protein, 5.5g BCAAs, Gluten Free, Fast Absorbing, Easy Digesting, Gourmet Vanilla, 20 servings</p><p>$27.96 ($1.30 / Ounce)</p><a href="https://www.amazon.com/dp/B099J2SWXV?tag=eloabder-20&linkCode=osi&th=1&psc=1">View Product</a></div><div class="product"><a href="https://www.amazon.com/dp/B000QSNYGI?tag=eloabder-20&linkCode=osi&th=1&psc=1"><img src="https://m.media-amazon.com/images/I/418FT93kkzL._SL500_.jpg" alt="Product Image"></a><p>Optimum Nutrition Gold Standard 100% Whey Protein Powder, Double Rich Chocolate, 5 Pound (Packaging May Vary)</p><p>$73.33 ($0.92 / Ounce)</p><a href="https://www.amazon.com/dp/B000QSNYGI?tag=eloabder-20&linkCode=osi&th=1&psc=1">View Product</a></div><div class="product"><a href="https://www.amazon.com/dp/B013MRPPL6?tag=eloabder-20&linkCode=osi&th=1&psc=1"><img src="https://m.media-amazon.com/images/I/51fmY5QAcGL._SL500_.jpg" alt="Product Image"></a><p>Equip Foods Prime Protein - Grass Fed Beef Protein Powder Isolate - Paleo and Keto Friendly, Gluten Free Carnivore Protein Powder - Chocolate, 1.7 Pounds - Helps Build and Repair Tissue</p><p>$67.99 ($2.50 / Ounce)</p><a href="https://www.amazon.com/dp/B013MRPPL6?tag=eloabder-20&linkCode=osi&th=1&psc=1">View Product</a></div><div class="product"><a href="https://www.amazon.com/dp/B00J074W7Q?tag=eloabder-20&linkCode=osi&th=1&psc=1"><img src="https://m.media-amazon.com/images/I/417tUIFuGVL._SL500_.jpg" alt="Product Image"></a><p>Orgain Organic Vegan Protein Powder, Vanilla Bean - 21g Plant Protein, 4g Prebiotic Fiber, No Lactose Ingredients, No Added Sugar, Non-GMO, For Shakes & Smoothies, 2.03 lb (Packaging May Vary)</p><p>$26.34 ($0.81 / Ounce)</p><a href="https://www.amazon.com/dp/B00J074W7Q?tag=eloabder-20&linkCode=osi&th=1&psc=1">View Product</a></div><div class="product"><a href="https://www.amazon.com/dp/B06Y5ZG66K?tag=eloabder-20&linkCode=osi&th=1&psc=1"><img src="https://m.media-amazon.com/images/I/51Lyzdfa4oL._SL500_.jpg" alt="Product Image"></a><p>Premier Protein Powder, Chocolate Milkshake, 30g Protein, 1g Sugar, 100% Whey Protein, Keto Friendly, No Soy Ingredients, Gluten Free, 17 Servings, 23.9 Ounce (Pack of 1)</p><p>$25.18 ($1.03 / Ounce)</p><a href="https://www.amazon.com/dp/B06Y5ZG66K?tag=eloabder-20&linkCode=osi&th=1&psc=1">View Product</a></div><div class="product"><a href="https://www.amazon.com/dp/B0BJLBD427?tag=eloabder-20&linkCode=osi&th=1&psc=1"><img src="https://m.media-amazon.com/images/I/51YnBZqOwCL._SL500_.jpg" alt="Product Image"></a><p>Body Fortress Super Advanced Whey Protein Powder, Chocolate, Immune Support (1), Vitamins C & D Plus Zinc, 1.78 lbs (Packaging May Vary)</p><p>$22.98 ($0.81 / Ounce)</p><a href="https://www.amazon.com/dp/B0BJLBD427?tag=eloabder-20&linkCode=osi&th=1&psc=1">View Product</a></div><div class="product"><a href="https://www.amazon.com/dp/B07PXNNFGT?tag=eloabder-20&linkCode=osi&th=1&psc=1"><img src="https://m.media-amazon.com/images/I/51Fw9Wm0sGL._SL500_.jpg" alt="Product Image"></a><p>Orgain Organic Vegan Protein + 50 Superfoods Powder, Vanilla Bean - 21g Plant Based Protein, 8g Prebiotic Fiber, No Lactose Ingredients, Gluten Free, No Added Sugar, Non-GMO, 2.02 lb</p><p>$29.99 ($0.93 / Ounce)</p><a href="https://www.amazon.com/dp/B07PXNNFGT?tag=eloabder-20&linkCode=osi&th=1&psc=1">View Product</a></div><div class="product"><a href="https://www.amazon.com/dp/B00EACSHF4?tag=eloabder-20&linkCode=osi&th=1&psc=1"><img src="https://m.media-amazon.com/images/I/41D4SI8q0mL._SL500_.jpg" alt="Product Image"></a><p>Dymatize Elite 100% Whey Protein Powder, 25g Protein, 5.5g BCAAs & 2.7g L-Leucine, Quick Absorbing & Fast Digesting for Optimal Muscle Recovery, Gourmet Vanilla, 5 Pound, 67 Servings</p><p>$67.49 ($0.84 / Ounce)</p><a href="https://www.amazon.com/dp/B00EACSHF4?tag=eloabder-20&linkCode=osi&th=1&psc=1">View Product</a></div><div class="product"><a href="https://www.amazon.com/dp/B00J074W94?tag=eloabder-20&linkCode=osi&th=1&psc=1"><img src="https://m.media-amazon.com/images/I/41jXWg1fe6L._SL500_.jpg" alt="Product Image"></a><p>Orgain Organic Vegan Protein Powder, Creamy Chocolate Fudge - 21g Plant Protein, 7g Prebiotic Fiber, Low Net Carb, No Lactose Ingredients, No Added Sugar, Non-GMO, For Shakes & Smoothies, 2.03 lb</p><p>$30.49 ($0.94 / Ounce)</p><a href="https://www.amazon.com/dp/B00J074W94?tag=eloabder-20&linkCode=osi&th=1&psc=1">View Product</a></div><div class="product"><a href="https://www.amazon.com/dp/B002DYIZHG?tag=eloabder-20&linkCode=osi&th=1&psc=1"><img src="https://m.media-amazon.com/images/I/41JLcuooSqL._SL500_.jpg" alt="Product Image"></a><p>Optimum Nutrition Gold Standard 100% Whey Protein Powder, Extreme Milk Chocolate, 2 Pound (Pack of 1) (Packaging May Vary)</p><p>$35.47 ($1.11 / Ounce)</p><a href="https://www.amazon.com/dp/B002DYIZHG?tag=eloabder-20&linkCode=osi&th=1&psc=1">View Product</a></div>
<div class="product"><a href="https://www.amazon.com/dp/B019GU4ILQ?tag=eloabder-20&linkCode=osi&th=1&psc=1"><img src="https://m.media-amazon.com/images/I/51QLnQIgtZL._SL500_.jpg" alt="Product Image"></a><p>Nuun Sport Electrolyte Tablets for Proactive Hydration, Mixed Citrus Berry Flavors, 4 Pack (40 Servings)</p><p>$21.80 ($0.54 / Count)</p><a href="https://www.amazon.com/dp/B019GU4ILQ?tag=eloabder-20&linkCode=osi&th=1&psc=1">View Product</a></div><div class="product"><a href="https://www.amazon.com/dp/B07DX89ZHN?tag=eloabder-20&linkCode=osi&th=1&psc=1"><img src="https://m.media-amazon.com/images/I/41INqodQzYL._SL500_.jpg" alt="Product Image"></a><p>Sports Research Triple Strength Omega 3 Fish Oil - Burpless Fish Oil Supplement w/EPA & DHA Fatty Acids from Single-Source Wild Alaska Pollock - 1250 mg, 90 ct</p><p>$26.95 ($0.30 / Count)</p><a href="https://www.amazon.com/dp/B07DX89ZHN?tag=eloabder-20&linkCode=osi&th=1&psc=1">View Product</a></div><div class="product"><a href="https://www.amazon.com/dp/B0892R2K3P?tag=eloabder-20&linkCode=osi&th=1&psc=1"><img src="https://m.media-amazon.com/images/I/41Ru5Hoi+JL._SL500_.jpg" alt="Product Image"></a><p>BARE PERFORMANCE NUTRITION, BPN G.1.M Go One More Sport, Endurance Training Fuel, Fruit Punch, Superior Carbohydrate Source & Electrolyte Formula, Reduce Fatigue, 25 Servings</p><p>$39.99 ($1.92 / Ounce)</p><a href="https://www.amazon.com/dp/B0892R2K3P?tag=eloabder-20&linkCode=osi&th=1&psc=1">View Product</a></div><div class="product"><a href="https://www.amazon.com/dp/B000GISTZ4?tag=eloabder-20&linkCode=osi&th=1&psc=1"><img src="https://m.media-amazon.com/images/I/41oF8bNCKHL._SL500_.jpg" alt="Product Image"></a><p>Optimum Nutrition Gold Standard 100% Whey Protein Powder, Vanilla Ice Cream, 2 Pound (Pack of 1) (Packaging May Vary)</p><p>$35.34 ($1.10 / Ounce)</p><a href="https://www.amazon.com/dp/B000GISTZ4?tag=eloabder-20&linkCode=osi&th=1&psc=1">View Product</a></div><div class="product"><a href="https://www.amazon.com/dp/B0CCJZVJYG?tag=eloabder-20&linkCode=osi&th=1&psc=1"><img src="https://m.media-amazon.com/images/I/41tfAgk2pvL._SL500_.jpg" alt="Product Image"></a><p>Sports Research Creatine Monohydrate - Gain Lean Muscle, Improve Performance and Strength and Support Workout Recovery - 5 g Micronized Creatine - 1.1LBS</p><p>$27.95 ($1.58 / Ounce)</p><a href="https://www.amazon.com/dp/B0CCJZVJYG?tag=eloabder-20&linkCode=osi&th=1&psc=1">View Product</a></div><div class="product"><a href="https://www.amazon.com/dp/B0BSNZLT17?tag=eloabder-20&linkCode=osi&th=1&psc=1"><img src="https://m.media-amazon.com/images/I/41nQChd8nGL._SL500_.jpg" alt="Product Image"></a><p>Animal Pak - Convenient All-in-One Vitamin & Supplement Pack - Zinc, Vitamins C, B, D, Amino Acids and More - Sports Nutrition Performance Mulitvitamin for Women & Men - Updated Version - 44 Count</p><p>$39.94 ($0.91 / Count)</p><a href="https://www.amazon.com/dp/B0BSNZLT17?tag=eloabder-20&linkCode=osi&th=1&psc=1">View Product</a></div><div class="product"><a href="https://www.amazon.com/dp/B002DYIZEE?tag=eloabder-20&linkCode=osi&th=1&psc=1"><img src="https://m.media-amazon.com/images/I/41bCZ4N2pdL._SL500_.jpg" alt="Product Image"></a><p>Optimum Nutrition Micronized Creatine Monohydrate Powder, Unflavored, Keto Friendly, 60 Servings (Packaging May Vary)</p><p>$20.45 ($1.93 / Ounce)</p><a href="https://www.amazon.com/dp/B002DYIZEE?tag=eloabder-20&linkCode=osi&th=1&psc=1">View Product</a></div><div class="product"><a href="https://www.amazon.com/dp/B0013OWAB4?tag=eloabder-20&linkCode=osi&th=1&psc=1"><img src="https://m.media-amazon.com/images/I/41rmB5rTj8L._SL500_.jpg" alt="Product Image"></a><p>NOW Sports Nutrition, Whey Protein Isolate, 25 g With BCAAs, Unflavored Powder, 1.2-Pound</p><p>$28.95 ($1.51 / Ounce)</p><a href="https://www.amazon.com/dp/B0013OWAB4?tag=eloabder-20&linkCode=osi&th=1&psc=1">View Product</a></div><div class="product"><a href="https://www.amazon.com/dp/B001LXMUW6?tag=eloabder-20&linkCode=osi&th=1&psc=1"><img src="https://m.media-amazon.com/images/I/413hbtz4hkL._SL500_.jpg" alt="Product Image"></a><p>NOW Sports Nutrition, ZMA (Zinc, Magnesium and Vitamin B-6), Enhanced Absorption, Sports Recovery*, 180 Capsules</p><p>$24.53 ($0.14 / Count)</p><a href="https://www.amazon.com/dp/B001LXMUW6?tag=eloabder-20&linkCode=osi&th=1&psc=1">View Product</a></div><div class="product"><a href="https://www.amazon.com/dp/B07BVJ858K?tag=eloabder-20&linkCode=osi&th=1&psc=1"><img src="https://m.media-amazon.com/images/I/510iuVavSBL._SL500_.jpg" alt="Product Image"></a><p>C4 Ripped Sport Pre Workout Powder Arctic Snow Cone - NSF Certified for Sport + Sugar Free Preworkout Energy Supplement for Men & Women - 135mg Caffeine + Weight Loss - 30 Servings</p><p>$22.94 ($2.64 / Ounce)</p><a href="https://www.amazon.com/dp/B07BVJ858K?tag=eloabder-20&linkCode=osi&th=1&psc=1">View Product</a></div>
<div class="product"><a href="https://www.amazon.com/dp/B078SJH4V3?tag=eloabder-20&linkCode=osi&th=1&psc=1"><img src="https://m.media-amazon.com/images/I/41Jdxoi2qyL._SL500_.jpg" alt="Product Image"></a><p>Turmeric Curcumin with BioPerine & Ginger 95% Curcuminoids 1950mg - Black Pepper Extract for Max Absorption, Nature's Joint Support Supplement, Herbal Turmeric Pills, Vegan Non-GMO - 60 Capsules</p><p>$12.82 ($0.21 / Count)</p><a href="https://www.amazon.com/dp/B078SJH4V3?tag=eloabder-20&linkCode=osi&th=1&psc=1">View Product</a></div><div class="product"><a href="https://www.amazon.com/dp/B01NCUJPBF?tag=eloabder-20&linkCode=osi&th=1&psc=1"><img src="https://m.media-amazon.com/images/I/418t59tc2oL._SL500_.jpg" alt="Product Image"></a><p>Liver Cleanse and Detox & Repair Formula - Herbal Liver Support Supplement with Milk Thistle Dandelion Root & Artichoke Extract for Liver Health - Silymarin Milk Thistle Liver Detox Capsules</p><p>$22.77 ($0.33 / Count)</p><a href="https://www.amazon.com/dp/B01NCUJPBF?tag=eloabder-20&linkCode=osi&th=1&psc=1">View Product</a></div><div class="product"><a href="https://www.amazon.com/dp/B07FSWJ5QR?tag=eloabder-20&linkCode=osi&th=1&psc=1"><img src="https://m.media-amazon.com/images/I/41PO8m1VIWL._SL500_.jpg" alt="Product Image"></a><p>Herbal Roots Organic Whole Bulb Garlic Pills - Potent Extra Strength | 600 mg - 60 Organic Vegan Capsules</p><p>$23.99 ($0.40 / Count)</p><a href="https://www.amazon.com/dp/B07FSWJ5QR?tag=eloabder-20&linkCode=osi&th=1&psc=1">View Product</a></div><div class="product"><a href="https://www.amazon.com/dp/B07W7N8SLX?tag=eloabder-20&linkCode=osi&th=1&psc=1"><img src="https://m.media-amazon.com/images/I/51G0BB4e-AL._SL500_.jpg" alt="Product Image"></a><p>Turmeric Curcumin with BioPerine 95% Standardized Curcuminoids 1950mg - Black Pepper Extract for Max Absorption, Nature's Joint Support Supplement, Herbal Turmeric Pills, Vegan Non-GMO - 240 Capsules</p><p>$26.32 ($0.11 / Count)</p><a href="https://www.amazon.com/dp/B07W7N8SLX?tag=eloabder-20&linkCode=osi&th=1&psc=1">View Product</a></div><div class="product"><a href="https://www.amazon.com/dp/B00HG0YZMG?tag=eloabder-20&linkCode=osi&th=1&psc=1"><img src="https://m.media-amazon.com/images/I/41VJNay0ZCL._SL500_.jpg" alt="Product Image"></a><p>Quality of Life Premium Kinoko Platinum AHCC Herbal Supplement, 750mg of AHCC per Capsule, for Immune Support, Liver Function, Maintains Natural Killer Cell Activity, 1 Pack, 60 Veggie Capsules</p><p>$74.96 ($1.25 / Count)</p><a href="https://www.amazon.com/dp/B00HG0YZMG?tag=eloabder-20&linkCode=osi&th=1&psc=1">View Product</a></div><div class="product"><a href="https://www.amazon.com/dp/B000RP5Q70?tag=eloabder-20&linkCode=osi&th=1&psc=1"><img src="https://m.media-amazon.com/images/I/31URCaNT8sL._SL500_.jpg" alt="Product Image"></a><p>Source Naturals Wellness Formula Bio-Aligned Vitamins & Herbal Defense for Immune System Support - Dietary Supplement & Immunity Booster - 60 Capsules</p><p>$9.63 ($0.16 / Count)</p><a href="https://www.amazon.com/dp/B000RP5Q70?tag=eloabder-20&linkCode=osi&th=1&psc=1">View Product</a></div><div class="product"><a href="https://www.amazon.com/dp/B0BNWDY2G7?tag=eloabder-20&linkCode=osi&th=1&psc=1"><img src="https://m.media-amazon.com/images/I/41fiG9I387L._SL500_.jpg" alt="Product Image"></a><p>Carlyle Turmeric Curcumin Supplement 2400mg | 180 Powder Capsules | Herbal Formula | Non-GMO, Gluten Free</p><p>$9.89 ($0.05 / Count)</p><a href="https://www.amazon.com/dp/B0BNWDY2G7?tag=eloabder-20&linkCode=osi&th=1&psc=1">View Product</a></div><div class="product"><a href="https://www.amazon.com/dp/B09QCTW4Z1?tag=eloabder-20&linkCode=osi&th=1&psc=1"><img src="https://m.media-amazon.com/images/I/51SwkLX9yzL._SL500_.jpg" alt="Product Image"></a><p>Turmeric Tablets 2600mg with Black Pepper & Ginger - 95% Curcumin Extract 180 and (3 Month) High Strength Active Supplements Not Capsules,by New Leaf</p><p>$14.95 ($0.08 / Count)</p><a href="https://www.amazon.com/dp/B09QCTW4Z1?tag=eloabder-20&linkCode=osi&th=1&psc=1">View Product</a></div><div class="product"><a href="https://www.amazon.com/dp/B07TMQ3RW8?tag=eloabder-20&linkCode=osi&th=1&psc=1"><img src="https://m.media-amazon.com/images/I/51rnnuvcjaL._SL500_.jpg" alt="Product Image"></a><p>HCL HERBAL CODE LABS Turmeric Boswellia Extract Supplement 2000 mg – Strong Natural Joint Support Pills – Extra Strength Boswellia Serrata with Turmeric Curcumin Powder 90 Capsules</p><p>$22.88 ($0.25 / Count)</p><a href="https://www.amazon.com/dp/B07TMQ3RW8?tag=eloabder-20&linkCode=osi&th=1&psc=1">View Product</a></div>
<div class="product"><a href="https://www.amazon.com/dp/B00YMSLT88?tag=eloabder-20&linkCode=osi&th=1&psc=1"><img src="https://m.media-amazon.com/images/I/41S95x-3xaL._SL500_.jpg" alt="Product Image"></a><p>Nature Made Multivitamin Tablets with Iron, Multivitamin for Women and Men for Daily Nutritional Support, 130 Tablets, 130 Day Supply</p><p>$11.99 ($0.09 / Count)</p><a href="https://www.amazon.com/dp/B00YMSLT88?tag=eloabder-20&linkCode=osi&th=1&psc=1">View Product</a></div><div class="product"><a href="https://www.amazon.com/dp/B00FOTMGTU?tag=eloabder-20&linkCode=osi&th=1&psc=1"><img src="https://m.media-amazon.com/images/I/41PtIQlINuL._SL500_.jpg" alt="Product Image"></a><p>THORNE Basic Nutrients 2/Day - Comprehensive Daily Multivitamin with Optimal Bioavailability - Vitamin and Mineral Formula - Gluten-Free, Dairy-Free, Soy-Free - 60 Capsules - 30 Servings</p><p>$32.00 ($0.53 / Count)</p><a href="https://www.amazon.com/dp/B00FOTMGTU?tag=eloabder-20&linkCode=osi&th=1&psc=1">View Product</a></div><div class="product"><a href="https://www.amazon.com/dp/B097S1GQ5B?tag=eloabder-20&linkCode=osi&th=1&psc=1"><img src="https://m.media-amazon.com/images/I/41XR1ndDxdL._SL500_.jpg" alt="Product Image"></a><p>Primal Harvest Multivitamin for Women and Men Vitamin A, Vitamin C, Vitamin D and E, Vitamin B12, B6, Biotin, Zinc Supplements, 30 Capsules</p><p>$29.95 ($1.00 / Count )</p><a href="https://www.amazon.com/dp/B097S1GQ5B?tag=eloabder-20&linkCode=osi&th=1&psc=1">View Product</a></div><div class="product"><a href="https://www.amazon.com/dp/B09BVYY7XR?tag=eloabder-20&linkCode=osi&th=1&psc=1"><img src="https://m.media-amazon.com/images/I/41y16Rsk2tL._SL500_.jpg" alt="Product Image"></a><p>Centrum Adult Multivitamin/Multimineral Supplement with Antioxidants, Zinc, Vitamin D3 and B Vitamins, Gluten Free, Non-GMO Ingredients - 200 Count</p><p>$12.12 ($0.06 / Count)</p><a href="https://www.amazon.com/dp/B09BVYY7XR?tag=eloabder-20&linkCode=osi&th=1&psc=1">View Product</a></div><div class="product"><a href="https://www.amazon.com/dp/B09KF8MKB8?tag=eloabder-20&linkCode=osi&th=1&psc=1"><img src="https://m.media-amazon.com/images/I/41jL2KGnSaL._SL500_.jpg" alt="Product Image"></a><p>One A Day Men’s 50+ Healthy Advantage Multivitamin, Multivitamin for Men with Vitamins A, C, E, B6, B12, Calcium and Vitamin D, Tablet, 200 Count (Pack of 1)</p><p>$19.98 ($0.10 / Count)</p><a href="https://www.amazon.com/dp/B09KF8MKB8?tag=eloabder-20&linkCode=osi&th=1&psc=1">View Product</a></div><div class="product"><a href="https://www.amazon.com/dp/B01BGZVXC6?tag=eloabder-20&linkCode=osi&th=1&psc=1"><img src="https://m.media-amazon.com/images/I/41Jd5FzxAkL._SL500_.jpg" alt="Product Image"></a><p>Pure Encapsulations O.N.E. Multivitamin - Once Daily Multivitamin with Antioxidant Complex Metafolin, CoQ10, and Lutein to Support Vision, Cognitive Function, and Cellular Health* - 120 Capsules</p><p>$86.00 ($0.72 / Count)</p><a href="https://www.amazon.com/dp/B01BGZVXC6?tag=eloabder-20&linkCode=osi&th=1&psc=1">View Product</a></div><div class="product"><a href="https://www.amazon.com/dp/B007L0DONW?tag=eloabder-20&linkCode=osi&th=1&psc=1"><img src="https://m.media-amazon.com/images/I/41vIgYSAtXL._SL500_.jpg" alt="Product Image"></a><p>vitafusion Adult Gummy Vitamins for Men, Berry Flavored Daily Multivitamins for Men With Vitamins A, C, D, E, B6 and B12, America’s Number 1 Gummy Vitamin Brand, 75 Day Supply, 150 Count</p><p>$11.99 ($0.08 / Count)</p><a href="https://www.amazon.com/dp/B007L0DONW?tag=eloabder-20&linkCode=osi&th=1&psc=1">View Product</a></div><div class="product"><a href="https://www.amazon.com/dp/B0007YCC7S?tag=eloabder-20&linkCode=osi&th=1&psc=1"><img src="https://m.media-amazon.com/images/I/41ZeBcOfAQL._SL500_.jpg" alt="Product Image"></a><p>Rainbow Light Multivitamin for Men, Vitamin C, D & Zinc, Probiotics, Men's One Multivitamin Provides High Potency Immune Support, Non-GMO, Vegetarian, 150 Tablets</p><p>$40.79 ($0.27 / Count)</p><a href="https://www.amazon.com/dp/B0007YCC7S?tag=eloabder-20&linkCode=osi&th=1&psc=1">View Product</a></div><div class="product"><a href="https://www.amazon.com/dp/B09QBKGDLS?tag=eloabder-20&linkCode=osi&th=1&psc=1"><img src="https://m.media-amazon.com/images/I/41Xr3sSp+8L._SL500_.jpg" alt="Product Image"></a><p>ONE A DAY Womens Complete Daily Multivitamin with Vitamin A, B , C, D, and E, Calcium and Magnesium, Immune Health Support, 200 Count</p><p>$17.48 ($0.09 / Count)</p><a href="https://www.amazon.com/dp/B09QBKGDLS?tag=eloabder-20&linkCode=osi&th=1&psc=1">View Product</a></div>
<div class="product"><a href="https://www.amazon.com/dp/B000NPYY04?tag=eloabder-20&linkCode=osi&th=1&psc=1"><img src="https://m.media-amazon.com/images/I/41AB0odrkeL._SL500_.jpg" alt="Product Image"></a><p>Nature's Bounty Fish Oil, Supports Heart Health, 1200 Mg, 360 Mg Omega-3, Rapid Release Softgels, 200 Ct</p><p>$13.32 ($0.07 / Count)</p><a href="https://www.amazon.com/dp/B000NPYY04?tag=eloabder-20&linkCode=osi&th=1&psc=1">View Product</a></div><div class="product"><a href="https://www.amazon.com/dp/B0046XC528?tag=eloabder-20&linkCode=osi&th=1&psc=1"><img src="https://m.media-amazon.com/images/I/41cdANHQ68L._SL500_.jpg" alt="Product Image"></a><p>Nature Made Fish Oil 1000 mg Softgels, Fish Oil Supplements, Omega 3 Fish Oil for Healthy Heart Support, Omega 3 Supplement with 250 Softgels, 125 Day Supply</p><p>$18.29 ($0.07 / Count)</p><a href="https://www.amazon.com/dp/B0046XC528?tag=eloabder-20&linkCode=osi&th=1&psc=1">View Product</a></div><div class="product"><a href="https://www.amazon.com/dp/B01BTBZWBU?tag=eloabder-20&linkCode=osi&th=1&psc=1"><img src="https://m.media-amazon.com/images/I/41KDZ4VcuHL._SL500_.jpg" alt="Product Image"></a><p>Sports Research Triple Strength Omega 3 Fish Oil - Burpless Fish Oil Supplement w/EPA & DHA Fatty Acids from Single-Source Wild Alaska Pollock - 1250 mg, 180 ct</p><p>$52.95 ($0.29 / Count)</p><a href="https://www.amazon.com/dp/B01BTBZWBU?tag=eloabder-20&linkCode=osi&th=1&psc=1">View Product</a></div><div class="product"><a href="https://www.amazon.com/dp/B014LDT0ZM?tag=eloabder-20&linkCode=osi&th=1&psc=1"><img src="https://m.media-amazon.com/images/I/51c-3W4m1RL._SL500_.jpg" alt="Product Image"></a><p>Viva Naturals Triple Strength Omega 3 Fish Oil Supplement - 2500 mg Fish Oil with Re-Esterified Omega 3 Fatty Acids including EPA, DHA DPA - 180 Pescatarian-Friendly Softgels</p><p>$58.95 ($0.33 / Count)</p><a href="https://www.amazon.com/dp/B014LDT0ZM?tag=eloabder-20&linkCode=osi&th=1&psc=1">View Product</a></div><div class="product"><a href="https://www.amazon.com/dp/B07QHP2ZNQ?tag=eloabder-20&linkCode=osi&th=1&psc=1"><img src="https://m.media-amazon.com/images/I/41p2LIEGL3L._SL500_.jpg" alt="Product Image"></a><p>Nordic Naturals Ultimate Omega, Lemon Flavor - 210 Soft Gels - 1280 mg Omega-3 - High-Potency Omega-3 Fish Oil with EPA & DHA - Promotes Brain & Heart Health - Non-GMO - 105 Servings</p><p>$67.20 ($0.32 / Count)</p><a href="https://www.amazon.com/dp/B07QHP2ZNQ?tag=eloabder-20&linkCode=osi&th=1&psc=1">View Product</a></div><div class="product"><a href="https://www.amazon.com/dp/B01NBTJFJB?tag=eloabder-20&linkCode=osi&th=1&psc=1"><img src="https://m.media-amazon.com/images/I/41gJBxUZtcL._SL500_.jpg" alt="Product Image"></a><p>Triple Strength Omega 3 Fish Oil | 3600 mg EPA & DHA | Over 2100mg of Omega 3 Fatty Acids | 1300mg EPA + 860mg DHA | Best Essential Fatty Acids | Premium Burpless Softgel Supplements (120 Ct)</p><p>$29.95 ($0.25 / Count)</p><a href="https://www.amazon.com/dp/B01NBTJFJB?tag=eloabder-20&linkCode=osi&th=1&psc=1">View Product</a></div><div class="product"><a href="https://www.amazon.com/dp/B00CAZAU62?tag=eloabder-20&linkCode=osi&th=1&psc=1"><img src="https://m.media-amazon.com/images/I/41gdtyE2xHL._SL500_.jpg" alt="Product Image"></a><p>Dr. Tobias Omega 3 Fish Oil, 2000mg Triple Strength Omega 3 Supplement with 800mg EPA 600mg DHA Per Serving, Fish Oil Omega 3 Supplements for Heart, Brain & Immune Support, 180 Softgels, 90 Servings</p><p>$42.99 ($0.24 / Count)</p><a href="https://www.amazon.com/dp/B00CAZAU62?tag=eloabder-20&linkCode=osi&th=1&psc=1">View Product</a></div><div class="product"><a href="https://www.amazon.com/dp/B01GV4O37E?tag=eloabder-20&linkCode=osi&th=1&psc=1"><img src="https://m.media-amazon.com/images/I/41JtERQfIWL._SL500_.jpg" alt="Product Image"></a><p>Arazo Nutrition Wild Caught Omega 3 Fish Oil – 120 Soft Gels – 4,080mg High EPA 1200mg DHA 900mg Lemon Flavor Burpless Softgels</p><p>$28.95 ($0.24 / Count)</p><a href="https://www.amazon.com/dp/B01GV4O37E?tag=eloabder-20&linkCode=osi&th=1&psc=1">View Product</a></div>
<div class="product"><a href="https://www.amazon.com/dp/B09GLGC9DG?tag=eloabder-20&linkCode=osi&th=1&psc=1"><img src="https://m.media-amazon.com/images/I/51OsLLY4B6L._SL500_.jpg" alt="Product Image"></a><p>Physician's CHOICE Probiotics 60 Billion CFU - 10 Strains + Organic Prebiotics - Immune, Digestive & Gut Health - Supports Occasional Constipation, Diarrhea, Gas & Bloating - for Women & Men - 60ct</p><p>$36.97 ($0.62 / Count)</p><a href="https://www.amazon.com/dp/B09GLGC9DG?tag=eloabder-20&linkCode=osi&th=1&psc=1">View Product</a></div><div class="product"><a href="https://www.amazon.com/dp/B004JO3JTM?tag=eloabder-20&linkCode=osi&th=1&psc=1"><img src="https://m.media-amazon.com/images/I/51kOhkzzLKL._SL500_.jpg" alt="Product Image"></a><p>Nature's Bounty Acidophilus Probiotic, Daily Probiotic Supplement, Supports Digestive Health, Twin Pack, 100 Count (Pack of 2)</p><p>$14.99 ($0.07 / Count)</p><a href="https://www.amazon.com/dp/B004JO3JTM?tag=eloabder-20&linkCode=osi&th=1&psc=1">View Product</a></div><div class="product"><a href="https://www.amazon.com/dp/B071DZQLPQ?tag=eloabder-20&linkCode=osi&th=1&psc=1"><img src="https://m.media-amazon.com/images/I/51E-+x12x5L._SL500_.jpg" alt="Product Image"></a><p>NewRhythm Probiotics 50 Billion CFU 20 Strains, 60 Veggie Capsules, Targeted Release Technology, Stomach Acid Resistant, No Need for Refrigeration, Non-GMO, Gluten Free</p><p>$16.99 ($0.28 / Count)</p><a href="https://www.amazon.com/dp/B071DZQLPQ?tag=eloabder-20&linkCode=osi&th=1&psc=1">View Product</a></div><div class="product"><a href="https://www.amazon.com/dp/B00L1GHMN0?tag=eloabder-20&linkCode=osi&th=1&psc=1"><img src="https://m.media-amazon.com/images/I/41Msqs9cM9L._SL500_.jpg" alt="Product Image"></a><p>NOW Supplements, Probiotic-10™, 25 Billion, with 10 Probiotic Strains, Dairy, Soy and Gluten Free, Strain Verified, 100 Veg Capsules</p><p>$22.90 ($0.23 / Count)</p><a href="https://www.amazon.com/dp/B00L1GHMN0?tag=eloabder-20&linkCode=osi&th=1&psc=1">View Product</a></div><div class="product"><a href="https://www.amazon.com/dp/B0D5FZGY8W?tag=eloabder-20&linkCode=osi&th=1&psc=1"><img src="https://m.media-amazon.com/images/I/51gWW6a+5uL._SL500_.jpg" alt="Product Image"></a><p>URO Vaginal Probiotics for Women pH Balance with Prebiotics & Lactobacillus Probiotic Blend - Women's Vaginal Health Supplement - Promote Healthy Vaginal Odor & Vaginal Flora, 60 Count (Pack of 1)</p><p>$28.79 ($0.48 / Count)</p><a href="https://www.amazon.com/dp/B0D5FZGY8W?tag=eloabder-20&linkCode=osi&th=1&psc=1">View Product</a></div><div class="product"><a href="https://www.amazon.com/dp/B00Y8MP4G6?tag=eloabder-20&linkCode=osi&th=1&psc=1"><img src="https://m.media-amazon.com/images/I/41DODStWo4L._SL500_.jpg" alt="Product Image"></a><p>Garden of Life Once Daily Dr. Formulated Probiotics for Women 50 Billion CFU 16 Probiotic Strains with Organic Prebiotics for Digestive, Vaginal & Immune Health, Dairy Free, Shelf Stable 30 Capsules</p><p>$32.19 ($1.07 / Count)</p><a href="https://www.amazon.com/dp/B00Y8MP4G6?tag=eloabder-20&linkCode=osi&th=1&psc=1">View Product</a></div><div class="product"><a href="https://www.amazon.com/dp/B08GR12D4T?tag=eloabder-20&linkCode=osi&th=1&psc=1"><img src="https://m.media-amazon.com/images/I/413uXWNsVzL._SL500_.jpg" alt="Product Image"></a><p>Nature’s Bounty Probiotic 10, Ultra Strength Daily Probiotic Supplement, Support for Digestive, Immune and Upper Respiratory Health, 1 Pack, 30 Capsules</p><p>$12.84 ($0.43 / Count)</p><a href="https://www.amazon.com/dp/B08GR12D4T?tag=eloabder-20&linkCode=osi&th=1&psc=1">View Product</a></div><div class="product"><a href="https://www.amazon.com/dp/B09Z3TPGRZ?tag=eloabder-20&linkCode=osi&th=1&psc=1"><img src="https://m.media-amazon.com/images/I/51H4Kaf9VPL._SL500_.jpg" alt="Product Image"></a><p>Physician's Choice Probiotics - PH Balance, Digestive, UT, & Feminine Health - 50 Billion CFU - 6 Unique Strains for Women - Organic Prebiotics, Cranberry Extract+ - Probiotic - 60 CT</p><p>$36.97 ($0.62 / Count)</p><a href="https://www.amazon.com/dp/B09Z3TPGRZ?tag=eloabder-20&linkCode=osi&th=1&psc=1">View Product</a></div><div class="product"><a href="https://www.amazon.com/dp/B0811P73BT?tag=eloabder-20&linkCode=osi&th=1&psc=1"><img src="https://m.media-amazon.com/images/I/41bBVdIgYdS._SL500_.jpg" alt="Product Image"></a><p>Organic Probiotics 100 Billion CFU, Dr Formulated Probiotics for Women, Probiotics for Men and Adults, Complete Shelf Stable Probiotic Supplement with Prebiotics & Digestive Enzymes; 30 Capsules</p><p>$25.00 ($0.83 / Count)</p><a href="https://www.amazon.com/dp/B0811P73BT?tag=eloabder-20&linkCode=osi&th=1&psc=1">View Product</a></div>
<div class="product"><a href="https://www.amazon.com/dp/B0B76XSJN2?tag=eloabder-20&linkCode=osi&th=1&psc=1"><img src="https://m.media-amazon.com/images/I/419te9dWCML._SL500_.jpg" alt="Product Image"></a><p>HELIX PRIME Cod Liver Oil Extra Virgin Artic Softgels Omega 3, EPA, DHA</p><p>$40.00 ($0.67 / Count)</p><a href="https://www.amazon.com/dp/B0B76XSJN2?tag=eloabder-20&linkCode=osi&th=1&psc=1">View Product</a></div><div class="product"><a href="https://www.amazon.com/dp/B0739KKHWL?tag=eloabder-20&linkCode=osi&th=1&psc=1"><img src="https://m.media-amazon.com/images/I/41g58vrlGWL._SL500_.jpg" alt="Product Image"></a><p>Nordic Naturals Ultimate Omega, Lemon Flavor - 90 Soft Gels - 1280 mg Omega-3 - High-Potency Omega-3 Fish Oil Supplement with EPA & DHA - Promotes Brain & Heart Health - Non-GMO - 45 Servings</p><p>$34.92 ($0.39 / Count)</p><a href="https://www.amazon.com/dp/B0739KKHWL?tag=eloabder-20&linkCode=osi&th=1&psc=1">View Product</a></div><div class="product"><a href="https://www.amazon.com/dp/B003PGJM00?tag=eloabder-20&linkCode=osi&th=1&psc=1"><img src="https://m.media-amazon.com/images/I/419IYWUSY5L._SL500_.jpg" alt="Product Image"></a><p>Nature Made Triple Omega 3 6 9, Flaxseed, Safflower, & Olive Oils, Healthy Heart Support, Fish Free Omega 3 Supplement, 150 Softgels, 75 Day Supply</p><p>$30.28 ($0.20 / Count)</p><a href="https://www.amazon.com/dp/B003PGJM00?tag=eloabder-20&linkCode=osi&th=1&psc=1">View Product</a></div><div class="product"><a href="https://www.amazon.com/dp/B0CS56P75L?tag=eloabder-20&linkCode=osi&th=1&psc=1"><img src="https://m.media-amazon.com/images/I/41GI+Omt1AL._SL500_.jpg" alt="Product Image"></a><p>Triple Strength Omega 3 Fish Oil Supplements 4200mg Per Serving, 120 Softgels – Lemon Flavored – Burpless | EPA 1200mg + DHA 900mg | Deep Sea Fish</p><p>$19.95 ($0.17 / Count)</p><a href="https://www.amazon.com/dp/B0CS56P75L?tag=eloabder-20&linkCode=osi&th=1&psc=1">View Product</a></div><div class="product"><a href="https://www.amazon.com/dp/B0CWPY1XYN?tag=eloabder-20&linkCode=osi&th=1&psc=1"><img src="https://m.media-amazon.com/images/I/41S9PZKx8OL._SL500_.jpg" alt="Product Image"></a><p>Qunol Advanced Omega 3 Krill and Fish Oil Complex, 10x Better Bioavailability, One Pill Dose, 250mg EPA & DHA, Supports Brain, Eye, Heart and Joint Health, 90 Count (Pack of 1)</p><p>$26.99 ($0.30 / Count)</p><a href="https://www.amazon.com/dp/B0CWPY1XYN?tag=eloabder-20&linkCode=osi&th=1&psc=1">View Product</a></div>
<div class="product"><a href="https://www.amazon.com/dp/B09RQBHRCT?tag=eloabder-20&linkCode=osi&th=1&psc=1"><img src="https://m.media-amazon.com/images/I/417jtm1N43L._SL500_.jpg" alt="Product Image"></a><p>Vital Proteins Collagen Peptides Powder, Promotes Hair, Nail, Skin, Bone and Joint Health, Zero Sugar, Unflavored 9.33 OZ</p><p>$20.14 ($2.16 / Ounce)</p><a href="https://www.amazon.com/dp/B09RQBHRCT?tag=eloabder-20&linkCode=osi&th=1&psc=1">View Product</a></div><div class="product"><a href="https://www.amazon.com/dp/B00K6JUG4K?tag=eloabder-20&linkCode=osi&th=1&psc=1"><img src="https://m.media-amazon.com/images/I/41wLQfDnEKL._SL500_.jpg" alt="Product Image"></a><p>Vital Proteins Collagen Peptides Powder with Hyaluronic Acid and Vitamin C, Unflavored, 20 oz</p><p>$46.99 ($2.35 / Ounce)</p><a href="https://www.amazon.com/dp/B00K6JUG4K?tag=eloabder-20&linkCode=osi&th=1&psc=1">View Product</a></div><div class="product"><a href="https://www.amazon.com/dp/B07WZVX3L1?tag=eloabder-20&linkCode=osi&th=1&psc=1"><img src="https://m.media-amazon.com/images/I/41FQaGyTUlL._SL500_.jpg" alt="Product Image"></a><p>Vital Vitamins Collagen for Women & Men - Type I, II, III, V, X Multi Collagen Pills - Grass Fed, Non-GMO - 150 Capsules</p><p>$22.85 ($0.15 / Count)</p><a href="https://www.amazon.com/dp/B07WZVX3L1?tag=eloabder-20&linkCode=osi&th=1&psc=1">View Product</a></div><div class="product"><a href="https://www.amazon.com/dp/B01BHF3OMW?tag=eloabder-20&linkCode=osi&th=1&psc=1"><img src="https://m.media-amazon.com/images/I/41dMvUDFrgL._SL500_.jpg" alt="Product Image"></a><p>Micro Ingredients Multi Collagen Protein Powder, 2 Pounds – Type I,II,III,V,X with Biotin, Hyaluronic Acid, Vitamin C – Unflavored Collagen Peptides – Keto & Paleo Friendly, Easy Dissolve, Non-GMO</p><p>$49.95 ($1.56 / Ounce)</p><a href="https://www.amazon.com/dp/B01BHF3OMW?tag=eloabder-20&linkCode=osi&th=1&psc=1">View Product</a></div><div class="product"><a href="https://www.amazon.com/dp/B085GB45VK?tag=eloabder-20&linkCode=osi&th=1&psc=1"><img src="https://m.media-amazon.com/images/I/51gvq703LsL._SL500_.jpg" alt="Product Image"></a><p>Primal Harvest Collagen Powder for Women or Men Primal Collagen Peptides Powder Type I & III, 10 Oz Collagen Protein Powder for Hair, Skin, Nails (Single, Original)</p><p>$36.95 ($3.70 / Ounce)</p><a href="https://www.amazon.com/dp/B085GB45VK?tag=eloabder-20&linkCode=osi&th=1&psc=1">View Product</a></div><div class="product"><a href="https://www.amazon.com/dp/B005KG7EDU?tag=eloabder-20&linkCode=osi&th=1&psc=1"><img src="https://m.media-amazon.com/images/I/41hWRb-uSmL._SL500_.jpg" alt="Product Image"></a><p>Great Lakes Wellness Collagen Peptides Powder for Skin, Hair, Nails, Joints & Digestion - Unflavored - Quick Dissolve Hydrolyzed, Non-GMO, Keto, Kosher - 16oz - Packaging May Vary</p><p>$32.82 ($2.05 / Ounce)</p><a href="https://www.amazon.com/dp/B005KG7EDU?tag=eloabder-20&linkCode=osi&th=1&psc=1">View Product</a></div><div class="product"><a href="https://www.amazon.com/dp/B071S8D69C?tag=eloabder-20&linkCode=osi&th=1&psc=1"><img src="https://m.media-amazon.com/images/I/41E-Q4q+kWL._SL500_.jpg" alt="Product Image"></a><p>Anthony's Collagen Peptide Powder, 1 lb, Pure Hydrolyzed, Gluten Free, Keto and Paleo Friendly, Grass Fed, Unflavored, Non GMO</p><p>$22.99 ($1.44 / Ounce)</p><a href="https://www.amazon.com/dp/B071S8D69C?tag=eloabder-20&linkCode=osi&th=1&psc=1">View Product</a></div><div class="product"><a href="https://www.amazon.com/dp/B07K4SK9SY?tag=eloabder-20&linkCode=osi&th=1&psc=1"><img src="https://m.media-amazon.com/images/I/51t8W8AmaFL._SL500_.jpg" alt="Product Image"></a><p>Garden of Life Grass Fed Collagen Peptides Powder – Unflavored Collagen Powder for Women Men Hair Skin Nails Joints, Hydrolyzed Collagen Protein Supplements, Post Workout, Paleo & Keto, 28 Servings</p><p>$30.91 ($1.56 / Ounce)</p><a href="https://www.amazon.com/dp/B07K4SK9SY?tag=eloabder-20&linkCode=osi&th=1&psc=1">View Product</a></div>
<div class="product"><a href="https://www.amazon.com/dp/B07JMHNP9F?tag=eloabder-20&linkCode=osi&th=1&psc=1"><img src="https://m.media-amazon.com/images/I/616tKX8dAxL._SL500_.jpg" alt="Product Image"></a><p>Prebiotics for Advanced Gut Health - Immune System Support & Dietary Fiber - Fuels Good Bacteria Growth to Promote Digestive Health - Gas & Digestion Support - Probiotics for Men & Women - 60 Capsules</p><p>$19.97 ($0.33 / Count)</p><a href="https://www.amazon.com/dp/B07JMHNP9F?tag=eloabder-20&linkCode=osi&th=1&psc=1">View Product</a></div><div class="product"><a href="https://www.amazon.com/dp/B07VYMQF6M?tag=eloabder-20&linkCode=osi&th=1&psc=1"><img src="https://m.media-amazon.com/images/I/51Y0hMBp3NL._SL500_.jpg" alt="Product Image"></a><p>Prebiotics and Probiotic with Whole Food Enzymes for Adults Women & Men - Probiotics Lactobacillus Acidophilus - Digestive Health Capsules Shelf Stable Supplement - Non-GMO Gluten & Dairy Free -30ct</p><p>$19.97 ($0.67 / Count)</p><a href="https://www.amazon.com/dp/B07VYMQF6M?tag=eloabder-20&linkCode=osi&th=1&psc=1">View Product</a></div><div class="product"><a href="https://www.amazon.com/dp/B0BRTJ7BJ1?tag=eloabder-20&linkCode=osi&th=1&psc=1"><img src="https://m.media-amazon.com/images/I/51JFiTJs6ZL._SL500_.jpg" alt="Product Image"></a><p>Physician's CHOICE Prebiotic-Probiotic - Multi-Strain Probiotics & Synergistic Prebiotics -Designed for Digestive Health, Supporting Gut Microbiome - Powerful PrePro for Gut Health - for Women & Men</p><p>$18.97 ($0.63 / Count)</p><a href="https://www.amazon.com/dp/B0BRTJ7BJ1?tag=eloabder-20&linkCode=osi&th=1&psc=1">View Product</a></div><div class="product"><a href="https://www.amazon.com/dp/B0CPN9NK38?tag=eloabder-20&linkCode=osi&th=1&psc=1"><img src="https://m.media-amazon.com/images/I/41hL4HSQxwL._SL500_.jpg" alt="Product Image"></a><p>OLLY Probiotic + Prebiotic Gummy, Digestive Support and Gut Health, 500 Million CFUs, Fiber, Adult Chewable Supplement for Men and Women, Peach, 30 Day Supply - 60 Count</p><p>$21.35 ($0.36 / Count)</p><a href="https://www.amazon.com/dp/B0CPN9NK38?tag=eloabder-20&linkCode=osi&th=1&psc=1">View Product</a></div><div class="product"><a href="https://www.amazon.com/dp/B07GPFB6FJ?tag=eloabder-20&linkCode=osi&th=1&psc=1"><img src="https://m.media-amazon.com/images/I/41IkSyAmJOL._SL500_.jpg" alt="Product Image"></a><p>Amazon Basics Prebiotic & Probiotic Gummies, 2 Billion CFU, Blue Raspberry, 50 Count (2 per Serving) (Previously Solimo)</p><p>$9.21 ($0.18 / Count)</p><a href="https://www.amazon.com/dp/B07GPFB6FJ?tag=eloabder-20&linkCode=osi&th=1&psc=1">View Product</a></div><div class="product"><a href="https://www.amazon.com/dp/B01FICESXE?tag=eloabder-20&linkCode=osi&th=1&psc=1"><img src="https://m.media-amazon.com/images/I/41wI-mGIidL._SL500_.jpg" alt="Product Image"></a><p>Dr. Tobias Prebiotics, Supports Digestion & Gut Health, Feed Good Probiotic Bacteria, Boost Gut Immune Function, Vegan & Non-GMO Gut Health Supplements for Men and Women, 30 Capsules, 30 Servings</p><p>$25.99 ($0.87 / Count)</p><a href="https://www.amazon.com/dp/B01FICESXE?tag=eloabder-20&linkCode=osi&th=1&psc=1">View Product</a></div><div class="product"><a href="https://www.amazon.com/dp/B0CGMMYWR5?tag=eloabder-20&linkCode=osi&th=1&psc=1"><img src="https://m.media-amazon.com/images/I/414k9euXCUL._SL500_.jpg" alt="Product Image"></a><p>Horbäach Prebiotic for Men and Women | 120 Powder Pills | High Strength & Premium Quality Supplement | Non-GMO & Gluten Free Quick Release Capsules</p><p>$9.99 ($0.08 / Count)</p><a href="https://www.amazon.com/dp/B0CGMMYWR5?tag=eloabder-20&linkCode=osi&th=1&psc=1">View Product</a></div><div class="product"><a href="https://www.amazon.com/dp/B00N1G17GG?tag=eloabder-20&linkCode=osi&th=1&psc=1"><img src="https://m.media-amazon.com/images/I/418Nr2+sCOL._SL500_.jpg" alt="Product Image"></a><p>Earth's Pearl Probiotic Pearls for Women and Men - Kids Probiotic with Prebiotic Fiber - Daily Probiotic for Women and Men - 60-Day Supply of Prebiotics and Probiotics for Women and Men Probiotic</p><p>$23.87 ($0.40 / Count)</p><a href="https://www.amazon.com/dp/B00N1G17GG?tag=eloabder-20&linkCode=osi&th=1&psc=1">View Product</a></div>
<div class="product"><a href="https://www.amazon.com/dp/B00RH5K26I?tag=eloabder-20&linkCode=osi&th=1&psc=1"><img src="https://m.media-amazon.com/images/I/41bQqGtcXwL._SL500_.jpg" alt="Product Image"></a><p>Zenwise Health Digestive Enzymes - Probiotic Multi Enzymes with Probiotics and Prebiotics for Digestive Health and Bloating Relief for Women and Men, Daily Enzymes for Gut and Digestion - 180 Count</p><p>$39.97 ($0.22 / Count)</p><a href="https://www.amazon.com/dp/B00RH5K26I?tag=eloabder-20&linkCode=osi&th=1&psc=1">View Product</a></div><div class="product"><a href="https://www.amazon.com/dp/B0001T0GAE?tag=eloabder-20&linkCode=osi&th=1&psc=1"><img src="https://m.media-amazon.com/images/I/41G271GqUaL._SL500_.jpg" alt="Product Image"></a><p>NOW Supplements, Super Enzymes, Formulated with Bromelain, Ox Bile, Pancreatin and Papain, Super Enzymes,90 Capsules</p><p>$14.31 ($0.16 / Count)</p><a href="https://www.amazon.com/dp/B0001T0GAE?tag=eloabder-20&linkCode=osi&th=1&psc=1">View Product</a></div><div class="product"><a href="https://www.amazon.com/dp/B0016XGOVO?tag=eloabder-20&linkCode=osi&th=1&psc=1"><img src="https://m.media-amazon.com/images/I/41SK0PjZTZL._SL500_.jpg" alt="Product Image"></a><p>Pure Encapsulations Digestive Enzymes Ultra - Vegetarian Digestive Enzyme Supplement to Support Protein, Carb, Fiber, and Dairy Digestion* - 90 Capsules</p><p>$36.20 ($0.40 / Count)</p><a href="https://www.amazon.com/dp/B0016XGOVO?tag=eloabder-20&linkCode=osi&th=1&psc=1">View Product</a></div><div class="product"><a href="https://www.amazon.com/dp/B0009EXOUA?tag=eloabder-20&linkCode=osi&th=1&psc=1"><img src="https://m.media-amazon.com/images/I/41jQAIqtQxL._SL500_.jpg" alt="Product Image"></a><p>Source Naturals Essential Enzymes 500mg Bio-Aligned Multiple Supplement Herbal Defense for Digestion, Gas & Constipation Relief - Strong Immune System Support* - 120 Capsules</p><p>$12.94 ($0.11 / Count)</p><a href="https://www.amazon.com/dp/B0009EXOUA?tag=eloabder-20&linkCode=osi&th=1&psc=1">View Product</a></div><div class="product"><a href="https://www.amazon.com/dp/B00GSP4R6O?tag=eloabder-20&linkCode=osi&th=1&psc=1"><img src="https://m.media-amazon.com/images/I/41oaLuwaf6L._SL500_.jpg" alt="Product Image"></a><p>Pure Encapsulations Digestive Enzymes Ultra with Betaine HCl - Vegetarian Digestive Enzyme Supplement to Support Protein, Carb, Fiber, and Dairy Digestion* - 90 Capsules</p><p>$36.80 ($0.41 / Count)</p><a href="https://www.amazon.com/dp/B00GSP4R6O?tag=eloabder-20&linkCode=osi&th=1&psc=1">View Product</a></div><div class="product"><a href="https://www.amazon.com/dp/B0971P79G2?tag=eloabder-20&linkCode=osi&th=1&psc=1"><img src="https://m.media-amazon.com/images/I/41sjwVKMyyL._SL500_.jpg" alt="Product Image"></a><p>Digestive Enzymes - 800mg Blend of All 10 Most Essential Digestive and Pancreatic Enzymes (Amylase, Lipase, Bromelain, Lactase, Papain, Protease, Cellulase, Maltase, Invertase) by Double Wood</p><p>$18.95 ($0.11 / Count)</p><a href="https://www.amazon.com/dp/B0971P79G2?tag=eloabder-20&linkCode=osi&th=1&psc=1">View Product</a></div><div class="product"><a href="https://www.amazon.com/dp/B07N3X6T57?tag=eloabder-20&linkCode=osi&th=1&psc=1"><img src="https://m.media-amazon.com/images/I/41YXJ96hUCL._SL500_.jpg" alt="Product Image"></a><p>Enzymedica Digest Gold + ATPro Maximum Strength Digestive Enzymes | Prevents Bloating Gas & Indigestion, Natural Digestion Support, Multi Enzyme Amylase, Protease, Lipase & Lactase, 90 Capsules</p><p>$40.12 ($0.45 / Count)</p><a href="https://www.amazon.com/dp/B07N3X6T57?tag=eloabder-20&linkCode=osi&th=1&psc=1">View Product</a></div><div class="product"><a href="https://www.amazon.com/dp/B000Q487DC?tag=eloabder-20&linkCode=osi&th=1&psc=1"><img src="https://m.media-amazon.com/images/I/318ZKbie4-L._SL500_.jpg" alt="Product Image"></a><p>Doctor's Best Digestive Enzymes Non-GMO Vegetarian Gluten Free, 90 Veggie Caps</p><p>$21.95 ($0.24 / Count)</p><a href="https://www.amazon.com/dp/B000Q487DC?tag=eloabder-20&linkCode=osi&th=1&psc=1">View Product</a></div>
<div class="product"><a href="https://www.amazon.com/dp/B093P29P79?tag=eloabder-20&linkCode=osi&th=1&psc=1"><img src="https://m.media-amazon.com/images/I/419UA39m4vL._SL500_.jpg" alt="Product Image"></a><p>8 in 1 Immune Support with Quercetin Zinc 50mg Vitamin C 1000mg Vitamin D3 5000 IU and Elderberry Echinacea Ginger for Adults Kids - Vit D Immunity Defense Booster Supplement Veg Capsules Made in USA</p><p>$24.95 ($0.42 / Count)</p><a href="https://www.amazon.com/dp/B093P29P79?tag=eloabder-20&linkCode=osi&th=1&psc=1">View Product</a></div><div class="product"><a href="https://www.amazon.com/dp/B00MJ7VL1O?tag=eloabder-20&linkCode=osi&th=1&psc=1"><img src="https://m.media-amazon.com/images/I/41dN7-gv40L._SL500_.jpg" alt="Product Image"></a><p>Nature’s Way Sambucus Elderberry Immune Gummies, Daily Immune Support for Kids and Adults*, with Vitamin C, Vitamin D3, Zinc, Gluten Free, Vegetarian, 60 Gummies (Packaging May Vary)</p><p>$14.97 ($0.25 / Count)</p><a href="https://www.amazon.com/dp/B00MJ7VL1O?tag=eloabder-20&linkCode=osi&th=1&psc=1">View Product</a></div><div class="product"><a href="https://www.amazon.com/dp/B09ZYN6Z5R?tag=eloabder-20&linkCode=osi&th=1&psc=1"><img src="https://m.media-amazon.com/images/I/61CzAf44o4L._SL500_.jpg" alt="Product Image"></a><p>12 in 1 Premium Immune Defense Vitamins - Immune Supplement w/ Vitamin D3 5000 IU Vitamin С 1000mg Zinс 50mg - Luxe Choice for Premium Immune Support - With Echinacea Elderberry and Ginger - 120 Caps</p><p>$29.95 ($29.95 / Count)</p><a href="https://www.amazon.com/dp/B09ZYN6Z5R?tag=eloabder-20&linkCode=osi&th=1&psc=1">View Product</a></div><div class="product"><a href="https://www.amazon.com/dp/B08SCKMC3G?tag=eloabder-20&linkCode=osi&th=1&psc=1"><img src="https://m.media-amazon.com/images/I/51coRaMYZjL._SL500_.jpg" alt="Product Image"></a><p>Immune Support Supplement with Zinc Vitamin C Vitamin D 5000 IU Elderberry Ginger D3 Goldenseal - Dr Approved Immunity Vitamins for Adults Women and Men - Natural Immune System Booster Defense -120ct</p><p>$15.97 ($0.13 / Count)</p><a href="https://www.amazon.com/dp/B08SCKMC3G?tag=eloabder-20&linkCode=osi&th=1&psc=1">View Product</a></div><div class="product"><a href="https://www.amazon.com/dp/B08CBBHPTF?tag=eloabder-20&linkCode=osi&th=1&psc=1"><img src="https://m.media-amazon.com/images/I/41U8ywAfz1L._SL500_.jpg" alt="Product Image"></a><p>A Dose of Immunity Quercetin with Vitamin C and Zinc, Vitamin D, 500mg Quercetin Bromelain with Echinacea & B Vitamins, Lung Immune Support Supplement 7 in 1 Immunity Defense Booster (60 Count)</p><p>$19.95 ($0.33 / Count)</p><a href="https://www.amazon.com/dp/B08CBBHPTF?tag=eloabder-20&linkCode=osi&th=1&psc=1">View Product</a></div><div class="product"><a href="https://www.amazon.com/dp/B09HBGLZP8?tag=eloabder-20&linkCode=osi&th=1&psc=1"><img src="https://m.media-amazon.com/images/I/51MHWotEUXL._SL500_.jpg" alt="Product Image"></a><p>8 in 1 Immune Defense Support, Immunity Vitamins Supplement Booster with Zinc 50mg, Vitamin C Elderberry Vit D3 5000 IU, Turmeric Curcumin & Ginger, Echinacea - Allergy Relief for Kids Adults (2 Pack)</p><p>$27.95 ($0.23 / Count)</p><a href="https://www.amazon.com/dp/B09HBGLZP8?tag=eloabder-20&linkCode=osi&th=1&psc=1">View Product</a></div>
<div class="product"><a href="https://www.amazon.com/dp/B0CKVSGYZV?tag=eloabder-20&linkCode=osi&th=1&psc=1"><img src="https://m.media-amazon.com/images/I/41meSPQU9WL._SL500_.jpg" alt="Product Image"></a><p>Basigano Natural Dopamine Supplement for Energy, Focus, Motivation, Mental Alertness, Mood, and Stress - Non-GMO, Gluten-Free - 90 Tablets</p><p>$19.97 ($0.22 / Count)</p><a href="https://www.amazon.com/dp/B0CKVSGYZV?tag=eloabder-20&linkCode=osi&th=1&psc=1">View Product</a></div><div class="product"><a href="https://www.amazon.com/dp/B0B1VRCJ2Z?tag=eloabder-20&linkCode=osi&th=1&psc=1"><img src="https://m.media-amazon.com/images/I/31rFUBNNRlL._SL500_.jpg" alt="Product Image"></a><p>Health by Habit Energy Supplement (60 Capsules) - Natual Caffeine Blend, Vitamins B & C, Supports Energy Levels, Promotes Mental Alertness and Focus, Vegan, Non-GMO, Sugar Free (1 Pack)</p><p>$7.88 ($0.13 / Count)</p><a href="https://www.amazon.com/dp/B0B1VRCJ2Z?tag=eloabder-20&linkCode=osi&th=1&psc=1">View Product</a></div><div class="product"><a href="https://www.amazon.com/dp/B01LXX5Z8Q?tag=eloabder-20&linkCode=osi&th=1&psc=1"><img src="https://m.media-amazon.com/images/I/41YtzgRxe8L._SL500_.jpg" alt="Product Image"></a><p>OLLY Daily Energy Gummy, Caffeine Free, Vitamin B12, CoQ10, Goji Berry, Adult Chewable Supplement, Tropical Flavor - 60 Count</p><p>$12.88 ($0.21 / Count)</p><a href="https://www.amazon.com/dp/B01LXX5Z8Q?tag=eloabder-20&linkCode=osi&th=1&psc=1">View Product</a></div><div class="product"><a href="https://www.amazon.com/dp/B078SJ9F5S?tag=eloabder-20&linkCode=osi&th=1&psc=1"><img src="https://m.media-amazon.com/images/I/41kM5+mO9kL._SL500_.jpg" alt="Product Image"></a><p>Genius Mushroom - Lions Mane, Cordyceps and Reishi - System Booster & Nootropic Supplement - for Energy & Support, 90 Veggie Pills</p><p>$17.55 ($0.20 / Count)</p><a href="https://www.amazon.com/dp/B078SJ9F5S?tag=eloabder-20&linkCode=osi&th=1&psc=1">View Product</a></div><div class="product"><a href="https://www.amazon.com/dp/B0BV4F17B4?tag=eloabder-20&linkCode=osi&th=1&psc=1"><img src="https://m.media-amazon.com/images/I/41UR52LyNJL._SL500_.jpg" alt="Product Image"></a><p>OLLY Extra Strength Daily Energy Gummy, Caffeine Free, 1000mcg Vitamin B12, CoQ10, Goji Berry, Adult Chewable Supplement, Berry Yuzu Flavor - 60 Count</p><p>$15.88 ($0.26 / Count)</p><a href="https://www.amazon.com/dp/B0BV4F17B4?tag=eloabder-20&linkCode=osi&th=1&psc=1">View Product</a></div><div class="product"><a href="https://www.amazon.com/dp/B008PQDCG0?tag=eloabder-20&linkCode=osi&th=1&psc=1"><img src="https://m.media-amazon.com/images/I/51EFLU6zpCL._SL500_.jpg" alt="Product Image"></a><p>Nature Made Super B Energy Complex, Dietary Supplement for Brain Cell Function Support, 60 Softgels, 60 Day Supply</p><p>$9.34 ($0.16 / Count)</p><a href="https://www.amazon.com/dp/B008PQDCG0?tag=eloabder-20&linkCode=osi&th=1&psc=1">View Product</a></div><div class="product"><a href="https://www.amazon.com/dp/B0019CULMA?tag=eloabder-20&linkCode=osi&th=1&psc=1"><img src="https://m.media-amazon.com/images/I/41Yjst8ffCL._SL500_.jpg" alt="Product Image"></a><p>One A Day Energy Multivitamin with Vitamin A, C, D, E, Zinc for Immune Health*, Caffeine, Biotin, B6, B12 & More, 50 Tablets</p><p>$12.95 ($0.26 / Count)</p><a href="https://www.amazon.com/dp/B0019CULMA?tag=eloabder-20&linkCode=osi&th=1&psc=1">View Product</a></div><div class="product"><a href="https://www.amazon.com/dp/B07Q6ZVMK4?tag=eloabder-20&linkCode=osi&th=1&psc=1"><img src="https://m.media-amazon.com/images/I/41rv+HJYEeL._SL500_.jpg" alt="Product Image"></a><p>Acetyl L-Carnitine 1,500 mg High Potency Supports Natural Energy Production, Sports Nutrition, Supports Memory/Focus - 100 Veggie Capsules</p><p>$17.88 ($0.18 / Count)</p><a href="https://www.amazon.com/dp/B07Q6ZVMK4?tag=eloabder-20&linkCode=osi&th=1&psc=1">View Product</a></div>
<div class="product"><a href="https://www.amazon.com/dp/B01M5DEMWI?tag=eloabder-20&linkCode=osi&th=1&psc=1"><img src="https://m.media-amazon.com/images/I/410zXYEJpKL._SL500_.jpg" alt="Product Image"></a><p>Arazo Nutrition Glucosamine Chondroitin Turmeric Msm Boswellia - Joint Support Supplement for Relief 180 Tablets for Bones, Back, Knees, Hands (180 Tablets)</p><p>$25.95 ($0.14 / Count)</p><a href="https://www.amazon.com/dp/B01M5DEMWI?tag=eloabder-20&linkCode=osi&th=1&psc=1">View Product</a></div><div class="product"><a href="https://www.amazon.com/dp/B07SSVYMJV?tag=eloabder-20&linkCode=osi&th=1&psc=1"><img src="https://m.media-amazon.com/images/I/41nKoj5uWZL._SL500_.jpg" alt="Product Image"></a><p>Kirkland Signature Triple Action Joint Health, UC•ll Undenatured Type II Collagen, Boron, Hyaluronic Acid,with Boron,110 Coated Tablets(Pack of 2)</p><p>$51.47 ($0.23 / Count)</p><a href="https://www.amazon.com/dp/B07SSVYMJV?tag=eloabder-20&linkCode=osi&th=1&psc=1">View Product</a></div><div class="product"><a href="https://www.amazon.com/dp/B07VLJN7C6?tag=eloabder-20&linkCode=osi&th=1&psc=1"><img src="https://m.media-amazon.com/images/I/51DwRUN7v6L._SL500_.jpg" alt="Product Image"></a><p>Move Free Ultra Triple Action Joint Support Supplement - Type II Collagen Boron & Hyaluronic Acid - Supports Joint Comfort, Cartiliage & Bones in 1 Tiny Pill Per Day, 64 Tablets (64 servings)*</p><p>$20.47 ($0.32 / Count)</p><a href="https://www.amazon.com/dp/B07VLJN7C6?tag=eloabder-20&linkCode=osi&th=1&psc=1">View Product</a></div><div class="product"><a href="https://www.amazon.com/dp/B0CZBMTDTQ?tag=eloabder-20&linkCode=osi&th=1&psc=1"><img src="https://m.media-amazon.com/images/I/51-QUiTWfiL._SL500_.jpg" alt="Product Image"></a><p>Qunol 5-in-1 Joint Support Supplement, Fast Acting, One Pill Dose, Support Healthy Inflammation Response & Discomfort Caused by Overuse of Joints, Alternative to Glucosamine Chondroitin MSM, 45 Count</p><p>$22.49 ($0.50 / Count)</p><a href="https://www.amazon.com/dp/B0CZBMTDTQ?tag=eloabder-20&linkCode=osi&th=1&psc=1">View Product</a></div><div class="product"><a href="https://www.amazon.com/dp/B0082D9QUW?tag=eloabder-20&linkCode=osi&th=1&psc=1"><img src="https://m.media-amazon.com/images/I/413QAFL8wML._SL500_.jpg" alt="Product Image"></a><p>Osteo Bi-Flex One Per Day, Glucosamine Joint Health Supplement with Vitamin D, Coated Tablets, 60 Count</p><p>$18.99 ($0.32 / Count)</p><a href="https://www.amazon.com/dp/B0082D9QUW?tag=eloabder-20&linkCode=osi&th=1&psc=1">View Product</a></div><div class="product"><a href="https://www.amazon.com/dp/B001W2MBSE?tag=eloabder-20&linkCode=osi&th=1&psc=1"><img src="https://m.media-amazon.com/images/I/4144YmkKbfL._SL500_.jpg" alt="Product Image"></a><p>Move Free Advanced Glucosamine Chondroitin MSM Joint Support Supplement, Supports Mobility Comfort Strength Flexibility & Bone - 120 Tablets (40 servings)*</p><p>$21.99 ($0.18 / Count)</p><a href="https://www.amazon.com/dp/B001W2MBSE?tag=eloabder-20&linkCode=osi&th=1&psc=1">View Product</a></div><div class="product"><a href="https://www.amazon.com/dp/B01N0T9PFZ?tag=eloabder-20&linkCode=osi&th=1&psc=1"><img src="https://m.media-amazon.com/images/I/51QekqG+VoL._SL500_.jpg" alt="Product Image"></a><p>Member's Mark™ Ultra Triple Action Joint Health</p><p>$36.80 ($0.29 / Count)</p><a href="https://www.amazon.com/dp/B01N0T9PFZ?tag=eloabder-20&linkCode=osi&th=1&psc=1">View Product</a></div><div class="product"><a href="https://www.amazon.com/dp/B0055UFNQG?tag=eloabder-20&linkCode=osi&th=1&psc=1"><img src="https://m.media-amazon.com/images/I/51j+Ymx9G-L._SL500_.jpg" alt="Product Image"></a><p>Osteo Bi-Flex Triple Strength with Vitamin D Glucosamine Chondroitin Joint Health Supplement, Coated Tablets, Red, 120 Count</p><p>$29.49 ($0.25 / Count)</p><a href="https://www.amazon.com/dp/B0055UFNQG?tag=eloabder-20&linkCode=osi&th=1&psc=1">View Product</a></div><div class="product"><a href="https://www.amazon.com/dp/B000059Z77?tag=eloabder-20&linkCode=osi&th=1&psc=1"><img src="https://m.media-amazon.com/images/I/51bPlGhhCzL._SL500_.jpg" alt="Product Image"></a><p>Osteo Bi-Flex Triple Strength(5), Glucosamine Chondroitin with Vitamin C Joint Health Supplement, Coated Tablets, 80 Count (Pack of 1)</p><p>$17.49 ($0.22 / Count)</p><a href="https://www.amazon.com/dp/B000059Z77?tag=eloabder-20&linkCode=osi&th=1&psc=1">View Product</a></div>
<div class="product"><a href="https://www.amazon.com/dp/B08ML6GMY4?tag=eloabder-20&linkCode=osi&th=1&psc=1"><img src="https://m.media-amazon.com/images/I/415l9I+T6aL._SL500_.jpg" alt="Product Image"></a><p>Snap Supplements Heart Health Supplements and Blood Circulation Supplements, 90 Capsules</p><p>$39.95 ($0.44 / Count)</p><a href="https://www.amazon.com/dp/B08ML6GMY4?tag=eloabder-20&linkCode=osi&th=1&psc=1">View Product</a></div><div class="product"><a href="https://www.amazon.com/dp/B0B36DNWQQ?tag=eloabder-20&linkCode=osi&th=1&psc=1"><img src="https://m.media-amazon.com/images/I/41piHVRRu9L._SL500_.jpg" alt="Product Image"></a><p>Heart Health Blood Pressure Support Supplement - Support Blood Pressure & Healthy Circularity Naturally with Hawthorn Berry & Hibiscus.Vitamins Pills for Healthy Hypertension (BP) & Healthy Heart.</p><p>$23.91 ($0.27 / Count)</p><a href="https://www.amazon.com/dp/B0B36DNWQQ?tag=eloabder-20&linkCode=osi&th=1&psc=1">View Product</a></div><div class="product"><a href="https://www.amazon.com/dp/B0BMW8YF9G?tag=eloabder-20&linkCode=osi&th=1&psc=1"><img src="https://m.media-amazon.com/images/I/41CZEmqjJ+L._SL500_.jpg" alt="Product Image"></a><p>Heart Defend-Her Womens Heart Health Supplements – Advanced 3-in-1 Blend with Grape Seed Extract, Vitamin K2 MK-7, and CoQ10 – Support Blood Pressure, Artery and Bone Strength – 60 Vegetarian Capsules</p><p>$12.99 ($0.22 / Count)</p><a href="https://www.amazon.com/dp/B0BMW8YF9G?tag=eloabder-20&linkCode=osi&th=1&psc=1">View Product</a></div><div class="product"><a href="https://www.amazon.com/dp/B00NLYAL5G?tag=eloabder-20&linkCode=osi&th=1&psc=1"><img src="https://m.media-amazon.com/images/I/41t26FosJSL._SL500_.jpg" alt="Product Image"></a><p>Life Extension FLORASSIST Heart Health - 2.5 Billion CFU Heart Health Support Advanced Probiotics Supplement for Men and Women – Gluten-Free, Non-GMO, Vegetarian – 60 Capsules</p><p>$24.00 ($0.40 / Count)</p><a href="https://www.amazon.com/dp/B00NLYAL5G?tag=eloabder-20&linkCode=osi&th=1&psc=1">View Product</a></div><div class="product"><a href="https://www.amazon.com/dp/B07CT1KCY8?tag=eloabder-20&linkCode=osi&th=1&psc=1"><img src="https://m.media-amazon.com/images/I/41uYctPvrhL._SL500_.jpg" alt="Product Image"></a><p>NutraPro Healthy Heart - Heart Health Supplements. Artery Cleanse & Protect. Supports Cholesterol and Triglyceride Balancing. GMP Certified</p><p>$28.91 ($0.32 / Count)</p><a href="https://www.amazon.com/dp/B07CT1KCY8?tag=eloabder-20&linkCode=osi&th=1&psc=1">View Product</a></div><div class="product"><a href="https://www.amazon.com/dp/B000FH11VU?tag=eloabder-20&linkCode=osi&th=1&psc=1"><img src="https://m.media-amazon.com/images/I/31OdjGI-eRL._SL500_.jpg" alt="Product Image"></a><p>THORNE Heart Health Complex - with CoQ10, Taurine and Hawthorn - Coenzyme Q10 Supplement with Minerals, Amino Acids, and Botanicals - 90 Capsules</p><p>$38.00 ($0.42 / Count)</p><a href="https://www.amazon.com/dp/B000FH11VU?tag=eloabder-20&linkCode=osi&th=1&psc=1">View Product</a></div><div class="product"><a href="https://www.amazon.com/dp/B00014JOWU?tag=eloabder-20&linkCode=osi&th=1&psc=1"><img src="https://m.media-amazon.com/images/I/41L4KTA5YkL._SL500_.jpg" alt="Product Image"></a><p>Century Systems - Heart Miracle, Nutritional Supplement for Blood Pressure, Cholesterol, and Cardiovascular Support, 32 Ounce Liquid, 16-32 Servings</p><p>$32.99 ($1.03 / Fl Oz)</p><a href="https://www.amazon.com/dp/B00014JOWU?tag=eloabder-20&linkCode=osi&th=1&psc=1">View Product</a></div><div class="product"><a href="https://www.amazon.com/dp/B07ZTVS5KQ?tag=eloabder-20&linkCode=osi&th=1&psc=1"><img src="https://m.media-amazon.com/images/I/41YIIAodZqL._SL500_.jpg" alt="Product Image"></a><p>Heart Supplements 1650mg for Heart Health Support with CoQ10, L-Arginine, Magnesium, Hawthorn - 22 Natural Heart Vitamins & Extracts to Support Nitric Oxide & Energy Production, and More - 60 Capsules</p><p>$14.62 ($0.24 / Count)</p><a href="https://www.amazon.com/dp/B07ZTVS5KQ?tag=eloabder-20&linkCode=osi&th=1&psc=1">View Product</a></div><div class="product"><a href="https://www.amazon.com/dp/B0B9CF8B52?tag=eloabder-20&linkCode=osi&th=1&psc=1"><img src="https://m.media-amazon.com/images/I/51-GopuoY+L._SL500_.jpg" alt="Product Image"></a><p>YUMMYVITE Heart Health Supplement - Supports Heart Health - 60 Capsules</p><p>$14.99 ($0.25 / Count)</p><a href="https://www.amazon.com/dp/B0B9CF8B52?tag=eloabder-20&linkCode=osi&th=1&psc=1">View Product</a></div>
<div class="product"><a href="https://www.amazon.com/dp/B0B5Y5J6G2?tag=eloabder-20&linkCode=osi&th=1&psc=1"><img src="https://m.media-amazon.com/images/I/41MlY2QgEJL._SL500_.jpg" alt="Product Image"></a><p>Primal Harvest Primal Bone Health Calcium Carbonate Bone Health Complex for Men & Women with Calcium, Magnesium, Zinc, Manganese, Potassium, & L-Carnitine (120 capsules)</p><p>$39.95 ($0.33 / Count)</p><a href="https://www.amazon.com/dp/B0B5Y5J6G2?tag=eloabder-20&linkCode=osi&th=1&psc=1">View Product</a></div><div class="product"><a href="https://www.amazon.com/dp/B009E9YK90?tag=eloabder-20&linkCode=osi&th=1&psc=1"><img src="https://m.media-amazon.com/images/I/41k8JHjszUL._SL500_.jpg" alt="Product Image"></a><p>Life Extension Bone Restore + Vitamin K2 Vitamins & Minerals Maintain Bone Health & Strength - Fortifying Nutrients Calcium, D3 & Important Bone Building Minerals - Non-GMO, Gluten-Free -120 Capsules</p><p>$18.00 ($0.15 / Count)</p><a href="https://www.amazon.com/dp/B009E9YK90?tag=eloabder-20&linkCode=osi&th=1&psc=1">View Product</a></div><div class="product"><a href="https://www.amazon.com/dp/B0716RWHX4?tag=eloabder-20&linkCode=osi&th=1&psc=1"><img src="https://m.media-amazon.com/images/I/51GW4bwdnIL._SL500_.jpg" alt="Product Image"></a><p>NATURELO Calcium Supplement - Bone Strength with Calcium 600mg, Vitamin D3, K2, C, Magnesium Zinc - Plant-Based, 120 Vegetarian Capsules, Non-GMO, Soy & Gluten-Free</p><p>$26.95 ($0.22 / Count)</p><a href="https://www.amazon.com/dp/B0716RWHX4?tag=eloabder-20&linkCode=osi&th=1&psc=1">View Product</a></div><div class="product"><a href="https://www.amazon.com/dp/B0CCXFCR88?tag=eloabder-20&linkCode=osi&th=1&psc=1"><img src="https://m.media-amazon.com/images/I/316DOWXwifL._SL500_.jpg" alt="Product Image"></a><p>NativePath Bone Health Collagen Peptides, Type 1 & 3 Peptides, with Fortibone and Verisol, 7.9 Ounce, 30 Servings</p><p>$62.99 ($7.97 / Ounce)</p><a href="https://www.amazon.com/dp/B0CCXFCR88?tag=eloabder-20&linkCode=osi&th=1&psc=1">View Product</a></div><div class="product"><a href="https://www.amazon.com/dp/B00KTI9Q3U?tag=eloabder-20&linkCode=osi&th=1&psc=1"><img src="https://m.media-amazon.com/images/I/41377DEZNsL._SL500_.jpg" alt="Product Image"></a><p>New Chapter Calcium Supplement - Bone Strength Organic Calcium with Magnesium, Vitamin D3+K2, 70+ Trace Minerals for Bone Health, Gluten Free, Easy to Swallow - 180 Slim Tablets</p><p>$50.96 ($0.28 / Count)</p><a href="https://www.amazon.com/dp/B00KTI9Q3U?tag=eloabder-20&linkCode=osi&th=1&psc=1">View Product</a></div><div class="product"><a href="https://www.amazon.com/dp/B07ZQQWKGN?tag=eloabder-20&linkCode=osi&th=1&psc=1"><img src="https://m.media-amazon.com/images/I/51Z+ZOCtD6L._SL500_.jpg" alt="Product Image"></a><p>Bone Strength Calcium Supplement - With Calcium, Vitamin D3, K2, C, Magnesium, Zinc - 8 Bone-Building Nutrients, High Absorption, Non-Constipating Formula - 120 Veggie Capsules for Optimal Bone Health</p><p>$17.97 ($0.15 / Count)</p><a href="https://www.amazon.com/dp/B07ZQQWKGN?tag=eloabder-20&linkCode=osi&th=1&psc=1">View Product</a></div><div class="product"><a href="https://www.amazon.com/dp/B00CYT33Q8?tag=eloabder-20&linkCode=osi&th=1&psc=1"><img src="https://m.media-amazon.com/images/I/41YDhk963AL._SL500_.jpg" alt="Product Image"></a><p>Redd Remedies, Bone Health Advanced, Natural Support with Calcium and Vitamin K2, 120 Capsules</p><p>$39.99 ($0.33 / Count)</p><a href="https://www.amazon.com/dp/B00CYT33Q8?tag=eloabder-20&linkCode=osi&th=1&psc=1">View Product</a></div><div class="product"><a href="https://www.amazon.com/dp/B0012ZW8TI?tag=eloabder-20&linkCode=osi&th=1&psc=1"><img src="https://m.media-amazon.com/images/I/31oIwyVZXlL._SL500_.jpg" alt="Product Image"></a><p>THORNE Advanced Bone Support‡ - (Formerly Oscap) - Bone Health Supplement with Calcium and Vitamin D - 120 Capsules</p><p>$25.00 ($0.21 / Count)</p><a href="https://www.amazon.com/dp/B0012ZW8TI?tag=eloabder-20&linkCode=osi&th=1&psc=1">View Product</a></div><div class="product"><a href="https://www.amazon.com/dp/B0042CXFDG?tag=eloabder-20&linkCode=osi&th=1&psc=1"><img src="https://m.media-amazon.com/images/I/41iCFN2jDqL._SL500_.jpg" alt="Product Image"></a><p>Premier Research Labs OsteoVen TM, 60 Capsules - Nutraceutical Bone and Joint Formula for Comprehensive Support for Healthy Bones and Joints</p><p>$32.91 ($0.55 / Count)</p><a href="https://www.amazon.com/dp/B0042CXFDG?tag=eloabder-20&linkCode=osi&th=1&psc=1">View Product</a></div><div class="product"><a href="https://www.amazon.com/dp/B0B1N5Z372?tag=eloabder-20&linkCode=osi&th=1&psc=1"><img src="https://m.media-amazon.com/images/I/41yz7a0Qn5L._SL500_.jpg" alt="Product Image"></a><p>ALGAECAL Plus - Organic Red Algae Calcium Supplement, Vitamin K2 MK7 (100mg), Vitamin D3 (1600 IU), Magnesium (350mg) & Trace Minerals, for Bone Health & Strength, Easy to Swallow, 120 Veggie Caps</p><p>$74.00 ($0.62 / Count)</p><a href="https://www.amazon.com/dp/B0B1N5Z372?tag=eloabder-20&linkCode=osi&th=1&psc=1">View Product</a></div>
<div class="product"><a href="https://www.amazon.com/dp/B07PN7FB1R?tag=eloabder-20&linkCode=osi&th=1&psc=1"><img src="https://m.media-amazon.com/images/I/515GHvAy+FL._SL500_.jpg" alt="Product Image"></a><p>Physician's CHOICE Probiotics for Weight Management & Bloating - 6 Probiotic Strains - Prebiotics - Key ingredient Cayenne & Green Tea - Supports Gut Health - Weight Management for Women & Men - 30 CT</p><p>$29.97 ($1.00 / Count)</p><a href="https://www.amazon.com/dp/B07PN7FB1R?tag=eloabder-20&linkCode=osi&th=1&psc=1">View Product</a></div><div class="product"><a href="https://www.amazon.com/dp/B01ANSJV80?tag=eloabder-20&linkCode=osi&th=1&psc=1"><img src="https://m.media-amazon.com/images/I/4124WZb3jhL._SL500_.jpg" alt="Product Image"></a><p>Estroven Weight Management for Menopause Relief - 30 Ct. - Clinically Proven Ingredients Help Manage Weight, Provide Night Sweats & Hot Flash Relief - Drug-Free & Gluten-Free Caplets</p><p>$18.68 ($0.62 / Count)</p><a href="https://www.amazon.com/dp/B01ANSJV80?tag=eloabder-20&linkCode=osi&th=1&psc=1">View Product</a></div><div class="product"><a href="https://www.amazon.com/dp/B08HJBTZMH?tag=eloabder-20&linkCode=osi&th=1&psc=1"><img src="https://m.media-amazon.com/images/I/51HQpbfo4QL._SL500_.jpg" alt="Product Image"></a><p>Culturelle Probiotic Capsules for Healthy Metabolism & Weight Management (Ages 18+) - 30 Count - Helps Manage Weight & Promote Metabolism of Fats, Carbs & Proteins - Caffeine-Free</p><p>$26.99 ($0.90 / Count)</p><a href="https://www.amazon.com/dp/B08HJBTZMH?tag=eloabder-20&linkCode=osi&th=1&psc=1">View Product</a></div><div class="product"><a href="https://www.amazon.com/dp/B003MB26LK?tag=eloabder-20&linkCode=osi&th=1&psc=1"><img src="https://m.media-amazon.com/images/I/41DjVuzo7DL._SL500_.jpg" alt="Product Image"></a><p>Purina Pro Plan Large Breed Weight Management Dog Food, Chicken & Rice Formula - 34 lb. Bag</p><p>$71.98 ($2.12 / Pound)</p><a href="https://www.amazon.com/dp/B003MB26LK?tag=eloabder-20&linkCode=osi&th=1&psc=1">View Product</a></div><div class="product"><a href="https://www.amazon.com/dp/B072F8HRM1?tag=eloabder-20&linkCode=osi&th=1&psc=1"><img src="https://m.media-amazon.com/images/I/51KS6y-EH7L._SL500_.jpg" alt="Product Image"></a><p>AZO Bladder Control with Go-Less® & Weight Management Dietary Supplement | Helps Reduce Occasional Urgency* | Promotes Healthy Metabolism* | Supports a Good Night’s Sleep* | 48 Capsules</p><p>$19.74 ($0.41 / Count)</p><a href="https://www.amazon.com/dp/B072F8HRM1?tag=eloabder-20&linkCode=osi&th=1&psc=1">View Product</a></div><div class="product"><a href="https://www.amazon.com/dp/B0CKFHQPZV?tag=eloabder-20&linkCode=osi&th=1&psc=1"><img src="https://m.media-amazon.com/images/I/519Qr2jD-tL._SL500_.jpg" alt="Product Image"></a><p>21-in-1 Berberine Supplement with Ceylon Cinnamon - Berberine 1500 mg with Chromium, Bitter Melon and Green Tea Extract - Berberine 5X for Weight Management & Metabolism Support with 5279 mg (120 ct)</p><p>$21.95 ($0.18 / Count)</p><a href="https://www.amazon.com/dp/B0CKFHQPZV?tag=eloabder-20&linkCode=osi&th=1&psc=1">View Product</a></div><div class="product"><a href="https://www.amazon.com/dp/B00027D80A?tag=eloabder-20&linkCode=osi&th=1&psc=1"><img src="https://m.media-amazon.com/images/I/41hpUYe6+cL._SL500_.jpg" alt="Product Image"></a><p>Natrol Carb Intercept with Phase 2 Carb Controller Capsules, White kidney bean extract, Helps control carbs, Helps metabolize fats, Clinically tested, Promotes healthy body weight, 1,000mg, 120 Count</p><p>$21.94 ($0.18 / Count)</p><a href="https://www.amazon.com/dp/B00027D80A?tag=eloabder-20&linkCode=osi&th=1&psc=1">View Product</a></div><div class="product"><a href="https://www.amazon.com/dp/B0CYCPG3DM?tag=eloabder-20&linkCode=osi&th=1&psc=1"><img src="https://m.media-amazon.com/images/I/41vkuI2sW7L._SL500_.jpg" alt="Product Image"></a><p>Estroven SlimBiotics, Weight Management Menopause Supplements for Women, 30 Capsules, B Vitamins to Support Metabolic Health, Probiotics for Digestive Health to Provide Gas & Bloating Relief</p><p>$26.58 ($0.89 / Count)</p><a href="https://www.amazon.com/dp/B0CYCPG3DM?tag=eloabder-20&linkCode=osi&th=1&psc=1">View Product</a></div><div class="product"><a href="https://www.amazon.com/dp/B0CBB1H324?tag=eloabder-20&linkCode=osi&th=1&psc=1"><img src="https://m.media-amazon.com/images/I/41RGDg2i1YL._SL500_.jpg" alt="Product Image"></a><p>Berberine Supplement 1200mg - 5X Higher Absorption - Ultra Pure 98% Berberine HCL - Healthy Weight Management, Immune Support - Non GMO, Manufactured in USA - 60 Vegan Capsules</p><p>$29.99 ($0.50 / Count)</p><a href="https://www.amazon.com/dp/B0CBB1H324?tag=eloabder-20&linkCode=osi&th=1&psc=1">View Product</a></div>
<div class="product"><a href="https://www.amazon.com/dp/B00ISAPPLI?tag=eloabder-20&linkCode=osi&th=1&psc=1"><img src="https://m.media-amazon.com/images/I/417-h8k4YML._SL500_.jpg" alt="Product Image"></a><p>Dr. Tobias Colon 14 Day Cleanse, Advanced Gut Cleanse Detox for Women & Men with Cascara Sagrada, Psyllium Husk & Senna Leaf, Non-GMO Colon Cleanse, 28 Capsules 1-2 Daily</p><p>$19.99 ($0.71 / Count)</p><a href="https://www.amazon.com/dp/B00ISAPPLI?tag=eloabder-20&linkCode=osi&th=1&psc=1">View Product</a></div><div class="product"><a href="https://www.amazon.com/dp/B07J9KNS9G?tag=eloabder-20&linkCode=osi&th=1&psc=1"><img src="https://m.media-amazon.com/images/I/31tx0nQjZ9L._SL500_.jpg" alt="Product Image"></a><p>JSHealth Vitamins Detox and Debloat Liver Health Formula | Liver Detox Pills | Debloating Formula with Milk Thistle, Turmeric, Fennel | Liver Cleanse Supplement (60 Tablets)</p><p>$37.99 ($0.63 / Count)</p><a href="https://www.amazon.com/dp/B07J9KNS9G?tag=eloabder-20&linkCode=osi&th=1&psc=1">View Product</a></div><div class="product"><a href="https://www.amazon.com/dp/B095H6GR19?tag=eloabder-20&linkCode=osi&th=1&psc=1"><img src="https://m.media-amazon.com/images/I/41cAOGEXneL._SL500_.jpg" alt="Product Image"></a><p>Colon Cleanser Detox for Weight Flush - 15 Day Intestinal Cleanse Pills & Probiotic - Fast Natural Laxative for Constipation Relief - Bowel Movement Supplements for Stomach Bloating, Gut Loss Support</p><p>$9.95 ($0.33 / Count)</p><a href="https://www.amazon.com/dp/B095H6GR19?tag=eloabder-20&linkCode=osi&th=1&psc=1">View Product</a></div><div class="product"><a href="https://www.amazon.com/dp/B0C9N21MB9?tag=eloabder-20&linkCode=osi&th=1&psc=1"><img src="https://m.media-amazon.com/images/I/41VtUHf8FIL._SL500_.jpg" alt="Product Image"></a><p>Bronson Liver Detox Advanced Detox & Cleansing Formula Supports Health Liver Function with Milk Thistle, Dandelion Root, Turmeric, Artichoke Leaf & More, Non-GMO, 60 Vegetarian Capsules</p><p>$9.99 ($0.17 / Count)</p><a href="https://www.amazon.com/dp/B0C9N21MB9?tag=eloabder-20&linkCode=osi&th=1&psc=1">View Product</a></div><div class="product"><a href="https://www.amazon.com/dp/B0CZDXGW2H?tag=eloabder-20&linkCode=osi&th=1&psc=1"><img src="https://m.media-amazon.com/images/I/519ruoENRPL._SL500_.jpg" alt="Product Image"></a><p>90,000 MG Detox and Liver Cleanser, Full Body Detox Cleanse, Fast Detox, Natural Toxins Remove, Natural Herbal Premium Formula for Liver, Urinary Tract, Digestion & Mood, Made in USA, 60 Caps</p><p>$27.99 ($0.47 / Count)</p><a href="https://www.amazon.com/dp/B0CZDXGW2H?tag=eloabder-20&linkCode=osi&th=1&psc=1">View Product</a></div><div class="product"><a href="https://www.amazon.com/dp/B0CLH9BQ22?tag=eloabder-20&linkCode=osi&th=1&psc=1"><img src="https://m.media-amazon.com/images/I/31rR+aA0rBL._SL500_.jpg" alt="Product Image"></a><p>Bella All Natural Extreme Detox Powder - Mango</p><p>$35.00 ($2.48 / Ounce)</p><a href="https://www.amazon.com/dp/B0CLH9BQ22?tag=eloabder-20&linkCode=osi&th=1&psc=1">View Product</a></div><div class="product"><a href="https://www.amazon.com/dp/B01AVJGHW4?tag=eloabder-20&linkCode=osi&th=1&psc=1"><img src="https://m.media-amazon.com/images/I/51xGQHea+JL._SL500_.jpg" alt="Product Image"></a><p>Century Systems The Cleaner Detox, Powerful 7-Day Complete Internal Cleansing Formula for Men, Support Digestive Health, 52 Vegetarian Capsules</p><p>$15.55 ($0.30 / Count)</p><a href="https://www.amazon.com/dp/B01AVJGHW4?tag=eloabder-20&linkCode=osi&th=1&psc=1">View Product</a></div><div class="product"><a href="https://www.amazon.com/dp/B07D4372Y8?tag=eloabder-20&linkCode=osi&th=1&psc=1"><img src="https://m.media-amazon.com/images/I/41BJ0OX9gML._SL500_.jpg" alt="Product Image"></a><p>Herbal Nitro My Gentle Detox - Fast, Gentle Constipation Relief in 1 Day - All-Natural Colon Cleanse Detox Pills for Women & Men - Helps Reduce Bloating, Gas, Irregularity - 30 Capsules</p><p>$27.97 ($0.93 / Count)</p><a href="https://www.amazon.com/dp/B07D4372Y8?tag=eloabder-20&linkCode=osi&th=1&psc=1">View Product</a></div><div class="product"><a href="https://www.amazon.com/dp/B016BAO0LW?tag=eloabder-20&linkCode=osi&th=1&psc=1"><img src="https://m.media-amazon.com/images/I/41CEuhtv5jL._SL500_.jpg" alt="Product Image"></a><p>Purely Inspired 7-Day Detox Cleanse - Whole Body Cleanse & Detox Pills for Women & Men, Powered with Senna Leaf, Vitamin C, Apple Cider Vinegar, Digestive Enzymes & Probiotics - 42 Acai Berry Capsules</p><p>$11.23 ($0.27 / Count)</p><a href="https://www.amazon.com/dp/B016BAO0LW?tag=eloabder-20&linkCode=osi&th=1&psc=1">View Product</a></div><div class="product"><a href="https://www.amazon.com/dp/B0CRMVWKL4?tag=eloabder-20&linkCode=osi&th=1&psc=1"><img src="https://m.media-amazon.com/images/I/41wTqdC2eiL._SL500_.jpg" alt="Product Image"></a><p>28-in-1 Liver Cleanse with Milk Thistle, Artichoke & Apple Cider Vinegar - Liver Cleanse Detox & Repair Heath Formula Liver Support Supplement 60 Vegan Capsules</p><p>$24.99 ($0.42 / Count)</p><a href="https://www.amazon.com/dp/B0CRMVWKL4?tag=eloabder-20&linkCode=osi&th=1&psc=1">View Product</a></div>
<div class="product"><a href="https://www.amazon.com/dp/B08DP57QF5?tag=eloabder-20&linkCode=osi&th=1&psc=1"><img src="https://m.media-amazon.com/images/I/41fG9e3QHeL._SL500_.jpg" alt="Product Image"></a><p>Inno Cleanse - Waist Trimming Complex | Digestive System Support & Aid | Reduced Bloating | Improves Energy Levels | Gluten Free, Vegan Friendly</p><p>$43.99 ($0.73 / Count)</p><a href="https://www.amazon.com/dp/B08DP57QF5?tag=eloabder-20&linkCode=osi&th=1&psc=1">View Product</a></div><div class="product"><a href="https://www.amazon.com/dp/B0015R3L5S?tag=eloabder-20&linkCode=osi&th=1&psc=1"><img src="https://m.media-amazon.com/images/I/51LB3xPDZ+L._SL500_.jpg" alt="Product Image"></a><p>Renew Life Detox Cleanse More, Reduces Bloating and Restores Regularity, Overnight Constipation Relief, Soy, Dairy and gluten-free, 100 Capsules</p><p>$24.99 ($0.25 / Count)</p><a href="https://www.amazon.com/dp/B0015R3L5S?tag=eloabder-20&linkCode=osi&th=1&psc=1">View Product</a></div><div class="product"><a href="https://www.amazon.com/dp/B00CGFKD4K?tag=eloabder-20&linkCode=osi&th=1&psc=1"><img src="https://m.media-amazon.com/images/I/31mtuMnrYaL._SL500_.jpg" alt="Product Image"></a><p>Health Plus Super Colon Cleanse 10 Day Gentle Gut Cleanse Detox, Psyllium Husk, Probiotics for Constipation Relief & Digestive Support, 60 Capsules</p><p>$12.99 ($0.22 / Count)</p><a href="https://www.amazon.com/dp/B00CGFKD4K?tag=eloabder-20&linkCode=osi&th=1&psc=1">View Product</a></div><div class="product"><a href="https://www.amazon.com/dp/B000W6N3B0?tag=eloabder-20&linkCode=osi&th=1&psc=1"><img src="https://m.media-amazon.com/images/I/513eRgpwDzL._SL500_.jpg" alt="Product Image"></a><p>Nature's Secret Ultimate Cleanse 2-Part Total Body Detoxification & Elimination Supports Digestion, Wellness, Colon Health & Regularity - Multi-Herb Digestion & Multi-Fiber Cleanse - 240 Tablets</p><p>$26.24 ($0.11 / Count)</p><a href="https://www.amazon.com/dp/B000W6N3B0?tag=eloabder-20&linkCode=osi&th=1&psc=1">View Product</a></div><div class="product"><a href="https://www.amazon.com/dp/B076QGVCTJ?tag=eloabder-20&linkCode=osi&th=1&psc=1"><img src="https://m.media-amazon.com/images/I/51mTNryXDDL._SL500_.jpg" alt="Product Image"></a><p>CLEANSE on the go - 3 Day Juice Cleanse - Just Add Water - 21 Powder Packets</p><p>$64.95 ($64.95 / Count)</p><a href="https://www.amazon.com/dp/B076QGVCTJ?tag=eloabder-20&linkCode=osi&th=1&psc=1">View Product</a></div>

<div class="product"><a href="https://www.amazon.com/dp/B08LQZCR3L?tag=eloabder-20&linkCode=osi&th=1&psc=1"><img src="https://m.media-amazon.com/images/I/41HE+7tML2L._SL500_.jpg" alt="Product Image"></a><p>OLLY Ultra Strength Goodbye Stress Softgels, GABA, Ashwagandha, L-Theanine and Lemon Balm, Stress Relief Supplement - 60 Count</p><p>$19.99 ($0.33 / Count)</p><a href="https://www.amazon.com/dp/B08LQZCR3L?tag=eloabder-20&linkCode=osi&th=1&psc=1">View Product</a></div><div class="product"><a href="https://www.amazon.com/dp/B07PWMXMZ6?tag=eloabder-20&linkCode=osi&th=1&psc=1"><img src="https://m.media-amazon.com/images/I/41VD6DY7HqL._SL500_.jpg" alt="Product Image"></a><p>Nature's Bounty Anxiety & Stress Relief Ashwagandha Ksm-66 Tablets, 50 Count</p><p>$10.98 ($0.22 / Count)</p><a href="https://www.amazon.com/dp/B07PWMXMZ6?tag=eloabder-20&linkCode=osi&th=1&psc=1">View Product</a></div><div class="product"><a href="https://www.amazon.com/dp/B08VYWSVVF?tag=eloabder-20&linkCode=osi&th=1&psc=1"><img src="https://m.media-amazon.com/images/I/41Ho+8wPa0L._SL500_.jpg" alt="Product Image"></a><p>Boiron StressCalm for Relief of Stress, Anxiousness, Nervousness, Irritability, and Fatigue - 60 Count</p><p>$9.99 ($0.17 / Count)</p><a href="https://www.amazon.com/dp/B08VYWSVVF?tag=eloabder-20&linkCode=osi&th=1&psc=1">View Product</a></div><div class="product"><a href="https://www.amazon.com/dp/B09SR84773?tag=eloabder-20&linkCode=osi&th=1&psc=1"><img src="https://m.media-amazon.com/images/I/41ZCNv-yCrL._SL500_.jpg" alt="Product Image"></a><p>Nature Made Wellblends Stress Relief Gummies, L theanine 200mg to Help Reduce Stress, with GABA 100mg, Same Day Stress Support, 40 Strawberry Flavor Gummies</p><p>$18.09 ($0.45 / Count)</p><a href="https://www.amazon.com/dp/B09SR84773?tag=eloabder-20&linkCode=osi&th=1&psc=1">View Product</a></div><div class="product"><a href="https://www.amazon.com/dp/B08JTDM8JX?tag=eloabder-20&linkCode=osi&th=1&psc=1"><img src="https://m.media-amazon.com/images/I/51UKAPsnDSL._SL500_.jpg" alt="Product Image"></a><p>Zenium - Relieve Stress, Tension, Worry, Nervousness, & Irritability | Calm The Mind & Body | Ayurvedic | Natural Relief Supplement | Boosts Mood | Ashwagandha, L-Theanine, GABA, Rhodiola |60 Capsules</p><p>$28.60 ($0.32 / Count)</p><a href="https://www.amazon.com/dp/B08JTDM8JX?tag=eloabder-20&linkCode=osi&th=1&psc=1">View Product</a></div><div class="product"><a href="https://www.amazon.com/dp/B01M1HYRNJ?tag=eloabder-20&linkCode=osi&th=1&psc=1"><img src="https://m.media-amazon.com/images/I/41cyJuNhkJL._SL500_.jpg" alt="Product Image"></a><p>OLLY Goodbye Stress Gummy, GABA, L-Theanine, Lemon Balm, Stress Relief Supplement, Berry - 42 Count</p><p>$11.99 ($0.29 / Count)</p><a href="https://www.amazon.com/dp/B01M1HYRNJ?tag=eloabder-20&linkCode=osi&th=1&psc=1">View Product</a></div><div class="product"><a href="https://www.amazon.com/dp/B0D3584KTT?tag=eloabder-20&linkCode=osi&th=1&psc=1"><img src="https://m.media-amazon.com/images/I/314M3cMtYEL._SL500_.jpg" alt="Product Image"></a><p>Habit Stress Relief Supplement (60 Capsules) - New Look, Supports Relaxation & Mood Balance, Vitamin B, Adaptogens, Lemon Balm, Calming, Vegan, Non-GMO (1 Pack)</p><p>$7.99 ($0.13 / Count)</p><a href="https://www.amazon.com/dp/B0D3584KTT?tag=eloabder-20&linkCode=osi&th=1&psc=1">View Product</a></div><div class="product"><a href="https://www.amazon.com/dp/B0B7YVVCJD?tag=eloabder-20&linkCode=osi&th=1&psc=1"><img src="https://m.media-amazon.com/images/I/41FfvHvKl7L._SL500_.jpg" alt="Product Image"></a><p>Primal Harvest Stress Relief Supplement for Women and Men Pure Ashwagandha Root Extract, L-Theanine Supplements, 30 Capsules</p><p>$39.95 ($1.33 / Count)</p><a href="https://www.amazon.com/dp/B0B7YVVCJD?tag=eloabder-20&linkCode=osi&th=1&psc=1">View Product</a></div><div class="product"><a href="https://www.amazon.com/dp/B08F2TY6SQ?tag=eloabder-20&linkCode=osi&th=1&psc=1"><img src="https://m.media-amazon.com/images/I/41zMS+Vdv7L._SL500_.jpg" alt="Product Image"></a><p>Stress Relief Gummies for Adults | with Gaba, L Theanine and Lemon Balm | Lemon Strawberry Gummies | Non-GMO, Gluten Free Supplement | by Nature's Truth</p><p>$9.99 ($0.21 / Count)</p><a href="https://www.amazon.com/dp/B08F2TY6SQ?tag=eloabder-20&linkCode=osi&th=1&psc=1">View Product</a></div>
<div class="product"><a href="https://www.amazon.com/dp/B07PBZRDJN?tag=eloabder-20&linkCode=osi&th=1&psc=1"><img src="https://m.media-amazon.com/images/I/51mpObXjYwL._SL500_.jpg" alt="Product Image"></a><p>NEURIVA Plus Brain Supplement for Memory and Focus Clinically Tested Nootropics for Concentration for Mental Clarity, Cognitive Enhancement Vitamins B6, B12, Phosphatidylserine 30 Capsules</p><p>$29.78 ($0.99 / Count)</p><a href="https://www.amazon.com/dp/B07PBZRDJN?tag=eloabder-20&linkCode=osi&th=1&psc=1">View Product</a></div><div class="product"><a href="https://www.amazon.com/dp/B01JIKQDPS?tag=eloabder-20&linkCode=osi&th=1&psc=1"><img src="https://m.media-amazon.com/images/I/41Ezne379HL._SL500_.jpg" alt="Product Image"></a><p>Nootropics Brain Support Supplement - Mental Focus Nootropic Memory Supplement for Brain Health & and Performance Blend, with Energy and Vitamins DMAE Bacopa and Phosphatidylserine Capsule</p><p>$19.55 ($0.33 / Count)</p><a href="https://www.amazon.com/dp/B01JIKQDPS?tag=eloabder-20&linkCode=osi&th=1&psc=1">View Product</a></div><div class="product"><a href="https://www.amazon.com/dp/B07Q5DZJTK?tag=eloabder-20&linkCode=osi&th=1&psc=1"><img src="https://m.media-amazon.com/images/I/414Ts8+w+YL._SL500_.jpg" alt="Product Image"></a><p>DR. EMIL NUTRITION 2100mg Organic Lions Mane Supplement Capsules - Focus, Mental Clarity & Cognition - Nootropic Lion's Mane Mushroom Supplement with Organic Lions Mane</p><p>$22.85 ($0.25 / Count)</p><a href="https://www.amazon.com/dp/B07Q5DZJTK?tag=eloabder-20&linkCode=osi&th=1&psc=1">View Product</a></div><div class="product"><a href="https://www.amazon.com/dp/B07WT6RLX9?tag=eloabder-20&linkCode=osi&th=1&psc=1"><img src="https://m.media-amazon.com/images/I/51o6VcG9A4L._SL500_.jpg" alt="Product Image"></a><p>ONNIT Alpha Brain Premium Nootropic Brain Supplement, 30 Count, for Men & Women - Caffeine-Free Focus Capsules for Concentration, Brain Booster & Memory Support</p><p>$29.71 ($0.99 / Count)</p><a href="https://www.amazon.com/dp/B07WT6RLX9?tag=eloabder-20&linkCode=osi&th=1&psc=1">View Product</a></div><div class="product"><a href="https://www.amazon.com/dp/B06XP35CN9?tag=eloabder-20&linkCode=osi&th=1&psc=1"><img src="https://m.media-amazon.com/images/I/41mC1EgSjWL._SL500_.jpg" alt="Product Image"></a><p>Advanced Nootropics Brain Support Supplement - Synergetic Mental Energy and Focus Supplement with Brain Vitamins for Cognitive Enhancement - Mind and Memory Supplement for Brain Health (30 Servings)</p><p>$13.78 ($0.23 / Count)</p><a href="https://www.amazon.com/dp/B06XP35CN9?tag=eloabder-20&linkCode=osi&th=1&psc=1">View Product</a></div><div class="product"><a href="https://www.amazon.com/dp/B0C8ZHNVHK?tag=eloabder-20&linkCode=osi&th=1&psc=1"><img src="https://m.media-amazon.com/images/I/51LyeYCadbL._SL500_.jpg" alt="Product Image"></a><p>Switch, Brain Boosting Nootropic Energy Supplement, Increase Mental Focus & Cognitive Function, Enhances Mood & Memory, Alpha GPC, Ashwagandha, Sugar Free Energy Powder-Keto</p><p>$49.99 ($8.91 / Ounce)</p><a href="https://www.amazon.com/dp/B0C8ZHNVHK?tag=eloabder-20&linkCode=osi&th=1&psc=1">View Product</a></div><div class="product"><a href="https://www.amazon.com/dp/B0BXTN1V7F?tag=eloabder-20&linkCode=osi&th=1&psc=1"><img src="https://m.media-amazon.com/images/I/513JW5FoUhL._SL500_.jpg" alt="Product Image"></a><p>NEURIVA Ultra Decaffeinated Clinically Tested Nootropic Brain Supplement for Mental Alertness, Memory, Focus & Concentration, Cognivive, Neurofactor, Phosphatidylserine, Vitamins B6 B12, 60 Capsules</p><p>$69.99 ($1.17 / Count)</p><a href="https://www.amazon.com/dp/B0BXTN1V7F?tag=eloabder-20&linkCode=osi&th=1&psc=1">View Product</a></div><div class="product"><a href="https://www.amazon.com/dp/B07RP44QPT?tag=eloabder-20&linkCode=osi&th=1&psc=1"><img src="https://m.media-amazon.com/images/I/414Ge8If89L._SL500_.jpg" alt="Product Image"></a><p>Vital Vitamins Brain Supplements for Memory and Focus - Nootropic Brain Support - Memory, Clarity, Focus, Energy - Vitamin B12, Gingko Biloba, DMAE</p><p>$21.01 ($0.70 / Count)</p><a href="https://www.amazon.com/dp/B07RP44QPT?tag=eloabder-20&linkCode=osi&th=1&psc=1">View Product</a></div><div class="product"><a href="https://www.amazon.com/dp/B00GQVA728?tag=eloabder-20&linkCode=osi&th=1&psc=1"><img src="https://m.media-amazon.com/images/I/41XREocXS9L._SL500_.jpg" alt="Product Image"></a><p>NOW Essential Oils, Mental Focus Oil Blend, Centering Aromatherapy Scent, Blend of Pure Essential Oils, Vegan, Child Resistant Cap, 1-Ounce</p><p>$9.99</p><a href="https://www.amazon.com/dp/B00GQVA728?tag=eloabder-20&linkCode=osi&th=1&psc=1">View Product</a></div>
<div class="product"><a href="https://www.amazon.com/dp/B0CLJ62HJN?tag=eloabder-20&linkCode=osi&th=1&psc=1"><img src="https://m.media-amazon.com/images/I/51fzZ1f4aKL._SL500_.jpg" alt="Product Image"></a><p>Probiotics for Men, 500 Billion CFU 12 Strains Mens Probiotic with Turmeric Cranberry & Goji, Gut Health for Men, Probiotics for Men Digestive Health, Bloating, Immune & Overall Health, 30-Day Supply</p><p>$24.90 ($0.42 / Count)</p><a href="https://www.amazon.com/dp/B0CLJ62HJN?tag=eloabder-20&linkCode=osi&th=1&psc=1">View Product</a></div><div class="product"><a href="https://www.amazon.com/dp/B01KE592JU?tag=eloabder-20&linkCode=osi&th=1&psc=1"><img src="https://m.media-amazon.com/images/I/41H9Ng4ybQL._SL500_.jpg" alt="Product Image"></a><p>Multivitamin for Men - Daily Mens Multivitamins & Multiminerals Supplement for Energy, Focus and Performance. Mens Vitamins A, C, D, E & B12, Zinc, Calcium, Magnesium & More. Multi Vitamin Capsules</p><p>$22.97 ($0.38 / Count)</p><a href="https://www.amazon.com/dp/B01KE592JU?tag=eloabder-20&linkCode=osi&th=1&psc=1">View Product</a></div><div class="product"><a href="https://www.amazon.com/dp/B084HGKTSD?tag=eloabder-20&linkCode=osi&th=1&psc=1"><img src="https://m.media-amazon.com/images/I/51TL3dHZ-fL._SL500_.jpg" alt="Product Image"></a><p>NATURE TARGET Probiotics for Men with Men Care Supplement, Prebiotics & Probiotic for Men's Digestive and Immune Health,60 Billion CFUs & 14 Strains Shelf Stable, Gluten & Soy Free (90 Tablets)</p><p>$16.99 ($0.19 / Count)</p><a href="https://www.amazon.com/dp/B084HGKTSD?tag=eloabder-20&linkCode=osi&th=1&psc=1">View Product</a></div><div class="product"><a href="https://www.amazon.com/dp/B09N44X5GZ?tag=eloabder-20&linkCode=osi&th=1&psc=1"><img src="https://m.media-amazon.com/images/I/41AH6xcqptL._SL500_.jpg" alt="Product Image"></a><p>Saw Palmetto Supplement - Potent 3X Formula with Stinging Nettle + Pumpkin Seed Extract - DHT Blocker Urinary Health & Prostate Support Supplement for Mens Health - Saw Palmetto for Men 2 Month Supply</p><p>$27.49 ($0.23 / Count)</p><a href="https://www.amazon.com/dp/B09N44X5GZ?tag=eloabder-20&linkCode=osi&th=1&psc=1">View Product</a></div><div class="product"><a href="https://www.amazon.com/dp/B01MQ1JLWY?tag=eloabder-20&linkCode=osi&th=1&psc=1"><img src="https://m.media-amazon.com/images/I/41O5MqjxlDL._SL500_.jpg" alt="Product Image"></a><p>Prime Labs - Men's Testosterone Booster - Stamina, Endurance, & Strength Booster - 60 Caplets</p><p>$21.49 ($0.36 / Count)</p><a href="https://www.amazon.com/dp/B01MQ1JLWY?tag=eloabder-20&linkCode=osi&th=1&psc=1">View Product</a></div><div class="product"><a href="https://www.amazon.com/dp/B09X2CG92L?tag=eloabder-20&linkCode=osi&th=1&psc=1"><img src="https://m.media-amazon.com/images/I/41ebxpgEyDL._SL500_.jpg" alt="Product Image"></a><p>21,800mg Testosterone Booster for Men 8X Strength w. Ashwagandha, Tongkat Ali, Pycnogenol, Tribulus - Total T Male Enhancing Test Libido Booster + Muscle Builder Growth Testosterone Supplement for Men</p><p>$29.95 ($0.33 / Count)</p><a href="https://www.amazon.com/dp/B09X2CG92L?tag=eloabder-20&linkCode=osi&th=1&psc=1">View Product</a></div><div class="product"><a href="https://www.amazon.com/dp/B0B44VP9QV?tag=eloabder-20&linkCode=osi&th=1&psc=1"><img src="https://m.media-amazon.com/images/I/31Ep1XHYAUL._SL500_.jpg" alt="Product Image"></a><p>Health by Habit Mens Multi Supplement (60 Capsules) - 23 Essential Vitamins and Minerals, Supports General Health & Wellness, Non-GMO, Sugar Free (1 Pack)</p><p>$10.06 ($0.17 / Count)</p><a href="https://www.amazon.com/dp/B0B44VP9QV?tag=eloabder-20&linkCode=osi&th=1&psc=1">View Product</a></div><div class="product"><a href="https://www.amazon.com/dp/B09W1R4JJ9?tag=eloabder-20&linkCode=osi&th=1&psc=1"><img src="https://m.media-amazon.com/images/I/51FMBwtAQZL._SL500_.jpg" alt="Product Image"></a><p>Force Factor Test X180 Gummies Testosterone Booster for Men with Tongkat Ali, Horny Goat Weed, Tribulus Terrestris, Fenugreek, & Black Maca, Supplement Men, Berry Punch, 60 Gummies, 1-Pack</p><p>$18.80 ($0.31 / Count)</p><a href="https://www.amazon.com/dp/B09W1R4JJ9?tag=eloabder-20&linkCode=osi&th=1&psc=1">View Product</a></div><div class="product"><a href="https://www.amazon.com/dp/B00Y8MP5VA?tag=eloabder-20&linkCode=osi&th=1&psc=1"><img src="https://m.media-amazon.com/images/I/41EWrdWCUSL._SL500_.jpg" alt="Product Image"></a><p>Garden of Life Probiotics for Men Dr Formulated 50 Billion CFU 15 Probiotics + Organic Prebiotic Fiber for Digestive, Colon & Immune Support, Daily Gas Relief, Dairy Free, Shelf Stable, 30 Capsules</p><p>$31.71 ($1.06 / Count)</p><a href="https://www.amazon.com/dp/B00Y8MP5VA?tag=eloabder-20&linkCode=osi&th=1&psc=1">View Product</a></div>
<div class="product"><a href="https://www.amazon.com/dp/B07B8BSGPL?tag=eloabder-20&linkCode=osi&th=1&psc=1"><img src="https://m.media-amazon.com/images/I/51fhicydrEL._SL500_.jpg" alt="Product Image"></a><p>Physician's Choice Probiotics for Women - PH Balance, Digestive, UT, & Feminine Health - 50 Billion CFU - 6 Unique Strains for Women - Organic Prebiotics, Cranberry Extract+ - Women Probiotic - 30 CT</p><p>$23.98 ($0.80 / Count)</p><a href="https://www.amazon.com/dp/B07B8BSGPL?tag=eloabder-20&linkCode=osi&th=1&psc=1">View Product</a></div><div class="product"><a href="https://www.amazon.com/dp/B0BL2GM261?tag=eloabder-20&linkCode=osi&th=1&psc=1"><img src="https://m.media-amazon.com/images/I/31nzULQJHwL._SL500_.jpg" alt="Product Image"></a><p>Health by Habit Womens Multi Supplement (60 Capsules) - 23 Essential Vitamins and Minerals, Supports General Health & Wellness, Non-GMO, Sugar Free (1 Pack)</p><p>$10.70 ($0.18 / Count)</p><a href="https://www.amazon.com/dp/B0BL2GM261?tag=eloabder-20&linkCode=osi&th=1&psc=1">View Product</a></div><div class="product"><a href="https://www.amazon.com/dp/B07YWJZJNY?tag=eloabder-20&linkCode=osi&th=1&psc=1"><img src="https://m.media-amazon.com/images/I/51lB0uUNGDL._SL500_.jpg" alt="Product Image"></a><p>Doctor's Recipes Women’s Probiotic, 60 Caps 50 Billion CFU 16 Strains, with Organic Cranberry, Digestive Immune Vaginal & Urinary Health, Shelf Stable, Delayed Release, No Soy Gluten Dairy</p><p>$17.49 ($0.29 / Count)</p><a href="https://www.amazon.com/dp/B07YWJZJNY?tag=eloabder-20&linkCode=osi&th=1&psc=1">View Product</a></div><div class="product"><a href="https://www.amazon.com/dp/B004ZNDFIW?tag=eloabder-20&linkCode=osi&th=1&psc=1"><img src="https://m.media-amazon.com/images/I/51+VsWEmpSL._SL500_.jpg" alt="Product Image"></a><p>Renew Life Women's Probiotic Capsules, Supports pH Balance for Women, Vaginal, Urinary, Digestive and Immune Health, L. Rhamnosus GG, Dairy, Soy and Gluten-Free, 25 Billion CFU - 30 Ct</p><p>$16.78 ($0.56 / Count)</p><a href="https://www.amazon.com/dp/B004ZNDFIW?tag=eloabder-20&linkCode=osi&th=1&psc=1">View Product</a></div><div class="product"><a href="https://www.amazon.com/dp/B006I7AT78?tag=eloabder-20&linkCode=osi&th=1&psc=1"><img src="https://m.media-amazon.com/images/I/41v96+mT7-L._SL500_.jpg" alt="Product Image"></a><p>Nature's Way Women's Probiotic Pearls, Supports Vaginal and Digestive Health*, 1 Billion Live Cultures, No Refrigeration Required, 30 Softgels (Packaging May Vary)</p><p>$11.81 ($0.39 / Count)</p><a href="https://www.amazon.com/dp/B006I7AT78?tag=eloabder-20&linkCode=osi&th=1&psc=1">View Product</a></div><div class="product"><a href="https://www.amazon.com/dp/B092CS29NR?tag=eloabder-20&linkCode=osi&th=1&psc=1"><img src="https://m.media-amazon.com/images/I/41mHol7tOzL._SL500_.jpg" alt="Product Image"></a><p>OLLY Happy Hoo-Ha Capsules, Probiotic for Women, Vaginal Health and pH Balance, 10 Billion CFU, Gluten Free - 25 Count</p><p>$16.37 ($0.65 / Count)</p><a href="https://www.amazon.com/dp/B092CS29NR?tag=eloabder-20&linkCode=osi&th=1&psc=1">View Product</a></div><div class="product"><a href="https://www.amazon.com/dp/B09YM5LMX7?tag=eloabder-20&linkCode=osi&th=1&psc=1"><img src="https://m.media-amazon.com/images/I/51h9mac9ZFL._SL500_.jpg" alt="Product Image"></a><p>OMOGS Women's Probiotic,with Cranberry Extract and Organic Prebiotics,90 Billion CFUs,18 Strains,Help for Boost Immune,Digestive, Gut and Women's Health,Gluten Dairy Yeast & Soy Free, 90 Tablets</p><p>$8.99 ($0.10 / Count)</p><a href="https://www.amazon.com/dp/B09YM5LMX7?tag=eloabder-20&linkCode=osi&th=1&psc=1">View Product</a></div><div class="product"><a href="https://www.amazon.com/dp/B074BLLV81?tag=eloabder-20&linkCode=osi&th=1&psc=1"><img src="https://m.media-amazon.com/images/I/51KGSL1CsIL._SL500_.jpg" alt="Product Image"></a><p>AZO Complete Feminine Balance Daily Probiotics for Women, Clinically Proven to Help Protect Vaginal Health, balance pH and yeast, Non-GMO, 30 Count</p><p>$23.51 ($0.78 / Count)</p><a href="https://www.amazon.com/dp/B074BLLV81?tag=eloabder-20&linkCode=osi&th=1&psc=1">View Product</a></div>
<div class="product"><a href="https://www.amazon.com/dp/B0CGKVHHCY?tag=eloabder-20&linkCode=osi&th=1&psc=1"><img src="https://m.media-amazon.com/images/I/51HSSDVp7sL._SL500_.jpg" alt="Product Image"></a><p>MaryRuth's Liquid Multivitamin + Lustriva® Hair Growth Vitamins | Biotin 10000mcg | Vitamin D | Clinically Tested for Thicker Hair, Wrinkles, Fine Lines, Skin Care | Ages 18+ | 30 Fl Oz</p><p>$74.95 ($2.50 / Fl Oz)</p><a href="https://www.amazon.com/dp/B0CGKVHHCY?tag=eloabder-20&linkCode=osi&th=1&psc=1">View Product</a></div><div class="product"><a href="https://www.amazon.com/dp/B09RKDGYJD?tag=eloabder-20&linkCode=osi&th=1&psc=1"><img src="https://m.media-amazon.com/images/I/51VPhOLi43L._SL500_.jpg" alt="Product Image"></a><p>Biotin | Collagen | Keratin | Hyaluronic Acid - Hair Growth Support Supplement | Skin & Nails Beauty Complex 25000 mcg - B1 | B2 | B3 | B6 | B7 - Made in USA - For Women & Men | 60 Capsules</p><p>$21.16 ($0.35 / Count)</p><a href="https://www.amazon.com/dp/B09RKDGYJD?tag=eloabder-20&linkCode=osi&th=1&psc=1">View Product</a></div><div class="product"><a href="https://www.amazon.com/dp/B0D379XS3Z?tag=eloabder-20&linkCode=osi&th=1&psc=1"><img src="https://m.media-amazon.com/images/I/41ZnobZ4taL._SL500_.jpg" alt="Product Image"></a><p>WONDERCOW Hair Skin and Nails Vitamins w/Bovine Colostrum, Collagen, Hyaluronic Acid, Biotin, Zinc, & Lactoferrin┃Supports Faster Hair Growth, Stronger Nails and Glowing Skin (30 servings, Capsule)</p><p>$39.99 ($0.44 / Count)</p><a href="https://www.amazon.com/dp/B0D379XS3Z?tag=eloabder-20&linkCode=osi&th=1&psc=1">View Product</a></div><div class="product"><a href="https://www.amazon.com/dp/B0D2JFRTJY?tag=eloabder-20&linkCode=osi&th=1&psc=1"><img src="https://m.media-amazon.com/images/I/415HdLpj8pL._SL500_.jpg" alt="Product Image"></a><p>InstaRelief® Hair Growth with Lustriva® - Clinically Shown to Grow Thicker, Healthier Hair in 3 Weeks, Reduce Wrinkles and Fine Lines, with Biotin, Silicon, and Arginine, 60 Tablets</p><p>$26.98 ($0.45 / Count)</p><a href="https://www.amazon.com/dp/B0D2JFRTJY?tag=eloabder-20&linkCode=osi&th=1&psc=1">View Product</a></div><div class="product"><a href="https://www.amazon.com/dp/B07H8RQCX2?tag=eloabder-20&linkCode=osi&th=1&psc=1"><img src="https://m.media-amazon.com/images/I/41c4gXD7hAS._SL500_.jpg" alt="Product Image"></a><p>JSHealth Vitamins Hair and Energy Formula Hair Growth Vitamins | Hair Vitamins for Women and Men | Zinc and Iodine Hair Supplements for Hair Growth | Hair Loss Supplements | (30 Capsules)</p><p>$27.99 ($0.93 / Count)</p><a href="https://www.amazon.com/dp/B07H8RQCX2?tag=eloabder-20&linkCode=osi&th=1&psc=1">View Product</a></div><div class="product"><a href="https://www.amazon.com/dp/B07L8KPCFY?tag=eloabder-20&linkCode=osi&th=1&psc=1"><img src="https://m.media-amazon.com/images/I/31NkOtXpn0L._SL500_.jpg" alt="Product Image"></a><p>Hello Lovely! Hair Vitamins Gummies with Biotin 5000 mcg Vitamin E & C Support Hair Growth, Premium Vegetarian Non-GMO, for Stronger Beautiful Hair, Skin & Nails Supplement - 60 Gummy Bears</p><p>$14.62 ($0.24 / Count)</p><a href="https://www.amazon.com/dp/B07L8KPCFY?tag=eloabder-20&linkCode=osi&th=1&psc=1">View Product</a></div>
<div class="product"><a href="https://www.amazon.com/dp/B0072F8D7S?tag=eloabder-20&linkCode=osi&th=1&psc=1"><img src="https://m.media-amazon.com/images/I/41j4CBYG0SL._SL500_.jpg" alt="Product Image"></a><p>Nature's Bounty Advanced Hair, Skin & Nails, Argan-Infused Vitamin Supplement with Biotin and Hyaluronic Acid, 150 Rapid Release Softgels</p><p>$11.22 ($0.07 / Count)</p><a href="https://www.amazon.com/dp/B0072F8D7S?tag=eloabder-20&linkCode=osi&th=1&psc=1">View Product</a></div><div class="product"><a href="https://www.amazon.com/dp/B07SRVJBSJ?tag=eloabder-20&linkCode=osi&th=1&psc=1"><img src="https://m.media-amazon.com/images/I/415Fg7XSFDL._SL500_.jpg" alt="Product Image"></a><p>Horbäach Hair Skin and Nails Vitamins | 300 Softgels | with Biotin and Collagen | Infused with Argan Oil and Coconut Oil | Non-GMO, Gluten Free Supplement</p><p>$16.47 ($0.05 / Count)</p><a href="https://www.amazon.com/dp/B07SRVJBSJ?tag=eloabder-20&linkCode=osi&th=1&psc=1">View Product</a></div><div class="product"><a href="https://www.amazon.com/dp/B07FB65182?tag=eloabder-20&linkCode=osi&th=1&psc=1"><img src="https://m.media-amazon.com/images/I/41Dof1D4sQL._SL500_.jpg" alt="Product Image"></a><p>Life Extension Skin Restoring Ceramides - Promotes Hydration & Encourages Healthy Ceramide Levels in Skin - Once-Daily Oral Supplement - Non-GMO, Gluten-Free – 30 Liquid Vegetarian Capsules</p><p>$18.75 ($0.62 / Count)</p><a href="https://www.amazon.com/dp/B07FB65182?tag=eloabder-20&linkCode=osi&th=1&psc=1">View Product</a></div><div class="product"><a href="https://www.amazon.com/dp/B0B3GBJJGW?tag=eloabder-20&linkCode=osi&th=1&psc=1"><img src="https://m.media-amazon.com/images/I/41h5D2kKYEL._SL500_.jpg" alt="Product Image"></a><p>Collagen Pills 1000mg Biotin 10000mcg Keratin Saw Palmetto 2500mg Hyaluronic Acid - Hair Skin and Nails Vitamins and DHT Blocker with Vitamin E Folic Acid Pumpkin Seed MSM - 90 Count</p><p>$29.95 ($0.33 / Count)</p><a href="https://www.amazon.com/dp/B0B3GBJJGW?tag=eloabder-20&linkCode=osi&th=1&psc=1">View Product</a></div><div class="product"><a href="https://www.amazon.com/dp/B00EEOGIWC?tag=eloabder-20&linkCode=osi&th=1&psc=1"><img src="https://m.media-amazon.com/images/I/41KNQKYyyaL._SL500_.jpg" alt="Product Image"></a><p>Phytoceramides 350mg per softgel - Plant Derived Ceramides for Healthy Skin and Hydration - Non GMO with No Fillers or Synthetic Vitamins - 30 Liquid softgels</p><p>$19.95 ($0.66 / Count)</p><a href="https://www.amazon.com/dp/B00EEOGIWC?tag=eloabder-20&linkCode=osi&th=1&psc=1">View Product</a></div><div class="product"><a href="https://www.amazon.com/dp/B0CG9QS1JY?tag=eloabder-20&linkCode=osi&th=1&psc=1"><img src="https://m.media-amazon.com/images/I/41GR02V0-iL._SL500_.jpg" alt="Product Image"></a><p>CLEARstem - MINDBODYSKIN Hormonal Acne Supplement (5-HTP) - Natural DIM Supplement - Skin Care Vitamins - Hormone Balance, Antioxidants - Vegan, Gluten Free, Cruelty Free - 30 Servings, 90 Capsules</p><p>$57.35 ($0.64 / Count)</p><a href="https://www.amazon.com/dp/B0CG9QS1JY?tag=eloabder-20&linkCode=osi&th=1&psc=1">View Product</a></div><div class="product"><a href="https://www.amazon.com/dp/B0CCYZ4ZG4?tag=eloabder-20&linkCode=osi&th=1&psc=1"><img src="https://m.media-amazon.com/images/I/41UMUWSDIBL._SL500_.jpg" alt="Product Image"></a><p>Vital Vitamins Multi Collagen Plus - Biotin, Hyaluronic Acid, Vitamin C - Collagen for Women & Men - Hair Growth Support Supplement - Skin, Nails Beauty Complex - 150 Pills</p><p>$25.95 ($0.17 / Count)</p><a href="https://www.amazon.com/dp/B0CCYZ4ZG4?tag=eloabder-20&linkCode=osi&th=1&psc=1">View Product</a></div>
<div class="product"><a href="https://www.amazon.com/dp/B0D354DJQH?tag=eloabder-20&linkCode=osi&th=1&psc=1"><img src="https://m.media-amazon.com/images/I/31Q9PLna2VL._SL500_.jpg" alt="Product Image"></a><p>HABIT Hair, Skin & Nails Supplement (60 Capsules) - New Look, Supports Skin Hydration, Hair & Nail Strength, Biotin 2000mcg, Vitamin A & C, Hyaluronic Acid, Rosehip, Vegan, Non-GMO (1 Pack)</p><p>$7.88 ($0.13 / Count)</p><a href="https://www.amazon.com/dp/B0D354DJQH?tag=eloabder-20&linkCode=osi&th=1&psc=1">View Product</a></div><div class="product"><a href="https://www.amazon.com/dp/B01D6AQR7A?tag=eloabder-20&linkCode=osi&th=1&psc=1"><img src="https://m.media-amazon.com/images/I/41ot-3xB2JL._SL500_.jpg" alt="Product Image"></a><p>Nature Made Hair Skin and Nails with Biotin 2500 mcg, Dietary Supplement For Healthy Hair Skin and Nails Support, 120 Softgels, 120 Day Supply</p><p>$18.97 ($0.16 / Count)</p><a href="https://www.amazon.com/dp/B01D6AQR7A?tag=eloabder-20&linkCode=osi&th=1&psc=1">View Product</a></div><div class="product"><a href="https://www.amazon.com/dp/B00006MMU6?tag=eloabder-20&linkCode=osi&th=1&psc=1"><img src="https://m.media-amazon.com/images/I/41ItG2Bl1RL._SL500_.jpg" alt="Product Image"></a><p>NONYX Fungal Nail Clarifying Gel | Rids Nails of Fungus by Removing Keratin Debris Where Nail Fungus Grows | 90% of Toenails Improved Using this Toenail Fungus Treatment | 4 oz</p><p>$19.98 ($5.00 / Fl Oz)</p><a href="https://www.amazon.com/dp/B00006MMU6?tag=eloabder-20&linkCode=osi&th=1&psc=1">View Product</a></div><div class="product"><a href="https://www.amazon.com/dp/B09S3Y3J92?tag=eloabder-20&linkCode=osi&th=1&psc=1"><img src="https://m.media-amazon.com/images/I/41lQO63btQL._SL500_.jpg" alt="Product Image"></a><p>Kerasal Nail Renewal and Nail File Combo Pack, Restores Appearance of Discolored or Damaged Nails, 5 Heavy Duty Nail Files, 0.33 fl oz, Clear</p><p>$25.85 ($78.33 / Fl Oz)</p><a href="https://www.amazon.com/dp/B09S3Y3J92?tag=eloabder-20&linkCode=osi&th=1&psc=1">View Product</a></div><div class="product"><a href="https://www.amazon.com/dp/B000EH0NEC?tag=eloabder-20&linkCode=osi&th=1&psc=1"><img src="https://m.media-amazon.com/images/I/41XaFeLycBL._SL500_.jpg" alt="Product Image"></a><p>Nutra Nail 5 to 7 Day Growth Treatment - Fast Keratin Nail Hardener & Nail Strengthener for Thin Nails, Brittle & Damaged (0.47 Fl Oz)</p><p>$14.97 ($31.85 / Fl Oz)</p><a href="https://www.amazon.com/dp/B000EH0NEC?tag=eloabder-20&linkCode=osi&th=1&psc=1">View Product</a></div><div class="product"><a href="https://www.amazon.com/dp/B089RQTWLR?tag=eloabder-20&linkCode=osi&th=1&psc=1"><img src="https://m.media-amazon.com/images/I/417WgL6e20L._SL500_.jpg" alt="Product Image"></a><p>Clear Nails - Extra Strength - Probiotic Fungus Inhibitor - 50 Billion CFU</p><p>$22.49 ($0.37 / Count)</p><a href="https://www.amazon.com/dp/B089RQTWLR?tag=eloabder-20&linkCode=osi&th=1&psc=1">View Product</a></div>
<div class="product"><a href="https://www.amazon.com/dp/B07FZ85R1Y?tag=eloabder-20&linkCode=osi&th=1&psc=1"><img src="https://m.media-amazon.com/images/I/51NlAN37ewL._SL500_.jpg" alt="Product Image"></a><p>Areds 2 Eye Vitamins - Lutein, Zeaxanthin & Bilberry Extract - Supports Eye Strain, Dry Eyes, and Vision Health - 2 Award-Winning Clinically Proven Eye Vitamin Ingredients - Carotenoid Blend</p><p>$23.97 ($0.40 / Count)</p><a href="https://www.amazon.com/dp/B07FZ85R1Y?tag=eloabder-20&linkCode=osi&th=1&psc=1">View Product</a></div><div class="product"><a href="https://www.amazon.com/dp/B0C4J8G4SB?tag=eloabder-20&linkCode=osi&th=1&psc=1"><img src="https://m.media-amazon.com/images/I/51VNHCxN5pL._SL500_.jpg" alt="Product Image"></a><p>Eye Health Vitamins with Bilberry 6000mg Lutein & Zeaxanthin 40mg Lycopene 40mg Resveratrol 3000mg Grape Seed Extract 6000mg Omega 3 4000mg Astaxanthin - Eye Vitamin - 60 Capsules</p><p>$29.95 ($0.50 / Count)</p><a href="https://www.amazon.com/dp/B0C4J8G4SB?tag=eloabder-20&linkCode=osi&th=1&psc=1">View Product</a></div><div class="product"><a href="https://www.amazon.com/dp/B00DJUK8IM?tag=eloabder-20&linkCode=osi&th=1&psc=1"><img src="https://m.media-amazon.com/images/I/51LPoH2nRnL._SL500_.jpg" alt="Product Image"></a><p>Ocuvite Eye Vitamin & Mineral Supplement, Contains Zinc, Vitamins C, E, Omega 3, Lutein, & Zeaxanthin, 90 Softgels (Packaging May Vary)</p><p>$23.47 ($0.26 / Count)</p><a href="https://www.amazon.com/dp/B00DJUK8IM?tag=eloabder-20&linkCode=osi&th=1&psc=1">View Product</a></div><div class="product"><a href="https://www.amazon.com/dp/B0CGRYBQ2J?tag=eloabder-20&linkCode=osi&th=1&psc=1"><img src="https://m.media-amazon.com/images/I/51Hxps2kajL._SL500_.jpg" alt="Product Image"></a><p>Garden of Life Herbals Eye Health Supplement with Sunflower & Safflower Oil, Lutein, Zeaxanthin & Black Currant for Dry Eyes & Healthy Vision Support – Non-GMO, Gluten-Free, Berry Flavor, 30 Servings</p><p>$28.34 ($0.94 / Count)</p><a href="https://www.amazon.com/dp/B0CGRYBQ2J?tag=eloabder-20&linkCode=osi&th=1&psc=1">View Product</a></div><div class="product"><a href="https://www.amazon.com/dp/B07Y6Q6TFF?tag=eloabder-20&linkCode=osi&th=1&psc=1"><img src="https://m.media-amazon.com/images/I/518zmodQYgL._SL500_.jpg" alt="Product Image"></a><p>UpNourish AREDS 2+ - Advanced Eye Vitamin Supplement for Macular Health and Dry Eye - Lutein, Zeaxanthin, Saffron, Astaxanthin & DHA - Supports Eye Strain, Pressure, Night Vision - 120 softgels</p><p>$24.99 ($0.21 / Count)</p><a href="https://www.amazon.com/dp/B07Y6Q6TFF?tag=eloabder-20&linkCode=osi&th=1&psc=1">View Product</a></div><div class="product"><a href="https://www.amazon.com/dp/B07JNK257G?tag=eloabder-20&linkCode=osi&th=1&psc=1"><img src="https://m.media-amazon.com/images/I/41HuGBuDqaL._SL500_.jpg" alt="Product Image"></a><p>EyeScience Macular Health Beyond AREDS2 Formula, Advanced Ocular Vitamin - Containing Lutein, Zeaxanthin, Bilberry, and Vitamins C, D, E, and B6 (60 Day Supply)</p><p>$54.99 ($0.46 / Count)</p><a href="https://www.amazon.com/dp/B07JNK257G?tag=eloabder-20&linkCode=osi&th=1&psc=1">View Product</a></div><div class="product"><a href="https://www.amazon.com/dp/B007Z4EKQE?tag=eloabder-20&linkCode=osi&th=1&psc=1"><img src="https://m.media-amazon.com/images/I/315eIHyBj6L._SL500_.jpg" alt="Product Image"></a><p>EyePromise Restore Supplement - 60 Softgel Capsules Containing Lutein, Vitamin C, Vitamin D, Vitamin E, Omega-3 Fish Oil, and Zeaxanthin - A Patented Complete Eye Health Formula</p><p>$40.95 ($0.68 / Count)</p><a href="https://www.amazon.com/dp/B007Z4EKQE?tag=eloabder-20&linkCode=osi&th=1&psc=1">View Product</a></div><div class="product"><a href="https://www.amazon.com/dp/B004R66K9I?tag=eloabder-20&linkCode=osi&th=1&psc=1"><img src="https://m.media-amazon.com/images/I/41wdjw9An4L._SL500_.jpg" alt="Product Image"></a><p>Puritan's Pride Lutein 40 Mg with Zeaxanthin, Helps Support Eye Health*, Whole Bean, 60 Ct,</p><p>$8.08 ($0.13 / Count)</p><a href="https://www.amazon.com/dp/B004R66K9I?tag=eloabder-20&linkCode=osi&th=1&psc=1">View Product</a></div>


<div class="product"><a href="https://www.amazon.com/dp/B0C9M3VMD5?tag=eloabder-20&linkCode=osi&th=1&psc=1"><img src="https://m.media-amazon.com/images/I/51Ef845LRAL._SL500_.jpg" alt="Product Image"></a><p>Poygik Premium 420 Piece Large First Aid Kit for Home, Car, Travel, Camping, Truck, Hiking, Sports, Office, Vehicle & Outdoor Emergencies - Emergency Medical Kits, Businesses & Home Medical Supplies</p><p>$46.95 ($46.95 / Count)</p><a href="https://www.amazon.com/dp/B0C9M3VMD5?tag=eloabder-20&linkCode=osi&th=1&psc=1">View Product</a></div><div class="product"><a href="https://www.amazon.com/dp/B08127GKPR?tag=eloabder-20&linkCode=osi&th=1&psc=1"><img src="https://m.media-amazon.com/images/I/51IJV3GwkxL._SL500_.jpg" alt="Product Image"></a><p>Care Science First Aid Kit, 110 Pieces | Professional Use for Travel, Work, School, Home, Car, Survival, Camping, Hiking, and More</p><p>$9.99 ($0.09 / Count)</p><a href="https://www.amazon.com/dp/B08127GKPR?tag=eloabder-20&linkCode=osi&th=1&psc=1">View Product</a></div><div class="product"><a href="https://www.amazon.com/dp/B0B41MYSGP?tag=eloabder-20&linkCode=osi&th=1&psc=1"><img src="https://m.media-amazon.com/images/I/51TXjQQrgWL._SL500_.jpg" alt="Product Image"></a><p>Johnson & Johnson Travel Ready Portable Emergency First Aid Kit for Minor Wound Care with Assorted Adhesive Bandages, Gauze Pads & More, Ideal for Travel, Car & On-The-Go, 80 pc</p><p>$8.16 ($0.10 / Count)</p><a href="https://www.amazon.com/dp/B0B41MYSGP?tag=eloabder-20&linkCode=osi&th=1&psc=1">View Product</a></div><div class="product"><a href="https://www.amazon.com/dp/B006RNSPYM?tag=eloabder-20&linkCode=osi&th=1&psc=1"><img src="https://m.media-amazon.com/images/I/41oaygM+6-L._SL500_.jpg" alt="Product Image"></a><p>First Aid Only 9302-25M 25-Person Contractor's Emergency First Aid Kit for Home Renovation, Job Sites, and Construction Vehicles, 178 Pieces</p><p>$25.59</p><a href="https://www.amazon.com/dp/B006RNSPYM?tag=eloabder-20&linkCode=osi&th=1&psc=1">View Product</a></div><div class="product"><a href="https://www.amazon.com/dp/B07KRMQ8W6?tag=eloabder-20&linkCode=osi&th=1&psc=1"><img src="https://m.media-amazon.com/images/I/31-2HjYAfiL._SL500_.jpg" alt="Product Image"></a><p>Bactine MAX First Aid Spray - Pain Relief Cleansing Spray with 4% Lidocaine - Numbing Lidocaine Spray Kills 99.9% of Germs - Pain + Itch Relief for Minor Cuts & Scrapes, Burns & Bug Bites - 5oz</p><p>$4.42 ($0.88 / Fl Oz)</p><a href="https://www.amazon.com/dp/B07KRMQ8W6?tag=eloabder-20&linkCode=osi&th=1&psc=1">View Product</a></div><div class="product"><a href="https://www.amazon.com/dp/B096X2NK1B?tag=eloabder-20&linkCode=osi&th=1&psc=1"><img src="https://m.media-amazon.com/images/I/41Qyy+jNITL._SL500_.jpg" alt="Product Image"></a><p>330 Piece First Aid Kit, Premium Waterproof Compact Trauma Medical Kits for Any Emergencies, Ideal for Home, Office, Car, Travel, Outdoor, Camping, Hiking, Boating (Red)</p><p>$45.99 ($0.14 / Count)</p><a href="https://www.amazon.com/dp/B096X2NK1B?tag=eloabder-20&linkCode=osi&th=1&psc=1">View Product</a></div><div class="product"><a href="https://www.amazon.com/dp/B00164IIUI?tag=eloabder-20&linkCode=osi&th=1&psc=1"><img src="https://m.media-amazon.com/images/I/51vsE2VasGL._SL500_.jpg" alt="Product Image"></a><p>Neosporin Original First Aid Antibiotic Ointment with Bacitracin Zinc For Infection Protection, Wound Care Treatment & Scar Appearance Minimizer for Minor Cuts, Scrapes and Burns,.5 oz</p><p>$4.87 ($9.74 / Ounce)</p><a href="https://www.amazon.com/dp/B00164IIUI?tag=eloabder-20&linkCode=osi&th=1&psc=1">View Product</a></div><div class="product"><a href="https://www.amazon.com/dp/B0C17MKP1S?tag=eloabder-20&linkCode=osi&th=1&psc=1"><img src="https://m.media-amazon.com/images/I/41If81FeQFL._SL500_.jpg" alt="Product Image"></a><p>Mini First Aid Kit, 100 Pieces Water-Resistant Hard Shell Small Case - Perfect for Travel, Outdoor, Home, Office, Camping, Hiking, Car (Red)</p><p>$12.99 ($0.13 / Count)</p><a href="https://www.amazon.com/dp/B0C17MKP1S?tag=eloabder-20&linkCode=osi&th=1&psc=1">View Product</a></div>
<div class="product"><a href="https://www.amazon.com/dp/B007EBRA6A?tag=eloabder-20&linkCode=osi&th=1&psc=1"><img src="https://m.media-amazon.com/images/I/31XNtfz6-lL._SL500_.jpg" alt="Product Image"></a><p>Improved Medihoney Gel Wound and & Burn Dressing from Derma Sciences, 0.5 oz,</p><p>$7.99 ($15.98 / Fl Oz)</p><a href="https://www.amazon.com/dp/B007EBRA6A?tag=eloabder-20&linkCode=osi&th=1&psc=1">View Product</a></div><div class="product"><a href="https://www.amazon.com/dp/B07964SRBL?tag=eloabder-20&linkCode=osi&th=1&psc=1"><img src="https://m.media-amazon.com/images/I/31BpDfWNr6L._SL500_.jpg" alt="Product Image"></a><p>Be Smart Get Prepared SILVEX Wound Gel</p><p>$8.12 ($16.24 / Ounce)</p><a href="https://www.amazon.com/dp/B07964SRBL?tag=eloabder-20&linkCode=osi&th=1&psc=1">View Product</a></div><div class="product"><a href="https://www.amazon.com/dp/B00N2VOLF4?tag=eloabder-20&linkCode=osi&th=1&psc=1"><img src="https://m.media-amazon.com/images/I/31k3xbO6c2L._SL500_.jpg" alt="Product Image"></a><p>terrasil Wound Care 3X - Healing Ointment for Cuts, Burns, Blisters, Rashes, Scars, Bed Sores, & Diabetic Ulcers. Natural Skin Care Treatment, Dermatologist-Tested, Hypoallergenic Approved (.5oz)</p><p>$24.00 ($48.98 / Ounce)</p><a href="https://www.amazon.com/dp/B00N2VOLF4?tag=eloabder-20&linkCode=osi&th=1&psc=1">View Product</a></div><div class="product"><a href="https://www.amazon.com/dp/B019660RPG?tag=eloabder-20&linkCode=osi&th=1&psc=1"><img src="https://m.media-amazon.com/images/I/41wsMk2hIZL._SL500_.jpg" alt="Product Image"></a><p>Vashe Wound Solution OTC | Pure Hypochlorous Acid-Preserved Wound Cleanser | Home Wound Care | Non-Cytotoxic and Skin-Neutral pH | 8.5 Fl Oz</p><p>$23.99</p><a href="https://www.amazon.com/dp/B019660RPG?tag=eloabder-20&linkCode=osi&th=1&psc=1">View Product</a></div><div class="product"><a href="https://www.amazon.com/dp/B09V3GHJYF?tag=eloabder-20&linkCode=osi&th=1&psc=1"><img src="https://m.media-amazon.com/images/I/41DjaWOgweL._SL500_.jpg" alt="Product Image"></a><p>Absorbine Silver Honey Rapid Wound Repair Ointment 2oz Tube, Medical Grade Manuka Honey & MicroSilver BG</p><p>$23.36 ($11.68 / Ounce)</p><a href="https://www.amazon.com/dp/B09V3GHJYF?tag=eloabder-20&linkCode=osi&th=1&psc=1">View Product</a></div><div class="product"><a href="https://www.amazon.com/dp/B00EC6DE7Y?tag=eloabder-20&linkCode=osi&th=1&psc=1"><img src="https://m.media-amazon.com/images/I/41BlVTkyTCL._SL500_.jpg" alt="Product Image"></a><p>NeilMed Cleanse Sterile Saline Wound Wash, 6.3 Ounce</p><p>$5.98 ($1.00 / Fl Oz)</p><a href="https://www.amazon.com/dp/B00EC6DE7Y?tag=eloabder-20&linkCode=osi&th=1&psc=1">View Product</a></div><div class="product"><a href="https://www.amazon.com/dp/B07FYDFGVD?tag=eloabder-20&linkCode=osi&th=1&psc=1"><img src="https://m.media-amazon.com/images/I/515p26GgPxL._SL500_.jpg" alt="Product Image"></a><p>All Health Wound Care Kit, 40 Items | For Small to Medium Sized Wounds</p><p>$7.47</p><a href="https://www.amazon.com/dp/B07FYDFGVD?tag=eloabder-20&linkCode=osi&th=1&psc=1">View Product</a></div><div class="product"><a href="https://www.amazon.com/dp/B0019FHWPQ?tag=eloabder-20&linkCode=osi&th=1&psc=1"><img src="https://m.media-amazon.com/images/I/31Qs02lFNDL._SL500_.jpg" alt="Product Image"></a><p>Medline Skintegrity Wound Cleanser, 8 ounce Spray Bottle, for wound cleaning, debridement, removing protein, pressure injuries, infected wounds, spray can be adjusted from mist to stream,White</p><p>$9.99 ($1.25 / Ounce)</p><a href="https://www.amazon.com/dp/B0019FHWPQ?tag=eloabder-20&linkCode=osi&th=1&psc=1">View Product</a></div>
<div class="product"><a href="https://www.amazon.com/dp/B0B1N47758?tag=eloabder-20&linkCode=osi&th=1&psc=1"><img src="https://m.media-amazon.com/images/I/517wH3I79AL._SL500_.jpg" alt="Product Image"></a><p>LifeVac Yellow Travel Kit 2 Pack - Portable Suction Rescue Device, First Aid Kit for Kids and Adults, Portable Airway Suction Device for Children and Adults</p><p>$139.99 ($70.00 / Count)</p><a href="https://www.amazon.com/dp/B0B1N47758?tag=eloabder-20&linkCode=osi&th=1&psc=1">View Product</a></div>



<div class="product"><a href="https://www.amazon.com/dp/B09K1RKQS6?tag=eloabder-20&linkCode=osi&th=1&psc=1"><img src="https://m.media-amazon.com/images/I/41lzaD4UgAL._SL500_.jpg" alt="Product Image"></a><p>EarCentric EasyCharge Rechargeable Hearing Aids (Pair) for Seniors, Behind-The-Ear BTE Ear Aid PSAP digital Personal sound amplification products devices with Noise Cancellation (Beige)</p><p>$199.00</p><a href="https://www.amazon.com/dp/B09K1RKQS6?tag=eloabder-20&linkCode=osi&th=1&psc=1">View Product</a></div><div class="product"><a href="https://www.amazon.com/dp/B0BNK7XV1C?tag=eloabder-20&linkCode=osi&th=1&psc=1"><img src="https://m.media-amazon.com/images/I/41qea6gV+JL._SL500_.jpg" alt="Product Image"></a><p>BIBIED Hearing Aids, Digital Rechargeable OTC Hearing Aids for Seniors with Charging Case, Invisible Hearing Amplifier with Noise Reduction (White)</p><p>$139.99 ($70.00 / Count)</p><a href="https://www.amazon.com/dp/B0BNK7XV1C?tag=eloabder-20&linkCode=osi&th=1&psc=1">View Product</a></div>


<div class="product"><a href="https://www.amazon.com/dp/B0CZ6PVVSP?tag=eloabder-20&linkCode=osi&th=1&psc=1"><img src="https://m.media-amazon.com/images/I/41Edr6RdDDL._SL500_.jpg" alt="Product Image"></a><p>Nieteyrue Updated Vaginial Cream Applicators (40 Packs) Disposable Dosage Markings Plastic Individually Wrapped Fit to Most Cream, Gels, Lub-ric-ants, Feminine Care Vaginial Applicators</p><p>$16.99 ($0.42 / Count)</p><a href="https://www.amazon.com/dp/B0CZ6PVVSP?tag=eloabder-20&linkCode=osi&th=1&psc=1">View Product</a></div><div class="product"><a href="https://www.amazon.com/dp/B0D2L35LLP?tag=eloabder-20&linkCode=osi&th=1&psc=1"><img src="https://m.media-amazon.com/images/I/41SAiDtZfHL._SL500_.jpg" alt="Product Image"></a><p>(16 Pcs) Hearing Aid Wax Guard Filter for Starkey Prowax Minifit Hear Clear Accessories,Starkey Prowax Filters(1.5mm) Hearing Aids Supplies,Ear Replacement Parts Cleaning Kit Tool（2 Pack）</p><p>$7.99 ($0.50 / Count)</p><a href="https://www.amazon.com/dp/B0D2L35LLP?tag=eloabder-20&linkCode=osi&th=1&psc=1">View Product</a></div>
<div class="product"><a href="https://www.amazon.com/dp/B0CDZJ9JJC?tag=eloabder-20&linkCode=osi&th=1&psc=1"><img src="https://m.media-amazon.com/images/I/51eaQ4M7l3L._SL500_.jpg" alt="Product Image"></a><p>Charmin Ultra Soft Toilet Paper 6 Mega Rolls = 24 Regular Rolls</p><p>$7.97 ($0.59 / 100 Sheets)</p><a href="https://www.amazon.com/dp/B0CDZJ9JJC?tag=eloabder-20&linkCode=osi&th=1&psc=1">View Product</a></div><div class="product"><a href="https://www.amazon.com/dp/B07BGLT25K?tag=eloabder-20&linkCode=osi&th=1&psc=1"><img src="https://m.media-amazon.com/images/I/51E4cTD1y1L._SL500_.jpg" alt="Product Image"></a><p>Scott ComfortPlus Toilet Paper, 12 Double Rolls, 231 Sheets per Roll, Septic-Safe, 1-Ply Toilet Tissue</p><p>$5.99 ($0.22 / 100 Sheets)</p><a href="https://www.amazon.com/dp/B07BGLT25K?tag=eloabder-20&linkCode=osi&th=1&psc=1">View Product</a></div><div class="product"><a href="https://www.amazon.com/dp/B0CKK43XXS?tag=eloabder-20&linkCode=osi&th=1&psc=1"><img src="https://m.media-amazon.com/images/I/51H5mXFgbsL._SL500_.jpg" alt="Product Image"></a><p>Scott Paper Towels, Choose-A-Sheet, 6 Double Rolls = 12 Regular Rolls (100 Sheets Per Roll)</p><p>$6.84 ($1.14 / 100 Sheets)</p><a href="https://www.amazon.com/dp/B0CKK43XXS?tag=eloabder-20&linkCode=osi&th=1&psc=1">View Product</a></div><div class="product"><a href="https://www.amazon.com/dp/B0BB3JGBH5?tag=eloabder-20&linkCode=osi&th=1&psc=1"><img src="https://m.media-amazon.com/images/I/51qDQ2GH7sL._SL500_.jpg" alt="Product Image"></a><p>Quilted Northern Ultra Plush Toilet Paper, 6 Mega Rolls = 24 Regular Rolls, 3X Thicker*, 3 Ply Soft Toilet Tissue</p><p>$6.98 ($0.46 / 100 Sheets)</p><a href="https://www.amazon.com/dp/B0BB3JGBH5?tag=eloabder-20&linkCode=osi&th=1&psc=1">View Product</a></div><div class="product"><a href="https://www.amazon.com/dp/B09NW81TH8?tag=eloabder-20&linkCode=osi&th=1&psc=1"><img src="https://m.media-amazon.com/images/I/31qATnww2+L._SL500_.jpg" alt="Product Image"></a><p>Angel Soft Toilet Paper, 16 Mega Rolls = 64 Regular Rolls, Soft and Strong Toilet Tissue</p><p>$12.49 ($0.24 / 100 Sheets)</p><a href="https://www.amazon.com/dp/B09NW81TH8?tag=eloabder-20&linkCode=osi&th=1&psc=1">View Product</a></div><div class="product"><a href="https://www.amazon.com/dp/B0CH8LDMMS?tag=eloabder-20&linkCode=osi&th=1&psc=1"><img src="https://m.media-amazon.com/images/I/51nChMBC32L._SL500_.jpg" alt="Product Image"></a><p>AIDEA Laundry Detergent Sheets, Eco-Friendly Laundry Detergent, Washer Sheets Detergent, No Plastic Jug, Laundry Soap Sheets For Travel, Home Washing, Fresh Scent-(160 Loads) 80 Sheets</p><p>$6.99 ($0.04 / Load)</p><a href="https://www.amazon.com/dp/B0CH8LDMMS?tag=eloabder-20&linkCode=osi&th=1&psc=1">View Product</a></div>
<div class="product"><a href="https://www.amazon.com/dp/B086PHR52V?tag=eloabder-20&linkCode=osi&th=1&psc=1"><img src="https://m.media-amazon.com/images/I/519QOCq89xL._SL500_.jpg" alt="Product Image"></a><p>Viva Naturals Elderberry with Vitamin C and Zinc for Adults - 5 in 1 Sambucus Black Elderberry Capsules with Vitamin D3 5000 IU, Elderberries Immune Support Supplement 2 Months Supply Pills</p><p>$24.95 ($0.21 / Count)</p><a href="https://www.amazon.com/dp/B086PHR52V?tag=eloabder-20&linkCode=osi&th=1&psc=1">View Product</a></div><div class="product"><a href="https://www.amazon.com/dp/B08RPB34NR?tag=eloabder-20&linkCode=osi&th=1&psc=1"><img src="https://m.media-amazon.com/images/I/51GlheVabKL._SL500_.jpg" alt="Product Image"></a><p>8 in 1 Immune Support Booster Supplement with Echinacea, Vitamin C and Zinc 50mg, Vitamin D 5000 IU, Turmeric Curcumin & Ginger, B6, Elderberry 120 Count (Pack of 2)</p><p>$27.95 ($0.23 / Count)</p><a href="https://www.amazon.com/dp/B08RPB34NR?tag=eloabder-20&linkCode=osi&th=1&psc=1">View Product</a></div><div class="product"><a href="https://www.amazon.com/dp/B07JGW2JKF?tag=eloabder-20&linkCode=osi&th=1&psc=1"><img src="https://m.media-amazon.com/images/I/412JKfC+qLL._SL500_.jpg" alt="Product Image"></a><p>Amazon Basics Adult Multivitamin, 150 Gummies, 75-Day Supply, Mixed Berry & Cherry (Previously Solimo)</p><p>$8.42 ($0.06 / Count)</p><a href="https://www.amazon.com/dp/B07JGW2JKF?tag=eloabder-20&linkCode=osi&th=1&psc=1">View Product</a></div><div class="product"><a href="https://www.amazon.com/dp/B007L0DPE0?tag=eloabder-20&linkCode=osi&th=1&psc=1"><img src="https://m.media-amazon.com/images/I/41u67LVdJFL._SL500_.jpg" alt="Product Image"></a><p>Vitafusion Womens Multivitamin Gummies, Berry Flavored Daily Vitamins for Women With Vitamins A, C, D, E, B-6 and B-12, America’s Number 1 Gummy Vitamin Brand, 75 Days Supply, 150 Count</p><p>$11.99 ($0.08 / Count)</p><a href="https://www.amazon.com/dp/B007L0DPE0?tag=eloabder-20&linkCode=osi&th=1&psc=1">View Product</a></div><div class="product"><a href="https://www.amazon.com/dp/B00DS5BGDY?tag=eloabder-20&linkCode=osi&th=1&psc=1"><img src="https://m.media-amazon.com/images/I/41zXI0XuNYL._SL500_.jpg" alt="Product Image"></a><p>Nature Made Vitamin B12 1000 mcg, Dietary Supplement for Energy Metabolism Support, 150 Softgels, 150 Day Supply</p><p>$9.98 ($0.07 / Count)</p><a href="https://www.amazon.com/dp/B00DS5BGDY?tag=eloabder-20&linkCode=osi&th=1&psc=1">View Product</a></div><div class="product"><a href="https://www.amazon.com/dp/B004U3Y8OM?tag=eloabder-20&linkCode=osi&th=1&psc=1"><img src="https://m.media-amazon.com/images/I/41FAeb-VvJL._SL500_.jpg" alt="Product Image"></a><p>Nature Made Vitamin D3 1000 IU (25 mcg), Dietary Supplement for Bone, Teeth, Muscle and Immune Health Support, 300 Softgels, 300 Day Supply</p><p>$12.35 ($0.04 / Count)</p><a href="https://www.amazon.com/dp/B004U3Y8OM?tag=eloabder-20&linkCode=osi&th=1&psc=1">View Product</a></div><div class="product"><a href="https://www.amazon.com/dp/B002QO00YO?tag=eloabder-20&linkCode=osi&th=1&psc=1"><img src="https://m.media-amazon.com/images/I/41SQ-7dbsHL._SL500_.jpg" alt="Product Image"></a><p>Nature Made Vitamin D3 2000 IU (50 mcg), Dietary Supplement for Bone, Teeth, Muscle and Immune Health Support, 90 Softgels, 90 Day Supply</p><p>$6.28 ($0.07 / Count)</p><a href="https://www.amazon.com/dp/B002QO00YO?tag=eloabder-20&linkCode=osi&th=1&psc=1">View Product</a></div><div class="product"><a href="https://www.amazon.com/dp/B09KCCVL9V?tag=eloabder-20&linkCode=osi&th=1&psc=1"><img src="https://m.media-amazon.com/images/I/419o0W0LJgL._SL500_.jpg" alt="Product Image"></a><p>Centrum Silver Women's Multivitamin for Women 50 Plus, Multivitamin/Multimineral Supplement with Vitamin D3, B Vitamins, Non-GMO Ingredients, Supports Memory and Cognition in Older Adults - 200 Ct</p><p>$15.99 ($0.08 / Count)</p><a href="https://www.amazon.com/dp/B09KCCVL9V?tag=eloabder-20&linkCode=osi&th=1&psc=1">View Product</a></div><div class="product"><a href="https://www.amazon.com/dp/B004QQ9LVS?tag=eloabder-20&linkCode=osi&th=1&psc=1"><img src="https://m.media-amazon.com/images/I/41YF4lk0WwL._SL500_.jpg" alt="Product Image"></a><p>SmartyPants Kids Multivitamin Gummies: Omega 3 Fish Oil (EPA/DHA), Vitamin D3, C, Vitamin B12, B6, Vitamin A, K & Zinc for Immune Support, Gluten Free, Three Fruit Flavors, 120 Count (30 Day Supply)</p><p>$19.81 ($0.17 / Count)</p><a href="https://www.amazon.com/dp/B004QQ9LVS?tag=eloabder-20&linkCode=osi&th=1&psc=1">View Product</a></div><div class="product"><a href="https://www.amazon.com/dp/B0000DJASY?tag=eloabder-20&linkCode=osi&th=1&psc=1"><img src="https://m.media-amazon.com/images/I/41PwuIsYASL._SL500_.jpg" alt="Product Image"></a><p>Nature Made Extra Strength Vitamin C 1000 mg, Dietary Supplement for Immune Support, 100 Tablets, 100 Day Supply</p><p>$9.50 ($0.10 / Count)</p><a href="https://www.amazon.com/dp/B0000DJASY?tag=eloabder-20&linkCode=osi&th=1&psc=1">View Product</a></div>
<div class="product"><a href="https://www.amazon.com/dp/B01DBTFO98?tag=eloabder-20&linkCode=osi&th=1&psc=1"><img src="https://m.media-amazon.com/images/I/61+VtB3+QPL._SL500_.jpg" alt="Product Image"></a><p>Turmeric Curcumin with Black Pepper Extract 1500mg - High Absorption Ultra Potent Turmeric Supplement with 95% Curcuminoids and BioPerine - Non GMO Turmeric Capsules for Joint Support - 90 Capsules</p><p>$18.79 ($0.21 / Count)</p><a href="https://www.amazon.com/dp/B01DBTFO98?tag=eloabder-20&linkCode=osi&th=1&psc=1">View Product</a></div><div class="product"><a href="https://www.amazon.com/dp/B0BG6TGKZS?tag=eloabder-20&linkCode=osi&th=1&psc=1"><img src="https://m.media-amazon.com/images/I/41aCogcx9OL._SL500_.jpg" alt="Product Image"></a><p>Clean Nutraceuticals Lions Mane 3000mg 20in1 Mushroom Supplement with Turkey Tail 2000mg Reishi 1000mg Cordyceps Chaga 1000mg Maitake Meshima Poria Cocos Shiitake Oyster Porcini Enoki 60 Count</p><p>$29.95 ($0.50 / Count)</p><a href="https://www.amazon.com/dp/B0BG6TGKZS?tag=eloabder-20&linkCode=osi&th=1&psc=1">View Product</a></div><div class="product"><a href="https://www.amazon.com/dp/B08YLTCDTN?tag=eloabder-20&linkCode=osi&th=1&psc=1"><img src="https://m.media-amazon.com/images/I/41aybXdjmLL._SL500_.jpg" alt="Product Image"></a><p>Nature's Bounty Zinc 50mg, Immune Support & Antioxidant Supplement, Promotes Skin Health 250 Caplets</p><p>$9.48 ($0.04 / Count)</p><a href="https://www.amazon.com/dp/B08YLTCDTN?tag=eloabder-20&linkCode=osi&th=1&psc=1">View Product</a></div><div class="product"><a href="https://www.amazon.com/dp/B07TK5K5TQ?tag=eloabder-20&linkCode=osi&th=1&psc=1"><img src="https://m.media-amazon.com/images/I/41S-Rt0xcrL._SL500_.jpg" alt="Product Image"></a><p>TRU NIAGEN Patented NAD+ Supplement for Anti Aging and Cell Regeneration, 300 mg Niagen, 30 Servings | Supports Cellular Energy, Brain, Muscle | Nicotinamide Riboside (NR) Take 1 Daily | 1 Bottle</p><p>$45.90 ($1.53 / Count)</p><a href="https://www.amazon.com/dp/B07TK5K5TQ?tag=eloabder-20&linkCode=osi&th=1&psc=1">View Product</a></div><div class="product"><a href="https://www.amazon.com/dp/B08HHQWBBZ?tag=eloabder-20&linkCode=osi&th=1&psc=1"><img src="https://m.media-amazon.com/images/I/51LeIP217fL._SL500_.jpg" alt="Product Image"></a><p>NutriFlair Premium Berberine HCL 1200mg, 120 Capsules - plus Pure True Ceylon Cinnamon, Berberine HCI Root Supplements Pills - immune system, healthy weight management</p><p>$26.99 ($0.22 / Count)</p><a href="https://www.amazon.com/dp/B08HHQWBBZ?tag=eloabder-20&linkCode=osi&th=1&psc=1">View Product</a></div><div class="product"><a href="https://www.amazon.com/dp/B078SH8WGC?tag=eloabder-20&linkCode=osi&th=1&psc=1"><img src="https://m.media-amazon.com/images/I/51z5QG2DZKL._SL500_.jpg" alt="Product Image"></a><p>Turmeric Curcumin with BioPerine & Ginger 95% Curcuminoids 1950mg - Black Pepper Extract for Max Absorption, Nature's Joint Support Supplement, Herbal Turmeric Pills, Vegan Non-GMO - 120 Capsules</p><p>$16.82 ($0.14 / Count)</p><a href="https://www.amazon.com/dp/B078SH8WGC?tag=eloabder-20&linkCode=osi&th=1&psc=1">View Product</a></div><div class="product"><a href="https://www.amazon.com/dp/B0000DJAQU?tag=eloabder-20&linkCode=osi&th=1&psc=1"><img src="https://m.media-amazon.com/images/I/41c7alI7ydL._SL500_.jpg" alt="Product Image"></a><p>Nature Made Fish Oil 1200 mg Softgels, Fish Oil Supplements, Omega 3 Fish Oil for Healthy Heart Support, Omega 3 Supplement with 100 Softgels, 50 Day Supply</p><p>$9.99 ($0.10 / Count)</p><a href="https://www.amazon.com/dp/B0000DJAQU?tag=eloabder-20&linkCode=osi&th=1&psc=1">View Product</a></div><div class="product"><a href="https://www.amazon.com/dp/B01BMDAVIY?tag=eloabder-20&linkCode=osi&th=1&psc=1"><img src="https://m.media-amazon.com/images/I/31KIpekdbRL._SL500_.jpg" alt="Product Image"></a><p>NatureWise Curcumin Turmeric 2250mg | 95% Curcuminoids & BioPerine Black Pepper Extract | Advanced Absorption for Joint Support [2 Month Supply - 180 Count]</p><p>$21.49 ($0.12 / Count)</p><a href="https://www.amazon.com/dp/B01BMDAVIY?tag=eloabder-20&linkCode=osi&th=1&psc=1">View Product</a></div><div class="product"><a href="https://www.amazon.com/dp/B074QHCL9Z?tag=eloabder-20&linkCode=osi&th=1&psc=1"><img src="https://m.media-amazon.com/images/I/416o-Si5NIL._SL500_.jpg" alt="Product Image"></a><p>Nature Made Turmeric Curcumin 500 mg, Herbal Supplement for Antioxidant Support, 120 Capsules, 120 Day Supply</p><p>$17.28 ($0.14 / Count)</p><a href="https://www.amazon.com/dp/B074QHCL9Z?tag=eloabder-20&linkCode=osi&th=1&psc=1">View Product</a></div><div class="product"><a href="https://www.amazon.com/dp/B0CV9JW4DS?tag=eloabder-20&linkCode=osi&th=1&psc=1"><img src="https://m.media-amazon.com/images/I/51L8z3xzNsL._SL500_.jpg" alt="Product Image"></a><p>Zoyava Dynamic Vitality Bundle, Sea Moss and Shilajit Bundle, Sea Moss 7000mg, Black Seed Oil 4000mg, Ashwagandha 2000mg, Ginger & Shilajit 9000mg, Rhodiola Rosea 1000mg, Panax Ginseng (60 Count)</p><p>$31.99 ($0.53 / Count)</p><a href="https://www.amazon.com/dp/B0CV9JW4DS?tag=eloabder-20&linkCode=osi&th=1&psc=1">View Product</a></div>
<div class="product"><a href="https://www.amazon.com/dp/B01AB4U6PI?tag=eloabder-20&linkCode=osi&th=1&psc=1"><img src="https://m.media-amazon.com/images/I/41rff0KTJnL._SL500_.jpg" alt="Product Image"></a><p>Salonpas Pain Relieving Patch for Back, Neck, Shoulder, Knee Pain and Muscle Soreness - 8 Hour Pain Relief - 60 Count</p><p>$10.34 ($0.17 / Count)</p><a href="https://www.amazon.com/dp/B01AB4U6PI?tag=eloabder-20&linkCode=osi&th=1&psc=1">View Product</a></div><div class="product"><a href="https://www.amazon.com/dp/B0CTTF514L?tag=eloabder-20&linkCode=osi&th=1&psc=1"><img src="https://m.media-amazon.com/images/I/51akRPk18aL._SL500_.jpg" alt="Product Image"></a><p>Advil Targeted Relief Pain Relieving Cream with Massage Applicator, Up to 8 Hours of Powerful Relief of Joint Pain, Lower Back Pain and Muscle Pain, 2.5 oz</p><p>$13.63 ($5.45 / Ounce)</p><a href="https://www.amazon.com/dp/B0CTTF514L?tag=eloabder-20&linkCode=osi&th=1&psc=1">View Product</a></div><div class="product"><a href="https://www.amazon.com/dp/B084ZMMVQS?tag=eloabder-20&linkCode=osi&th=1&psc=1"><img src="https://m.media-amazon.com/images/I/51yLIRFzDGL._SL500_.jpg" alt="Product Image"></a><p>Voltaren Arthritis Pain Gel for Powerful Topical Arthritis Pain Relief - NEW Easy Open Cap - 100 g x 2</p><p>$26.36 ($3.77 / Ounce)</p><a href="https://www.amazon.com/dp/B084ZMMVQS?tag=eloabder-20&linkCode=osi&th=1&psc=1">View Product</a></div><div class="product"><a href="https://www.amazon.com/dp/B01ITWHT7C?tag=eloabder-20&linkCode=osi&th=1&psc=1"><img src="https://m.media-amazon.com/images/I/41KR-44GBTL._SL500_.jpg" alt="Product Image"></a><p>Salonpas Pain Relieving Patch, LARGE, 6 Count, for Back, Neck, Shoulder, Knee Pain and Muscle Soreness, 8 Hour Pain Relief</p><p>$5.23 ($0.87 / Count)</p><a href="https://www.amazon.com/dp/B01ITWHT7C?tag=eloabder-20&linkCode=osi&th=1&psc=1">View Product</a></div><div class="product"><a href="https://www.amazon.com/dp/B0CTTPJSYP?tag=eloabder-20&linkCode=osi&th=1&psc=1"><img src="https://m.media-amazon.com/images/I/51McdhdZDjL._SL500_.jpg" alt="Product Image"></a><p>Advil Targeted Relief Pain Relieving Cream, Up to 8 Hours of Powerful Relief of Joint Pain, Lower Back Pain and Muscle Pain - 2.3 oz</p><p>$10.98 ($4.77 / Ounce)</p><a href="https://www.amazon.com/dp/B0CTTPJSYP?tag=eloabder-20&linkCode=osi&th=1&psc=1">View Product</a></div><div class="product"><a href="https://www.amazon.com/dp/B074F2H9VT?tag=eloabder-20&linkCode=osi&th=1&psc=1"><img src="https://m.media-amazon.com/images/I/31h55XAq3BL._SL500_.jpg" alt="Product Image"></a><p>Amazon Basic Care Extra Strength Pain Relief, Acetaminophen Caplets, 500 mg, 200 Count</p><p>$4.79 ($0.02 / Count)</p><a href="https://www.amazon.com/dp/B074F2H9VT?tag=eloabder-20&linkCode=osi&th=1&psc=1">View Product</a></div><div class="product"><a href="https://www.amazon.com/dp/B00HCQEYCK?tag=eloabder-20&linkCode=osi&th=1&psc=1"><img src="https://m.media-amazon.com/images/I/51D8+ZSqZvL._SL500_.jpg" alt="Product Image"></a><p>Boiron Arnicare Gel for Soothing Relief of Joint Pain, Muscle Pain, Muscle Soreness, and Swelling from Bruises or Injury - Non-greasy and Fragrance-Free - 2.6 oz</p><p>$8.32 ($3.20 / Ounce)</p><a href="https://www.amazon.com/dp/B00HCQEYCK?tag=eloabder-20&linkCode=osi&th=1&psc=1">View Product</a></div><div class="product"><a href="https://www.amazon.com/dp/B0BTMWW333?tag=eloabder-20&linkCode=osi&th=1&psc=1"><img src="https://m.media-amazon.com/images/I/515qvsGXGOL._SL500_.jpg" alt="Product Image"></a><p>Absorbine Jr. PRO Maximum Strength Lidocaine Roll-On for Fast Nerve and Muscle Pain Relief</p><p>$12.97 ($5.19 / Ounce)</p><a href="https://www.amazon.com/dp/B0BTMWW333?tag=eloabder-20&linkCode=osi&th=1&psc=1">View Product</a></div><div class="product"><a href="https://www.amazon.com/dp/B01LXFEY6H?tag=eloabder-20&linkCode=osi&th=1&psc=1"><img src="https://m.media-amazon.com/images/I/31hLnewBXIL._SL500_.jpg" alt="Product Image"></a><p>Biofreeze Pain Relief Gel, Arthritis Pain Reliver, Knee & Lower Back Pain Relief, Sore Muscle Relief, Neck Pain Relief, Pharmacist Recommended, FSA Eligible, 3 FL OZ Biofreeze Menthol Gel</p><p>$10.35 ($3.45 / Ounce)</p><a href="https://www.amazon.com/dp/B01LXFEY6H?tag=eloabder-20&linkCode=osi&th=1&psc=1">View Product</a></div><div class="product"><a href="https://www.amazon.com/dp/B000WZOJCI?tag=eloabder-20&linkCode=osi&th=1&psc=1"><img src="https://m.media-amazon.com/images/I/31jVr3ExroL._SL500_.jpg" alt="Product Image"></a><p>Sombra Warm Pain Relief Gel, 8-Ounce</p><p>$24.09 ($3.01 / Ounce)</p><a href="https://www.amazon.com/dp/B000WZOJCI?tag=eloabder-20&linkCode=osi&th=1&psc=1">View Product</a></div>
<div class="product"><a href="https://www.amazon.com/dp/B09NWH8553?tag=eloabder-20&linkCode=osi&th=1&psc=1"><img src="https://m.media-amazon.com/images/I/515vtwhdqiL._SL500_.jpg" alt="Product Image"></a><p>Johnson & Johnson All-Purpose Portable Compact First Aid Kit for Minor Cuts, Scrapes, Sprains & Burns, Ideal for Home, Car, Travel, Camping and Outdoor Emergencies, 160 pieces</p><p>$15.55</p><a href="https://www.amazon.com/dp/B09NWH8553?tag=eloabder-20&linkCode=osi&th=1&psc=1">View Product</a></div><div class="product"><a href="https://www.amazon.com/dp/B000069EYA?tag=eloabder-20&linkCode=osi&th=1&psc=1"><img src="https://m.media-amazon.com/images/I/51aUpEuI0cL._SL500_.jpg" alt="Product Image"></a><p>First Aid Only 299 Piece All-Purpose First Aid Emergency Kit (FAO-442)</p><p>$17.49</p><a href="https://www.amazon.com/dp/B000069EYA?tag=eloabder-20&linkCode=osi&th=1&psc=1">View Product</a></div><div class="product"><a href="https://www.amazon.com/dp/B076FS9RYL?tag=eloabder-20&linkCode=osi&th=1&psc=1"><img src="https://m.media-amazon.com/images/I/51A3wOry1oL._SL500_.jpg" alt="Product Image"></a><p>General Medi 160 Piece First Aid Kit Bag Refill Kit - Includes Eyewash, Instant Cold Pack, Bandages,Emergency Blanket, Moleskin Pad, Gauze - Extra Replacement Medical Supplies for First Aid</p><p>$18.95</p><a href="https://www.amazon.com/dp/B076FS9RYL?tag=eloabder-20&linkCode=osi&th=1&psc=1">View Product</a></div><div class="product"><a href="https://www.amazon.com/dp/B0CMSVYQW5?tag=eloabder-20&linkCode=osi&th=1&psc=1"><img src="https://m.media-amazon.com/images/I/51R6OcPKsiL._SL500_.jpg" alt="Product Image"></a><p>AZEN 25 Pack Gauze Rolls Bandages, 3 in x 4.1 Yards, Premium Medical Supplies & First Aid Supplies, Bandage Wrap Vet Wrap, Mummy Wraps</p><p>$6.99 ($0.28 / Count)</p><a href="https://www.amazon.com/dp/B0CMSVYQW5?tag=eloabder-20&linkCode=osi&th=1&psc=1">View Product</a></div><div class="product"><a href="https://www.amazon.com/dp/B08P28JYCR?tag=eloabder-20&linkCode=osi&th=1&psc=1"><img src="https://m.media-amazon.com/images/I/51m0p4thWvL._SL500_.jpg" alt="Product Image"></a><p>First Aid Only OSHA-Compliant All-Purpose 100-Person Emergency First Aid Kit for Home, Work, and Travel, 335 Pieces</p><p>$35.65</p><a href="https://www.amazon.com/dp/B08P28JYCR?tag=eloabder-20&linkCode=osi&th=1&psc=1">View Product</a></div><div class="product"><a href="https://www.amazon.com/dp/B08P27LHJ4?tag=eloabder-20&linkCode=osi&th=1&psc=1"><img src="https://m.media-amazon.com/images/I/41Crt9xFJOL._SL500_.jpg" alt="Product Image"></a><p>First Aid Only 91248 OSHA-Compliant All-Purpose 50-Person Emergency First Aid Kit for Home, Work, and Travel, 260 Pieces</p><p>$21.99</p><a href="https://www.amazon.com/dp/B08P27LHJ4?tag=eloabder-20&linkCode=osi&th=1&psc=1">View Product</a></div><div class="product"><a href="https://www.amazon.com/dp/B0084GX1JO?tag=eloabder-20&linkCode=osi&th=1&psc=1"><img src="https://m.media-amazon.com/images/I/31BzSButj2S._SL500_.jpg" alt="Product Image"></a><p>First Aid Only FAE-7011 SmartCompliance Refill Burn Cream Packets, 10 Count</p><p>$3.99 ($0.40 / Count)</p><a href="https://www.amazon.com/dp/B0084GX1JO?tag=eloabder-20&linkCode=osi&th=1&psc=1">View Product</a></div><div class="product"><a href="https://www.amazon.com/dp/B093JSJ2ZF?tag=eloabder-20&linkCode=osi&th=1&psc=1"><img src="https://m.media-amazon.com/images/I/51zutl8x7pS._SL500_.jpg" alt="Product Image"></a><p>Ever Ready First Aid Disposable Cold Compress Therapy Instant Ice Pack for Injuries 4.5" x 7" - 6 Pack</p><p>$8.95 ($1.49 / Count)</p><a href="https://www.amazon.com/dp/B093JSJ2ZF?tag=eloabder-20&linkCode=osi&th=1&psc=1">View Product</a></div><div class="product"><a href="https://www.amazon.com/dp/B00CEK3D8U?tag=eloabder-20&linkCode=osi&th=1&psc=1"><img src="https://m.media-amazon.com/images/I/41JFciltbaL._SL500_.jpg" alt="Product Image"></a><p>First Aid Only 18-012 Hydrocortisone Cream Packets, 12 Count</p><p>$2.49 ($6.55 / Ounce)</p><a href="https://www.amazon.com/dp/B00CEK3D8U?tag=eloabder-20&linkCode=osi&th=1&psc=1">View Product</a></div><div class="product"><a href="https://www.amazon.com/dp/B01LX9UR77?tag=eloabder-20&linkCode=osi&th=1&psc=1"><img src="https://m.media-amazon.com/images/I/51A7ljiKvAL._SL500_.jpg" alt="Product Image"></a><p>Ever Ready First Aid Self Adherent Cohesive Bandages 3" x 5 Yards - 6 Count, Rainbow Colors</p><p>$9.95 ($1.66 / Count)</p><a href="https://www.amazon.com/dp/B01LX9UR77?tag=eloabder-20&linkCode=osi&th=1&psc=1">View Product</a></div>
<div class="product"><a href="https://www.amazon.com/dp/B0D1KXV9ZS?tag=eloabder-20&linkCode=osi&th=1&psc=1"><img src="https://m.media-amazon.com/images/I/311Liu9BWoL._SL500_.jpg" alt="Product Image"></a><p>Vagisil pH Balance Daily Freshening Wipes for Feminine Hygiene in Resealable Pouch, Gynecologist Tested & Hypoallergenic, 20 Wipes (Pack of 1)</p><p>$2.97 ($0.15 / Count)</p><a href="https://www.amazon.com/dp/B0D1KXV9ZS?tag=eloabder-20&linkCode=osi&th=1&psc=1">View Product</a></div><div class="product"><a href="https://www.amazon.com/dp/B000QXH4PK?tag=eloabder-20&linkCode=osi&th=1&psc=1"><img src="https://m.media-amazon.com/images/I/41SXL+-YzcL._SL500_.jpg" alt="Product Image"></a><p>Listerine Cool Mint Pocketpaks Breath Strips Kills Bad Breath Germs, 24-Strip Pack, 3 Pack</p><p>$5.72 ($0.08 / Count)</p><a href="https://www.amazon.com/dp/B000QXH4PK?tag=eloabder-20&linkCode=osi&th=1&psc=1">View Product</a></div><div class="product"><a href="https://www.amazon.com/dp/B0C7BF3ZPK?tag=eloabder-20&linkCode=osi&th=1&psc=1"><img src="https://m.media-amazon.com/images/I/41luSMM-7GL._SL500_.jpg" alt="Product Image"></a><p>Peri Bottle for Postpartum & Perineal Care,Portable Travel Bidet for Personal Hygiene Cleaning,16.9 OZ (1Green)</p><p>$14.49 ($14.49 / Count)</p><a href="https://www.amazon.com/dp/B0C7BF3ZPK?tag=eloabder-20&linkCode=osi&th=1&psc=1">View Product</a></div><div class="product"><a href="https://www.amazon.com/dp/B091MBD3Q3?tag=eloabder-20&linkCode=osi&th=1&psc=1"><img src="https://m.media-amazon.com/images/I/51y96dNQUfL._SL500_.jpg" alt="Product Image"></a><p>GuruNanda Tongue Scraper for Adults (2 Pack) with Travel Case, 420 Medical-Grade 100% Stainless Steel Tongue Cleaner, Aids in Fresh Breath & Oral Care</p><p>$4.97 ($2.48 / Count)</p><a href="https://www.amazon.com/dp/B091MBD3Q3?tag=eloabder-20&linkCode=osi&th=1&psc=1">View Product</a></div><div class="product"><a href="https://www.amazon.com/dp/B0CR9WN3Y1?tag=eloabder-20&linkCode=osi&th=1&psc=1"><img src="https://m.media-amazon.com/images/I/51quPRWZiIL._SL500_.jpg" alt="Product Image"></a><p>G.CATACC Dental Tools, Dental Pick Teeth Cleaning Tools, Dental Hygiene Kit, Plaque Remover for Teeth, Professional Stainless Steel Tooth Scraper Plaque Tartar Cleaner - with Case</p><p>$7.96</p><a href="https://www.amazon.com/dp/B0CR9WN3Y1?tag=eloabder-20&linkCode=osi&th=1&psc=1">View Product</a></div>
<div class="product"><a href="https://www.amazon.com/dp/B09F8FZ18G?tag=eloabder-20&linkCode=osi&th=1&psc=1"><img src="https://m.media-amazon.com/images/I/51WkgqQXqCL._SL500_.jpg" alt="Product Image"></a><p>Crest 3D White Advanced Luminous Mint Teeth Whitening Toothpaste, 3.7 oz Pack of 4 - Helps Remove Surface Stains, Whitens Teeth, Strengthens Tooth Enamel, Protects Against Cavities</p><p>$14.99 ($1.01 / Ounce)</p><a href="https://www.amazon.com/dp/B09F8FZ18G?tag=eloabder-20&linkCode=osi&th=1&psc=1">View Product</a></div><div class="product"><a href="https://www.amazon.com/dp/B005PLQIQ4?tag=eloabder-20&linkCode=osi&th=1&psc=1"><img src="https://m.media-amazon.com/images/I/51DOyE1fx2L._SL500_.jpg" alt="Product Image"></a><p>Crest + Scope Complete Whitening Toothpaste - Pack of 3, 5.4 Oz Tubes - Anticavity Fluoride Toothpaste - Fresh Breath, Kills Germs - Tartar Protection, Enamel Protection - Minty Fresh Flavor</p><p>$8.99 ($0.55 / Ounce)</p><a href="https://www.amazon.com/dp/B005PLQIQ4?tag=eloabder-20&linkCode=osi&th=1&psc=1">View Product</a></div><div class="product"><a href="https://www.amazon.com/dp/B01BNHREXE?tag=eloabder-20&linkCode=osi&th=1&psc=1"><img src="https://m.media-amazon.com/images/I/41J8piWJzLL._SL500_.jpg" alt="Product Image"></a><p>Colgate Baking Soda & Peroxide Toothpaste - Whitens Teeth, Fights Cavities & Removes Stains, Brisk Mint, 6 Ounce (Pack of 2)</p><p>$3.78 ($0.32 / Ounce)</p><a href="https://www.amazon.com/dp/B01BNHREXE?tag=eloabder-20&linkCode=osi&th=1&psc=1">View Product</a></div><div class="product"><a href="https://www.amazon.com/dp/B08S8QNW2K?tag=eloabder-20&linkCode=osi&th=1&psc=1"><img src="https://m.media-amazon.com/images/I/51uFURqklfL._SL500_.jpg" alt="Product Image"></a><p>Crest Complete Active Fresh + Whitening Toothpaste, 5.5oz (Pack of 4)</p><p>$10.99 ($0.50 / Ounce)</p><a href="https://www.amazon.com/dp/B08S8QNW2K?tag=eloabder-20&linkCode=osi&th=1&psc=1">View Product</a></div><div class="product"><a href="https://www.amazon.com/dp/B0BLJ68F9R?tag=eloabder-20&linkCode=osi&th=1&psc=1"><img src="https://m.media-amazon.com/images/I/51ccJX66fBL._SL500_.jpg" alt="Product Image"></a><p>Crest Pro-Health Clean Mint Toothpaste (4.3oz) Triple Pack</p><p>$8.97 ($0.70 / Ounce)</p><a href="https://www.amazon.com/dp/B0BLJ68F9R?tag=eloabder-20&linkCode=osi&th=1&psc=1">View Product</a></div><div class="product"><a href="https://www.amazon.com/dp/B07C1ZQ5ZY?tag=eloabder-20&linkCode=osi&th=1&psc=1"><img src="https://m.media-amazon.com/images/I/41RgpjDdTeL._SL500_.jpg" alt="Product Image"></a><p>Sensodyne Repair and Protect Whitening Toothpaste, Toothpaste for Sensitive Teeth and Cavity Prevention, 3.4 oz (Pack of 2)</p><p>$12.48 ($1.84 / Ounce)</p><a href="https://www.amazon.com/dp/B07C1ZQ5ZY?tag=eloabder-20&linkCode=osi&th=1&psc=1">View Product</a></div><div class="product"><a href="https://www.amazon.com/dp/B0CQKNQ2GR?tag=eloabder-20&linkCode=osi&th=1&psc=1"><img src="https://m.media-amazon.com/images/I/414VWUZJYvL._SL500_.jpg" alt="Product Image"></a><p>Crest 3D White Advanced Teeth Whitening Toothpaste, Radiant Mint, 3.3 oz, Pack of 3</p><p>$12.97 ($1.31 / Ounce)</p><a href="https://www.amazon.com/dp/B0CQKNQ2GR?tag=eloabder-20&linkCode=osi&th=1&psc=1">View Product</a></div><div class="product"><a href="https://www.amazon.com/dp/B082F1QH7S?tag=eloabder-20&linkCode=osi&th=1&psc=1"><img src="https://m.media-amazon.com/images/I/41QujaAN0gL._SL500_.jpg" alt="Product Image"></a><p>Colgate Optic White Advanced Hydrogen Peroxide Toothpaste, Teeth Whitening Toothpaste Pack, Enamel-Safe Formula, Helps Remove Tea, Coffee, and Wine Stains, Sparkling White, 3 Pack, 3.2 oz</p><p>$12.96 ($1.35 / Ounce)</p><a href="https://www.amazon.com/dp/B082F1QH7S?tag=eloabder-20&linkCode=osi&th=1&psc=1">View Product</a></div><div class="product"><a href="https://www.amazon.com/dp/B09VK1RKM8?tag=eloabder-20&linkCode=osi&th=1&psc=1"><img src="https://m.media-amazon.com/images/I/51Kb2dMe82L._SL500_.jpg" alt="Product Image"></a><p>Arm & Hammer Advance White Toothpaste, Clean Mint Flavor, Stain Defense Technology, 6 Ounce (Pack of 4)</p><p>$13.96 ($0.58 / Ounce)</p><a href="https://www.amazon.com/dp/B09VK1RKM8?tag=eloabder-20&linkCode=osi&th=1&psc=1">View Product</a></div>
<div class="product"><a href="https://www.amazon.com/dp/B00CC6XSRC?tag=eloabder-20&linkCode=osi&th=1&psc=1"><img src="https://m.media-amazon.com/images/I/41OKKVbMN-L._SL500_.jpg" alt="Product Image"></a><p>Colgate Extra Clean Toothbrush, Medium Bulk Toothbrush Pack, Adult Medium Bristle Toothbrushes with Ergonomic Handle and Circular Cleaning Bristles, Helps Remove Surface Stains, 6 Pack</p><p>$4.96 ($0.83 / Count)</p><a href="https://www.amazon.com/dp/B00CC6XSRC?tag=eloabder-20&linkCode=osi&th=1&psc=1">View Product</a></div><div class="product"><a href="https://www.amazon.com/dp/B06XK2M3H3?tag=eloabder-20&linkCode=osi&th=1&psc=1"><img src="https://m.media-amazon.com/images/I/41tntn0c7BL._SL500_.jpg" alt="Product Image"></a><p>Oral-B Vivid Dual Action Whitening Toothbrushes, Soft, 4 Count (Packaging and Product Color May Vary)</p><p>$7.69 ($1.92 / Count)</p><a href="https://www.amazon.com/dp/B06XK2M3H3?tag=eloabder-20&linkCode=osi&th=1&psc=1">View Product</a></div><div class="product"><a href="https://www.amazon.com/dp/B01KZ6V00W?tag=eloabder-20&linkCode=osi&th=1&psc=1"><img src="https://m.media-amazon.com/images/I/51+dIaobkXL._SL500_.jpg" alt="Product Image"></a><p>Oral-B CrossAction All In One Soft Toothbrushes, Deep Plaque Removal, Rounded Bristles Gentle on Teeth, Tongue and Cheek Cleaner, Gum Stimulators, 6 Count</p><p>$17.97 ($3.00 / Count)</p><a href="https://www.amazon.com/dp/B01KZ6V00W?tag=eloabder-20&linkCode=osi&th=1&psc=1">View Product</a></div><div class="product"><a href="https://www.amazon.com/dp/B08QWYMMYL?tag=eloabder-20&linkCode=osi&th=1&psc=1"><img src="https://m.media-amazon.com/images/I/41WAFKNB0iL._SL500_.jpg" alt="Product Image"></a><p>Amazon Basics Clean Plus Toothbrushes, Soft, Full, 10 Count, Assorted Colors (Previously Solimo)</p><p>$5.28 ($0.53 / Count)</p><a href="https://www.amazon.com/dp/B08QWYMMYL?tag=eloabder-20&linkCode=osi&th=1&psc=1">View Product</a></div><div class="product"><a href="https://www.amazon.com/dp/B07S9GV83R?tag=eloabder-20&linkCode=osi&th=1&psc=1"><img src="https://m.media-amazon.com/images/I/41ziiRLsaEL._SL500_.jpg" alt="Product Image"></a><p>Colgate 360 Optic White Advanced Whitening Toothbrush, Adult Medium Toothbrush with Whitening Cups, Helps Whiten Teeth and Removes Odor Causing Bacteria, 2 Pack</p><p>$6.96 ($3.48 / Count)</p><a href="https://www.amazon.com/dp/B07S9GV83R?tag=eloabder-20&linkCode=osi&th=1&psc=1">View Product</a></div><div class="product"><a href="https://www.amazon.com/dp/B09HSS29YD?tag=eloabder-20&linkCode=osi&th=1&psc=1"><img src="https://m.media-amazon.com/images/I/41nh2h+aUpL._SL500_.jpg" alt="Product Image"></a><p>Reach Essentials Toothbrush with Toothbrush Covers, Multi-Angled Medium Bristles, Contoured Handle, Tongue Scraper, 6 Count</p><p>$3.98 ($0.66 / Count)</p><a href="https://www.amazon.com/dp/B09HSS29YD?tag=eloabder-20&linkCode=osi&th=1&psc=1">View Product</a></div><div class="product"><a href="https://www.amazon.com/dp/B08JQCZ71B?tag=eloabder-20&linkCode=osi&th=1&psc=1"><img src="https://m.media-amazon.com/images/I/41Zvcj-EvDL._SL500_.jpg" alt="Product Image"></a><p>Reach Essentials Toothbrush with Toothbrush Caps, Multi-Zoned Angled Soft Bristles, Contoured Handle, Tongue Scraper, 6 Count</p><p>$3.98 ($0.66 / Count)</p><a href="https://www.amazon.com/dp/B08JQCZ71B?tag=eloabder-20&linkCode=osi&th=1&psc=1">View Product</a></div><div class="product"><a href="https://www.amazon.com/dp/B07MH9CH76?tag=eloabder-20&linkCode=osi&th=1&psc=1"><img src="https://m.media-amazon.com/images/I/41skjrL65LL._SL500_.jpg" alt="Product Image"></a><p>Oral-B Charcoal Toothbrushes, Medium 2ct</p><p>$5.67 ($2.84 / Count)</p><a href="https://www.amazon.com/dp/B07MH9CH76?tag=eloabder-20&linkCode=osi&th=1&psc=1">View Product</a></div><div class="product"><a href="https://www.amazon.com/dp/B005LB75NI?tag=eloabder-20&linkCode=osi&th=1&psc=1"><img src="https://m.media-amazon.com/images/I/41-l+TIj4rS._SL500_.jpg" alt="Product Image"></a><p>NIMBUS Extra Soft Toothbrushes (Regular Size Head), Periodontist Design Tapered Bristles for Sensitive Teeth & Receding Gums (5 Pack, Colors May Vary)</p><p>$18.99 ($3.80 / Count)</p><a href="https://www.amazon.com/dp/B005LB75NI?tag=eloabder-20&linkCode=osi&th=1&psc=1">View Product</a></div>
<div class="product"><a href="https://www.amazon.com/dp/B00IRKRK9O?tag=eloabder-20&linkCode=osi&th=1&psc=1"><img src="https://m.media-amazon.com/images/I/51oNh1DLVjL._SL500_.jpg" alt="Product Image"></a><p>TheraBreath Fresh Breath Mouthwash, Icy Mint Flavor, Alcohol-Free, 16 Fl Oz (Pack of 2)</p><p>$15.34 ($0.48 / Fl Oz)</p><a href="https://www.amazon.com/dp/B00IRKRK9O?tag=eloabder-20&linkCode=osi&th=1&psc=1">View Product</a></div><div class="product"><a href="https://www.amazon.com/dp/B08MFWB9DY?tag=eloabder-20&linkCode=osi&th=1&psc=1"><img src="https://m.media-amazon.com/images/I/41EFMnoVtWL._SL500_.jpg" alt="Product Image"></a><p>Listerine Cool Mint Mouthwash, Kills 99.9% of Germs That Cause Bad Breath, Plaque and Gingivitis, Antiseptic, Cool Mint Flavor, 1 L (Pack of 2)</p><p>$21.98 ($0.33 / Count)</p><a href="https://www.amazon.com/dp/B08MFWB9DY?tag=eloabder-20&linkCode=osi&th=1&psc=1">View Product</a></div><div class="product"><a href="https://www.amazon.com/dp/B0126XBQK6?tag=eloabder-20&linkCode=osi&th=1&psc=1"><img src="https://m.media-amazon.com/images/I/41nVZBcG4uL._SL500_.jpg" alt="Product Image"></a><p>Crest Pro-Health Advanced Mouthwash, Alcohol Free, Extra Whitening, Energizing Mint Flavor, 946 mL (32 fl oz)</p><p>$7.32 ($0.23 / Fl Oz)</p><a href="https://www.amazon.com/dp/B0126XBQK6?tag=eloabder-20&linkCode=osi&th=1&psc=1">View Product</a></div><div class="product"><a href="https://www.amazon.com/dp/B0B5Y2G4HH?tag=eloabder-20&linkCode=osi&th=1&psc=1"><img src="https://m.media-amazon.com/images/I/41KhoumiQGL._SL500_.jpg" alt="Product Image"></a><p>Listerine Freshburst Antiseptic Mouthwash for Bad Breath, Kills 99% of Germs That Cause Bad Breath & Fight Plaque & Gingivitis, ADA Accepted Mouthwash, Spearmint, 1 L, Pack of 2</p><p>$13.96 ($0.21 / Fl Oz)</p><a href="https://www.amazon.com/dp/B0B5Y2G4HH?tag=eloabder-20&linkCode=osi&th=1&psc=1">View Product</a></div><div class="product"><a href="https://www.amazon.com/dp/B09HH8SDR6?tag=eloabder-20&linkCode=osi&th=1&psc=1"><img src="https://m.media-amazon.com/images/I/31hUvGiWasL._SL500_.jpg" alt="Product Image"></a><p>Amazon Basics Antiseptic Mouthwash, Blue Mint, 1 Litre, 33.8 Fluid Ounces, 1-Pack (Previously Solimo)</p><p>$6.24 ($0.18 / Fl Oz)</p><a href="https://www.amazon.com/dp/B09HH8SDR6?tag=eloabder-20&linkCode=osi&th=1&psc=1">View Product</a></div><div class="product"><a href="https://www.amazon.com/dp/B003CP12O8?tag=eloabder-20&linkCode=osi&th=1&psc=1"><img src="https://m.media-amazon.com/images/I/41q24Q+sXGL._SL500_.jpg" alt="Product Image"></a><p>Crest Pro Health Multi-Protection Mouthwash with CPC (Cetylpyridinium Chloride), Clean Mint, 1L (33.8 fl oz)</p><p>$4.97 ($0.05 / Fl Oz)</p><a href="https://www.amazon.com/dp/B003CP12O8?tag=eloabder-20&linkCode=osi&th=1&psc=1">View Product</a></div><div class="product"><a href="https://www.amazon.com/dp/B0B5Y7KCS8?tag=eloabder-20&linkCode=osi&th=1&psc=1"><img src="https://m.media-amazon.com/images/I/51Dmtgp-2ZL._SL500_.jpg" alt="Product Image"></a><p>Listerine Total Care Anticavity Fluoride Mouthwash, Kills 99.9% of Germs That cause Bad Breath and Prevents Cavities, Fresh Mint Flavor, 1L (Pack of 2)</p><p>$15.96 ($0.24 / Fl Oz)</p><a href="https://www.amazon.com/dp/B0B5Y7KCS8?tag=eloabder-20&linkCode=osi&th=1&psc=1">View Product</a></div><div class="product"><a href="https://www.amazon.com/dp/B001ET76AI?tag=eloabder-20&linkCode=osi&th=1&psc=1"><img src="https://m.media-amazon.com/images/I/516FU3AGpJL._SL500_.jpg" alt="Product Image"></a><p>TheraBreath Fresh Breath Mouthwash, Mild Mint Flavor, Alcohol-Free, 16 Fl Oz (2-Pack)</p><p>$15.34 ($0.48 / Fl Oz)</p><a href="https://www.amazon.com/dp/B001ET76AI?tag=eloabder-20&linkCode=osi&th=1&psc=1">View Product</a></div><div class="product"><a href="https://www.amazon.com/dp/B0C881GLNM?tag=eloabder-20&linkCode=osi&th=1&psc=1"><img src="https://m.media-amazon.com/images/I/51C2ohy2RWL._SL500_.jpg" alt="Product Image"></a><p>Crest Pro-Health Advanced Mouthwash, Alcohol Free, Multi-Protection, Fresh Mint, 1 L (33.8 fl oz), Pack of 2</p><p>$10.97 ($0.16 / Fl Oz)</p><a href="https://www.amazon.com/dp/B0C881GLNM?tag=eloabder-20&linkCode=osi&th=1&psc=1">View Product</a></div>
<div class="product"><a href="https://www.amazon.com/dp/B0828J5DJ3?tag=eloabder-20&linkCode=osi&th=1&psc=1"><img src="https://m.media-amazon.com/images/I/419pebc+HXL._SL500_.jpg" alt="Product Image"></a><p>Edge Shaving Gel for Men, Sensitive Skin with Aloe, 7oz (3 Pack) - Shaving Gel For Men That Moisturizes, Protects, and Soothes To Help Reduce Skin Irritation (Packaging May Vary)</p><p>$9.71 ($0.46 / Ounce)</p><a href="https://www.amazon.com/dp/B0828J5DJ3?tag=eloabder-20&linkCode=osi&th=1&psc=1">View Product</a></div><div class="product"><a href="https://www.amazon.com/dp/B00NERPNYE?tag=eloabder-20&linkCode=osi&th=1&psc=1"><img src="https://m.media-amazon.com/images/I/41W0Es9KyqL._SL500_.jpg" alt="Product Image"></a><p>Gillette Series 3X Action Shave Gel, Sensitive Twin Pack, 7 Oz (Pack of 2)</p><p>$5.97 ($0.43 / Fl Oz)</p><a href="https://www.amazon.com/dp/B00NERPNYE?tag=eloabder-20&linkCode=osi&th=1&psc=1">View Product</a></div><div class="product"><a href="https://www.amazon.com/dp/B00O4QAF9C?tag=eloabder-20&linkCode=osi&th=1&psc=1"><img src="https://m.media-amazon.com/images/I/41RVD6l-hrL._SL500_.jpg" alt="Product Image"></a><p>NIVEA MEN Sensitive Shave Gel with Vitamin E, Soothing Chamomile and Witch Hazel Extracts, No Drying Alcohols, 3 Pack of 7 Oz Cans</p><p>$12.29 ($0.59 / Ounce)</p><a href="https://www.amazon.com/dp/B00O4QAF9C?tag=eloabder-20&linkCode=osi&th=1&psc=1">View Product</a></div><div class="product"><a href="https://www.amazon.com/dp/B001KYQF3Q?tag=eloabder-20&linkCode=osi&th=1&psc=1"><img src="https://m.media-amazon.com/images/I/31s+x9rJ-qL._SL500_.jpg" alt="Product Image"></a><p>eos Shea Better Shaving Cream- Pomegranate Raspberry, Women's Shave Cream, Skin Care, Doubles as an In-Shower Lotion, 24-Hour Hydration, 7 fl oz</p><p>$3.97 ($0.57 / Fl Oz)</p><a href="https://www.amazon.com/dp/B001KYQF3Q?tag=eloabder-20&linkCode=osi&th=1&psc=1">View Product</a></div><div class="product"><a href="https://www.amazon.com/dp/B001E5E9RK?tag=eloabder-20&linkCode=osi&th=1&psc=1"><img src="https://m.media-amazon.com/images/I/515y2aCFbpL._SL500_.jpg" alt="Product Image"></a><p>Gillette Foamy Shaving Cream, Sensitive Skin, 11 Ounce (Pack of 12)</p><p>$16.74 ($0.25 / Ounce)</p><a href="https://www.amazon.com/dp/B001E5E9RK?tag=eloabder-20&linkCode=osi&th=1&psc=1">View Product</a></div><div class="product"><a href="https://www.amazon.com/dp/B01ALAVIK4?tag=eloabder-20&linkCode=osi&th=1&psc=1"><img src="https://m.media-amazon.com/images/I/41VmDEGM01L._SL500_.jpg" alt="Product Image"></a><p>Gillette Satin Care Ultra Sensitive Shave Gel for Women, Pack of 2, 7oz Each, Frangrance Free</p><p>$5.27 ($0.38 / Fl Oz)</p><a href="https://www.amazon.com/dp/B01ALAVIK4?tag=eloabder-20&linkCode=osi&th=1&psc=1">View Product</a></div><div class="product"><a href="https://www.amazon.com/dp/B00MW3AIHI?tag=eloabder-20&linkCode=osi&th=1&psc=1"><img src="https://m.media-amazon.com/images/I/51Bxum4jbHL._SL500_.jpg" alt="Product Image"></a><p>Barbasol Thick and Rich Shaving Cream, Original 10 oz (Pack of 2)</p><p>$12.47 ($0.12 / Ounce)</p><a href="https://www.amazon.com/dp/B00MW3AIHI?tag=eloabder-20&linkCode=osi&th=1&psc=1">View Product</a></div><div class="product"><a href="https://www.amazon.com/dp/B00005338S?tag=eloabder-20&linkCode=osi&th=1&psc=1"><img src="https://m.media-amazon.com/images/I/31tOr1F5ErL._SL500_.jpg" alt="Product Image"></a><p>Gillette Foamy Regular Shaving Foam, 2 oz</p><p>$1.29 ($0.64 / Ounce)</p><a href="https://www.amazon.com/dp/B00005338S?tag=eloabder-20&linkCode=osi&th=1&psc=1">View Product</a></div><div class="product"><a href="https://www.amazon.com/dp/B00Q1L9Q0W?tag=eloabder-20&linkCode=osi&th=1&psc=1"><img src="https://m.media-amazon.com/images/I/41m5NDPkYuL._SL500_.jpg" alt="Product Image"></a><p>Barbasol Thick & Rich Shaving Cream, Original 10 oz (Value Pack of 3)</p><p>$14.50 ($4.83 / Count)</p><a href="https://www.amazon.com/dp/B00Q1L9Q0W?tag=eloabder-20&linkCode=osi&th=1&psc=1">View Product</a></div>
<div class="product"><a href="https://www.amazon.com/dp/B01H4KQYJY?tag=eloabder-20&linkCode=osi&th=1&psc=1"><img src="https://m.media-amazon.com/images/I/41p2XO+cG8S._SL500_.jpg" alt="Product Image"></a><p>Dorco 100 Piece Prime Double Edge Razor Blades</p><p>$11.25 ($0.11 / Count)</p><a href="https://www.amazon.com/dp/B01H4KQYJY?tag=eloabder-20&linkCode=osi&th=1&psc=1">View Product</a></div><div class="product"><a href="https://www.amazon.com/dp/B07CZCQ481?tag=eloabder-20&linkCode=osi&th=1&psc=1"><img src="https://m.media-amazon.com/images/I/51fV12qs95L._SL500_.jpg" alt="Product Image"></a><p>Amazon Basics 5-Blade MotionSphere Razor for Men with Dual Lubrication and Precision Trimmer, Handle & 16 Cartridges, Cartridges fit, Razor Handles only, 17 Piece Set, Black</p><p>$20.99 ($1.31 / Count)</p><a href="https://www.amazon.com/dp/B07CZCQ481?tag=eloabder-20&linkCode=osi&th=1&psc=1">View Product</a></div><div class="product"><a href="https://www.amazon.com/dp/B0039LMTAQ?tag=eloabder-20&linkCode=osi&th=1&psc=1"><img src="https://m.media-amazon.com/images/I/51tkDAVkmCL._SL500_.jpg" alt="Product Image"></a><p>Gillette Venus Sensitive Women's Disposable Razors - Single Package of 3 Razors</p><p>$6.94</p><a href="https://www.amazon.com/dp/B0039LMTAQ?tag=eloabder-20&linkCode=osi&th=1&psc=1">View Product</a></div><div class="product"><a href="https://www.amazon.com/dp/B0787JNN97?tag=eloabder-20&linkCode=osi&th=1&psc=1"><img src="https://m.media-amazon.com/images/I/41H+SqazA0L._SL500_.jpg" alt="Product Image"></a><p>BIC Soleil Smooth Colors Women's Disposable Razors With Aloe Vera and vitamin E Lubricating Strip for Enhanced Glide, With 3 Blades, 14 Count</p><p>$14.75 ($1.05 / Count)</p><a href="https://www.amazon.com/dp/B0787JNN97?tag=eloabder-20&linkCode=osi&th=1&psc=1">View Product</a></div><div class="product"><a href="https://www.amazon.com/dp/B0001LQGPG?tag=eloabder-20&linkCode=osi&th=1&psc=1"><img src="https://m.media-amazon.com/images/I/51V5N3IVEwL._SL500_.jpg" alt="Product Image"></a><p>Gillette Sensor3 Sensitive Men's Disposable Razor, 4 Razors</p><p>$6.97 ($1.74 / Count)</p><a href="https://www.amazon.com/dp/B0001LQGPG?tag=eloabder-20&linkCode=osi&th=1&psc=1">View Product</a></div><div class="product"><a href="https://www.amazon.com/dp/B000R2WYYQ?tag=eloabder-20&linkCode=osi&th=1&psc=1"><img src="https://m.media-amazon.com/images/I/51EexRfTCRL._SL500_.jpg" alt="Product Image"></a><p>BIC Single Blade Razor, Sensitive, 12 ct</p><p>$3.32 ($0.28 / Count)</p><a href="https://www.amazon.com/dp/B000R2WYYQ?tag=eloabder-20&linkCode=osi&th=1&psc=1">View Product</a></div><div class="product"><a href="https://www.amazon.com/dp/B07CYN88NJ?tag=eloabder-20&linkCode=osi&th=1&psc=1"><img src="https://m.media-amazon.com/images/I/41w0Vc7n8wL._SL500_.jpg" alt="Product Image"></a><p>Amazon Basics 5-Blade Razor for Women, Handle, 12 Cartridges & Shower Hanger (Cartridges fit Amazon Basics Razor Handles only) 14 Piece Set, Blue</p><p>$20.38 ($1.70 / Count)</p><a href="https://www.amazon.com/dp/B07CYN88NJ?tag=eloabder-20&linkCode=osi&th=1&psc=1">View Product</a></div><div class="product"><a href="https://www.amazon.com/dp/B0CP6JTQ4X?tag=eloabder-20&linkCode=osi&th=1&psc=1"><img src="https://m.media-amazon.com/images/I/51XrHMi-S5L._SL500_.jpg" alt="Product Image"></a><p>Gillette Sensor3 Comfort Men's Disposable Razors, 12 Razors</p><p>$14.97 ($1.25 / Count)</p><a href="https://www.amazon.com/dp/B0CP6JTQ4X?tag=eloabder-20&linkCode=osi&th=1&psc=1">View Product</a></div><div class="product"><a href="https://www.amazon.com/dp/B07DZYGDSF?tag=eloabder-20&linkCode=osi&th=1&psc=1"><img src="https://m.media-amazon.com/images/I/51mFm+GwEZL._SL500_.jpg" alt="Product Image"></a><p>Gillette Fusion ProGlide Razors, Men 1 Gillette Razor, 4 Razor Blade Refills, Shields Against Skin Irritation</p><p>$19.99 ($4.00 / Count)</p><a href="https://www.amazon.com/dp/B07DZYGDSF?tag=eloabder-20&linkCode=osi&th=1&psc=1">View Product</a></div><div class="product"><a href="https://www.amazon.com/dp/B003EMNITQ?tag=eloabder-20&linkCode=osi&th=1&psc=1"><img src="https://m.media-amazon.com/images/I/41aNcEj3ViL._SL500_.jpg" alt="Product Image"></a><p>Gillette Venus ComfortGlide White Tea Women's Razor Blade Refills, 6 Count</p><p>$21.97 ($3.66 / Count)</p><a href="https://www.amazon.com/dp/B003EMNITQ?tag=eloabder-20&linkCode=osi&th=1&psc=1">View Product</a></div>
<div class="product"><a href="https://www.amazon.com/dp/B072J2ZBPY?tag=eloabder-20&linkCode=osi&th=1&psc=1"><img src="https://m.media-amazon.com/images/I/41Th2KQyzlL._SL500_.jpg" alt="Product Image"></a><p>Degree Men UltraClear Antiperspirant Deodorant Black + White 72-Hour Sweat & Odor Protection Antiperspirant For Men With MotionSense Technology 2.7 Ounce (Pack of 4)</p><p>$19.73 ($1.83 / Ounce)</p><a href="https://www.amazon.com/dp/B072J2ZBPY?tag=eloabder-20&linkCode=osi&th=1&psc=1">View Product</a></div><div class="product"><a href="https://www.amazon.com/dp/B07GB3NVN1?tag=eloabder-20&linkCode=osi&th=1&psc=1"><img src="https://m.media-amazon.com/images/I/31BnXaLnMWL._SL500_.jpg" alt="Product Image"></a><p>Native Deodorant Contains Naturally Derived Ingredients, 72 Hour Odor Control | Deodorant for Women and Men, Aluminum Free with Baking Soda, Coconut Oil and Shea Butter | Coconut & Vanilla</p><p>$12.97 ($4.89 / Ounce)</p><a href="https://www.amazon.com/dp/B07GB3NVN1?tag=eloabder-20&linkCode=osi&th=1&psc=1">View Product</a></div><div class="product"><a href="https://www.amazon.com/dp/B00TPRG5D0?tag=eloabder-20&linkCode=osi&th=1&psc=1"><img src="https://m.media-amazon.com/images/I/61Ezqbe7QUL._SL500_.jpg" alt="Product Image"></a><p>Degree Men Original Antiperspirant Deodorant Cool Rush Twin Pack 48-Hour Sweat & Odor Protection Antiperspirant For Men 2.7 oz</p><p>$6.27 ($1.16 / Ounce)</p><a href="https://www.amazon.com/dp/B00TPRG5D0?tag=eloabder-20&linkCode=osi&th=1&psc=1">View Product</a></div><div class="product"><a href="https://www.amazon.com/dp/B08ZH6P1NY?tag=eloabder-20&linkCode=osi&th=1&psc=1"><img src="https://m.media-amazon.com/images/I/51D2Klixa3L._SL500_.jpg" alt="Product Image"></a><p>Speed Stick Men's Deodorant, Regular, 3 Ounce, 4 Pack</p><p>$8.97 ($0.75 / Ounce)</p><a href="https://www.amazon.com/dp/B08ZH6P1NY?tag=eloabder-20&linkCode=osi&th=1&psc=1">View Product</a></div><div class="product"><a href="https://www.amazon.com/dp/B0080PEM3S?tag=eloabder-20&linkCode=osi&th=1&psc=1"><img src="https://m.media-amazon.com/images/I/61a+r3V48HL._SL500_.jpg" alt="Product Image"></a><p>Degree Advanced Protection Antiperspirant Deodorant White Flowers & Lychee for 72-Hour Sweat & Odor Control for Women, with Body Heat Activated Technology, 2.6 oz</p><p>$4.99 ($1.92 / Ounce)</p><a href="https://www.amazon.com/dp/B0080PEM3S?tag=eloabder-20&linkCode=osi&th=1&psc=1">View Product</a></div><div class="product"><a href="https://www.amazon.com/dp/B002VUAM46?tag=eloabder-20&linkCode=osi&th=1&psc=1"><img src="https://m.media-amazon.com/images/I/51+tUdTWg0L._SL500_.jpg" alt="Product Image"></a><p>Degree Men Antiperspirant Deodorant Adventure Freshness and Odor Protection Deodorant for Men 2.7 Oz, (Pack of 4) Woodsy, Stick</p><p>$10.38 ($0.96 / Ounce)</p><a href="https://www.amazon.com/dp/B002VUAM46?tag=eloabder-20&linkCode=osi&th=1&psc=1">View Product</a></div><div class="product"><a href="https://www.amazon.com/dp/B01HTJTPZA?tag=eloabder-20&linkCode=osi&th=1&psc=1"><img src="https://m.media-amazon.com/images/I/618IrjjMkUL._SL500_.jpg" alt="Product Image"></a><p>Dove Advanced Care Antiperspirant Deodorant Stick Cool Essentials 4 ct for helping your skin barrier repair after shaving 72 hour odor control and sweat protection with Pro Ceramide Technology 2.6 oz</p><p>$16.98 ($1.63 / Ounce)</p><a href="https://www.amazon.com/dp/B01HTJTPZA?tag=eloabder-20&linkCode=osi&th=1&psc=1">View Product</a></div><div class="product"><a href="https://www.amazon.com/dp/B08NYHVJ5N?tag=eloabder-20&linkCode=osi&th=1&psc=1"><img src="https://m.media-amazon.com/images/I/51s98nEidOL._SL500_.jpg" alt="Product Image"></a><p>Old Spice Aluminum Free Deodorant for Men, High Endurance Sport, 24/7 Odor Protection, 3 Oz Each, (Pack Of 3)</p><p>$14.43 ($3.61 / Count)</p><a href="https://www.amazon.com/dp/B08NYHVJ5N?tag=eloabder-20&linkCode=osi&th=1&psc=1">View Product</a></div><div class="product"><a href="https://www.amazon.com/dp/B01HTJTMF8?tag=eloabder-20&linkCode=osi&th=1&psc=1"><img src="https://m.media-amazon.com/images/I/61k+x5yZyML._SL500_.jpg" alt="Product Image"></a><p>Dove Men + Care Antiperspirant Deodorant, 72hr Sweat & Odor Protection, Vitamin E, Triple Moisturizer, 4 Pack</p><p>$18.48 ($1.71 / Ounce)</p><a href="https://www.amazon.com/dp/B01HTJTMF8?tag=eloabder-20&linkCode=osi&th=1&psc=1">View Product</a></div><div class="product"><a href="https://www.amazon.com/dp/B08WYXNVQ7?tag=eloabder-20&linkCode=osi&th=1&psc=1"><img src="https://m.media-amazon.com/images/I/31n90+gYyKL._SL500_.jpg" alt="Product Image"></a><p>SALT & STONE Natural Deodorant - Santal & Vetiver | Extra Strength Natural Deodorant for Women & Men | Aluminum Free with Seaweed Extracts, Shea Butter & Probiotics | Free From Parabens & Sulfates</p><p>$20.00 ($7.69 / Ounce)</p><a href="https://www.amazon.com/dp/B08WYXNVQ7?tag=eloabder-20&linkCode=osi&th=1&psc=1">View Product</a></div>

<div class="product"><a href="https://www.amazon.com/dp/B00ADRH2OM?tag=eloabder-20&linkCode=osi&th=1&psc=1"><img src="https://m.media-amazon.com/images/I/413WPcPNDbL._SL500_.jpg" alt="Product Image"></a><p>OGX Thick & Full + Biotin & Collagen Volumizing Shampoo, Nutrient-Infused Hair Shampoo with Vitamin B7 Biotin Gives Hair Volume & Body for 72+ Hours, Sulfate-Free Surfactants, 13 fl. oz</p><p>$6.97 ($0.54 / Fl Oz)</p><a href="https://www.amazon.com/dp/B00ADRH2OM?tag=eloabder-20&linkCode=osi&th=1&psc=1">View Product</a></div><div class="product"><a href="https://www.amazon.com/dp/B082YG62JM?tag=eloabder-20&linkCode=osi&th=1&psc=1"><img src="https://m.media-amazon.com/images/I/31c5qlF0nYL._SL500_.jpg" alt="Product Image"></a><p>Acure Shampoo 100% Vegan, Ultra Hydrating Moisture & Omega Fatty Acids, , Yellow Argan Oil & Pumpkin, 8 Fl Oz</p><p>$9.99 ($1.25 / Fl Oz)</p><a href="https://www.amazon.com/dp/B082YG62JM?tag=eloabder-20&linkCode=osi&th=1&psc=1">View Product</a></div><div class="product"><a href="https://www.amazon.com/dp/B008J2GP9G?tag=eloabder-20&linkCode=osi&th=1&psc=1"><img src="https://m.media-amazon.com/images/I/31BkIKu3HgL._SL500_.jpg" alt="Product Image"></a><p>OGX Renewing + Argan Oil of Morocco Shampoo, Damage Repair Shampoo & Argan Oil to Help Strengthen & Repair Dry, Damaged Hair, Paraben-Free, Sulfate-Free Surfactants, 25.4 fl. oz</p><p>$12.28 ($0.48 / Fl Oz)</p><a href="https://www.amazon.com/dp/B008J2GP9G?tag=eloabder-20&linkCode=osi&th=1&psc=1">View Product</a></div><div class="product"><a href="https://www.amazon.com/dp/B00AINMFAC?tag=eloabder-20&linkCode=osi&th=1&psc=1"><img src="https://m.media-amazon.com/images/I/41D7x04cFtL._SL500_.jpg" alt="Product Image"></a><p>Nizoral Anti-Dandruff Shampoo with 1% Ketoconazole, Fresh Scent, 7 Fl Oz</p><p>$15.88 ($2.27 / Fl Oz)</p><a href="https://www.amazon.com/dp/B00AINMFAC?tag=eloabder-20&linkCode=osi&th=1&psc=1">View Product</a></div><div class="product"><a href="https://www.amazon.com/dp/B082YGK39W?tag=eloabder-20&linkCode=osi&th=1&psc=1"><img src="https://m.media-amazon.com/images/I/31ZzE6IMgGL._SL500_.jpg" alt="Product Image"></a><p>Acure Vivacious Volume Shampoo | Revitalize and Volumize: Mint and Echinacea Infused Regimen for Fine, Fragile Hair, 8 Fl Oz</p><p>$6.39</p><a href="https://www.amazon.com/dp/B082YGK39W?tag=eloabder-20&linkCode=osi&th=1&psc=1">View Product</a></div><div class="product"><a href="https://www.amazon.com/dp/B00OO0J9UY?tag=eloabder-20&linkCode=osi&th=1&psc=1"><img src="https://m.media-amazon.com/images/I/6111IvzP9vL._SL500_.jpg" alt="Product Image"></a><p>SheaMoisture Intensive Hydration Shampoo for Dry, Damaged Hair Manuka Honey and Mafura Oil Sulfate-Free 13 oz</p><p>$9.68 ($0.74 / Fl Oz)</p><a href="https://www.amazon.com/dp/B00OO0J9UY?tag=eloabder-20&linkCode=osi&th=1&psc=1">View Product</a></div><div class="product"><a href="https://www.amazon.com/dp/B08RG1LQGL?tag=eloabder-20&linkCode=osi&th=1&psc=1"><img src="https://m.media-amazon.com/images/I/31leNyYQAaL._SL500_.jpg" alt="Product Image"></a><p>365 By Whole Foods Market, Moisture & Shine Shampoo Lavender, 32 Fl Oz</p><p>$8.10 ($0.25 / Fl Oz)</p><a href="https://www.amazon.com/dp/B08RG1LQGL?tag=eloabder-20&linkCode=osi&th=1&psc=1">View Product</a></div><div class="product"><a href="https://www.amazon.com/dp/B08RG15SLJ?tag=eloabder-20&linkCode=osi&th=1&psc=1"><img src="https://m.media-amazon.com/images/I/413+ccliIaL._SL500_.jpg" alt="Product Image"></a><p>365 by Whole Foods Market, Volume & Thick Shampoo Rosemary Mint, 32 Fl Oz</p><p>$11.49 ($0.36 / Fl Oz)</p><a href="https://www.amazon.com/dp/B08RG15SLJ?tag=eloabder-20&linkCode=osi&th=1&psc=1">View Product</a></div>
<div class="product"><a href="https://www.amazon.com/dp/B0048F38DY?tag=eloabder-20&linkCode=osi&th=1&psc=1"><img src="https://m.media-amazon.com/images/I/41GrHa75nWL._SL500_.jpg" alt="Product Image"></a><p>OGX Renewing + Argan Oil of Morocco Conditioner, Repair Conditioner & Argan Oil Helps Strengthen & Repair Dry, Damaged Hair, Paraben-Free, Sulfate-Free Surfactants, 13 fl. oz</p><p>$6.97 ($0.54 / Fl Oz)</p><a href="https://www.amazon.com/dp/B0048F38DY?tag=eloabder-20&linkCode=osi&th=1&psc=1">View Product</a></div><div class="product"><a href="https://www.amazon.com/dp/B00OVQO66S?tag=eloabder-20&linkCode=osi&th=1&psc=1"><img src="https://m.media-amazon.com/images/I/61S7x6GUaFL._SL500_.jpg" alt="Product Image"></a><p>SheaMoisture Conditioner Intensive Hydration for Dry, Damaged Hair Manuka Honey and Mafura Oil to Nourish and Soften Hair 13 oz</p><p>$9.68 ($0.74 / Fl Oz)</p><a href="https://www.amazon.com/dp/B00OVQO66S?tag=eloabder-20&linkCode=osi&th=1&psc=1">View Product</a></div><div class="product"><a href="https://www.amazon.com/dp/B00ADR6M2U?tag=eloabder-20&linkCode=osi&th=1&psc=1"><img src="https://m.media-amazon.com/images/I/41m-SPUM-nL._SL500_.jpg" alt="Product Image"></a><p>OGX Thick & Full + Biotin & Collagen Volumizing Conditioner, Nutrient-Infused Conditioner with Vitamin B7 Biotin Gives Hair Volume & Body for 72+ Hours, Sulfate-Free Surfactants, 13 fl. Oz</p><p>$6.97 ($0.54 / Fl Oz)</p><a href="https://www.amazon.com/dp/B00ADR6M2U?tag=eloabder-20&linkCode=osi&th=1&psc=1">View Product</a></div><div class="product"><a href="https://www.amazon.com/dp/B000TG850M?tag=eloabder-20&linkCode=osi&th=1&psc=1"><img src="https://m.media-amazon.com/images/I/31TYCRS9xuL._SL500_.jpg" alt="Product Image"></a><p>OGX Nourishing + Coconut Milk Conditioner, Hydrating & Restoring Conditioner Moisturizes for Soft Hair After the First Use, Parabens-Free, Sulfate-Free Surfactants, 13 fl. Oz</p><p>$6.97 ($0.54 / Fl Oz)</p><a href="https://www.amazon.com/dp/B000TG850M?tag=eloabder-20&linkCode=osi&th=1&psc=1">View Product</a></div><div class="product"><a href="https://www.amazon.com/dp/B008OL3VW6?tag=eloabder-20&linkCode=osi&th=1&psc=1"><img src="https://m.media-amazon.com/images/I/31tIRt0xMJL._SL500_.jpg" alt="Product Image"></a><p>Avalon Organics Therapy Thickening Conditioner, Biotin B-Complex, 32 Oz</p><p>$17.38 ($0.54 / Ounce)</p><a href="https://www.amazon.com/dp/B008OL3VW6?tag=eloabder-20&linkCode=osi&th=1&psc=1">View Product</a></div><div class="product"><a href="https://www.amazon.com/dp/B0128QFSPK?tag=eloabder-20&linkCode=osi&th=1&psc=1"><img src="https://m.media-amazon.com/images/I/31lrVfnasLL._SL500_.jpg" alt="Product Image"></a><p>OGX Quenching + Coconut Curls Curl-Defining Conditioner, Nourishing Curly Hair Conditioner with Coconut /Citrus Oil & Honey, Paraben-Free with Sulfate-Free Surfactants, 13oz</p><p>$6.97 ($0.54 / Fl Oz)</p><a href="https://www.amazon.com/dp/B0128QFSPK?tag=eloabder-20&linkCode=osi&th=1&psc=1">View Product</a></div><div class="product"><a href="https://www.amazon.com/dp/B00V6GPXZO?tag=eloabder-20&linkCode=osi&th=1&psc=1"><img src="https://m.media-amazon.com/images/I/41PW2fckFML._SL500_.jpg" alt="Product Image"></a><p>SheaMoisture Conditioner 100% Pure Jamaican Black Castor Oil to Intensely Smooth and Nourish Hair with Shea Butter, Peppermint and Apple Cider Vinegar 13 oz</p><p>$9.68 ($0.74 / Fl Oz)</p><a href="https://www.amazon.com/dp/B00V6GPXZO?tag=eloabder-20&linkCode=osi&th=1&psc=1">View Product</a></div><div class="product"><a href="https://www.amazon.com/dp/B000VEJVCI?tag=eloabder-20&linkCode=osi&th=1&psc=1"><img src="https://m.media-amazon.com/images/I/21qrX8H4+-L._SL500_.jpg" alt="Product Image"></a><p>Paul Mitchell The Conditioner Original Leave-In, Balances Moisture, For All Hair Types, 16.9 fl. oz.</p><p>$21.00 ($1.24 / Fl Oz)</p><a href="https://www.amazon.com/dp/B000VEJVCI?tag=eloabder-20&linkCode=osi&th=1&psc=1">View Product</a></div>
<div class="product"><a href="https://www.amazon.com/dp/B0BZGRCBY4?tag=eloabder-20&linkCode=osi&th=1&psc=1"><img src="https://m.media-amazon.com/images/I/31qfcnEuzhL._SL500_.jpg" alt="Product Image"></a><p>eos Shea Better Body Lotion- Fresh & Cozy, 24-Hour Moisture Skin Care, Lightweight & Non-Greasy, Made with Natural Shea, Vegan, 16 Fl Oz (Pack of 1)</p><p>$8.98 ($0.56 / Fl Oz)</p><a href="https://www.amazon.com/dp/B0BZGRCBY4?tag=eloabder-20&linkCode=osi&th=1&psc=1">View Product</a></div>

<div class="product"><a href="https://www.amazon.com/dp/B0719GRD5R?tag=eloabder-20&linkCode=osi&th=1&psc=1"><img src="https://m.media-amazon.com/images/I/41YE7bBHNCL._SL500_.jpg" alt="Product Image"></a><p>Clean & Clear Deep Action Exfoliating Cleanser with Pro-Vitamin B5, Gentle Exfoliating Daily Face Scrub Cleans Deep Down to the Pore for Soft, Smooth, Hydrated Skin, Oil Free Face Wash, 7 FL OZ</p><p>$5.32 ($0.76 / Fl Oz)</p><a href="https://www.amazon.com/dp/B0719GRD5R?tag=eloabder-20&linkCode=osi&th=1&psc=1">View Product</a></div><div class="product"><a href="https://www.amazon.com/dp/B088S1685Y?tag=eloabder-20&linkCode=osi&th=1&psc=1"><img src="https://m.media-amazon.com/images/I/310l8Je7mSL._SL500_.jpg" alt="Product Image"></a><p>Neutrogena Skin Balancing Milky Cleanser with 2% Polyhydroxy Acid (PHA), Soothing & Moisturizing Face Wash for Dry & Sensitive Skin, Paraben-Free, Soap-Free, Sulfate-Free, 6.3 oz</p><p>$3.94 ($0.63 / Fl Oz)</p><a href="https://www.amazon.com/dp/B088S1685Y?tag=eloabder-20&linkCode=osi&th=1&psc=1">View Product</a></div><div class="product"><a href="https://www.amazon.com/dp/B000NWDSAE?tag=eloabder-20&linkCode=osi&th=1&psc=1"><img src="https://m.media-amazon.com/images/I/41X+HuMzv9L._SL500_.jpg" alt="Product Image"></a><p>Neutrogena Oil-Free Acne Face Scrub, 2% Salicylic Acid Acne Treatment Medicine, Daily Face Wash to help Prevent Breakouts, Oil Free Exfoliating Facial Cleanser for Acne-Prone Skin, 4.2 fl. oz</p><p>$7.29 ($1.73 / Fl Oz)</p><a href="https://www.amazon.com/dp/B000NWDSAE?tag=eloabder-20&linkCode=osi&th=1&psc=1">View Product</a></div><div class="product"><a href="https://www.amazon.com/dp/B000052ZB5?tag=eloabder-20&linkCode=osi&th=1&psc=1"><img src="https://m.media-amazon.com/images/I/31ItNDNYdIL._SL500_.jpg" alt="Product Image"></a><p>Neutrogena Deep Clean Daily Facial Cream Cleanser with Beta Hydroxy Acid to Remove Dirt, Oil & Makeup, Alcohol-Free, Oil-Free & Non-Comedogenic, 7 fl. oz</p><p>$6.49 ($0.87 / Fl Oz)</p><a href="https://www.amazon.com/dp/B000052ZB5?tag=eloabder-20&linkCode=osi&th=1&psc=1">View Product</a></div><div class="product"><a href="https://www.amazon.com/dp/B00006FE2Z?tag=eloabder-20&linkCode=osi&th=1&psc=1"><img src="https://m.media-amazon.com/images/I/310Nwq030fL._SL500_.jpg" alt="Product Image"></a><p>Neutrogena Deep Clean Gentle Daily Facial Scrub, Oil-Free Cleanser, 4.2 Fl Oz</p><p>$6.49 ($1.55 / Fl Oz)</p><a href="https://www.amazon.com/dp/B00006FE2Z?tag=eloabder-20&linkCode=osi&th=1&psc=1">View Product</a></div>

<div class="product"><a href="https://www.amazon.com/dp/B087781VTJ?tag=eloabder-20&linkCode=osi&th=1&psc=1"><img src="https://m.media-amazon.com/images/I/31OkRWcr12L._SL500_.jpg" alt="Product Image"></a><p>PURELL Advanced Hand Sanitizer Refreshing Gel, Clean Scent, 1 Liter Pump Bottle (Pack of 1) - 9632-04-CMR</p><p>$11.24 ($0.33 / Fl Oz)</p><a href="https://www.amazon.com/dp/B087781VTJ?tag=eloabder-20&linkCode=osi&th=1&psc=1">View Product</a></div><div class="product"><a href="https://www.amazon.com/dp/B0889WWM49?tag=eloabder-20&linkCode=osi&th=1&psc=1"><img src="https://m.media-amazon.com/images/I/51KTBSE1ZwL._SL500_.jpg" alt="Product Image"></a><p>Germ-X Original Hand Sanitizer, Moisturizing Gel with Vitamin E, Instant and No Rinse Formula, Back to School Supplies College, 8 Fl Oz Pump Bottle (Pack of 12)</p><p>$23.04 ($0.24 / Fl Oz)</p><a href="https://www.amazon.com/dp/B0889WWM49?tag=eloabder-20&linkCode=osi&th=1&psc=1">View Product</a></div><div class="product"><a href="https://www.amazon.com/dp/B08XZS6BGG?tag=eloabder-20&linkCode=osi&th=1&psc=1"><img src="https://m.media-amazon.com/images/I/51XpsRtfkiL._SL500_.jpg" alt="Product Image"></a><p>PURELL Advanced Hand Sanitizer Naturals with Plant Based Alcohol, Citrus Scent, 8 fl oz Pump Bottle (Pack of 4), 9626-06-ECDECO</p><p>$14.99 ($0.47 / Fl Oz)</p><a href="https://www.amazon.com/dp/B08XZS6BGG?tag=eloabder-20&linkCode=osi&th=1&psc=1">View Product</a></div><div class="product"><a href="https://www.amazon.com/dp/B08VL1MXNZ?tag=eloabder-20&linkCode=osi&th=1&psc=1"><img src="https://m.media-amazon.com/images/I/41EMtmcLMxL._SL500_.jpg" alt="Product Image"></a><p>PURELL PRIME DEFENSE Advanced Hand Sanitizer, 85%, Maximum Strength Formula, 12 fl oz Pump Bottles (Pack of 4) - 3699-06-EC2</p><p>$27.99 ($0.58 / Fl Oz)</p><a href="https://www.amazon.com/dp/B08VL1MXNZ?tag=eloabder-20&linkCode=osi&th=1&psc=1">View Product</a></div><div class="product"><a href="https://www.amazon.com/dp/B08R15JGNX?tag=eloabder-20&linkCode=osi&th=1&psc=1"><img src="https://m.media-amazon.com/images/I/41YXo-hwuXL._SL500_.jpg" alt="Product Image"></a><p>Amazon Basic Care - Aloe Vera Hand Sanitizer 62%, 12 fl oz (Pack of 6)</p><p>$15.09 ($0.21 / Fl Oz)</p><a href="https://www.amazon.com/dp/B08R15JGNX?tag=eloabder-20&linkCode=osi&th=1&psc=1">View Product</a></div><div class="product"><a href="https://www.amazon.com/dp/B08R14XP4D?tag=eloabder-20&linkCode=osi&th=1&psc=1"><img src="https://m.media-amazon.com/images/I/415ogBNctoL._SL500_.jpg" alt="Product Image"></a><p>Amazon Basic Care - Original Hand Sanitizer 62%, 12 fl oz (Pack of 6)</p><p>$19.95 ($0.28 / Fl Oz)</p><a href="https://www.amazon.com/dp/B08R14XP4D?tag=eloabder-20&linkCode=osi&th=1&psc=1">View Product</a></div><div class="product"><a href="https://www.amazon.com/dp/B00U2KYUAY?tag=eloabder-20&linkCode=osi&th=1&psc=1"><img src="https://m.media-amazon.com/images/I/516ldzLw1iL._SL500_.jpg" alt="Product Image"></a><p>PURELL Advanced Hand Sanitizer Soothing Gel, Fresh Scent, 8 fl oz Pump Bottle (Pack of 4), 9674-06-ECDECO</p><p>$14.99 ($0.47 / Fl Oz)</p><a href="https://www.amazon.com/dp/B00U2KYUAY?tag=eloabder-20&linkCode=osi&th=1&psc=1">View Product</a></div>
<div class="product"><a href="https://www.amazon.com/dp/B01N7TYBKS?tag=eloabder-20&linkCode=osi&th=1&psc=1"><img src="https://m.media-amazon.com/images/I/31PicytUhxL._SL500_.jpg" alt="Product Image"></a><p>MRS. MEYER'S CLEAN DAY Hand Lotion for Dry Hands, Non-Greasy Moisturizer Made with Essential Oils, Lavender, 12 oz</p><p>$10.80 ($0.90 / Fl Oz)</p><a href="https://www.amazon.com/dp/B01N7TYBKS?tag=eloabder-20&linkCode=osi&th=1&psc=1">View Product</a></div><div class="product"><a href="https://www.amazon.com/dp/B0BYQ34X6C?tag=eloabder-20&linkCode=osi&th=1&psc=1"><img src="https://m.media-amazon.com/images/I/61e61W8P89L._SL500_.jpg" alt="Product Image"></a><p>Vaseline Hand Sanitizer Lotion 2-in-1 Hydrating Skin Care 3 Ct Moisturizes and Eliminates Bacteria with Vitamin E 8 oz</p><p>$20.97 ($0.87 / Fl Oz)</p><a href="https://www.amazon.com/dp/B0BYQ34X6C?tag=eloabder-20&linkCode=osi&th=1&psc=1">View Product</a></div><div class="product"><a href="https://www.amazon.com/dp/B07QBN245V?tag=eloabder-20&linkCode=osi&th=1&psc=1"><img src="https://m.media-amazon.com/images/I/31N7vGLuV0L._SL500_.jpg" alt="Product Image"></a><p>Jergens Lavender Body Butter Body and Hand Lotion, Moisturizer for Women, 7 Fl Oz (Pack of 1), with Essential Oils for Indulgent Moisturization White</p><p>$7.72 ($1.10 / Fl Oz)</p><a href="https://www.amazon.com/dp/B07QBN245V?tag=eloabder-20&linkCode=osi&th=1&psc=1">View Product</a></div><div class="product"><a href="https://www.amazon.com/dp/B001PBOKRM?tag=eloabder-20&linkCode=osi&th=1&psc=1"><img src="https://m.media-amazon.com/images/I/31NR+HKsONL._SL500_.jpg" alt="Product Image"></a><p>Jergens Original Scent Dry Skin Lotion, Body and Hand Moisturizer for Long Lasting Skin Hydration, with HYDRALUCENCE blend and Cherry Almond Essence, 32 Ounce</p><p>$10.47 ($0.33 / Fl Oz)</p><a href="https://www.amazon.com/dp/B001PBOKRM?tag=eloabder-20&linkCode=osi&th=1&psc=1">View Product</a></div><div class="product"><a href="https://www.amazon.com/dp/B0CGR35JRD?tag=eloabder-20&linkCode=osi&th=1&psc=1"><img src="https://m.media-amazon.com/images/I/31ALnyy+p6L._SL500_.jpg" alt="Product Image"></a><p>Jergens Hand and Body Lotion, Ultra Healing Dry Skin Moisturizer, Fragrance Free Lotion, Sensitive Skin Lotion, 21 Oz</p><p>$7.47 ($0.36 / Fl Oz)</p><a href="https://www.amazon.com/dp/B0CGR35JRD?tag=eloabder-20&linkCode=osi&th=1&psc=1">View Product</a></div>
<div class="product"><a href="https://www.amazon.com/dp/B0BQWYRXPT?tag=eloabder-20&linkCode=osi&th=1&psc=1"><img src="https://m.media-amazon.com/images/I/411xH4LwE1L._SL500_.jpg" alt="Product Image"></a><p>Dermoplast Wound Wipes Medicated First Aid Cloths, Analgesic & Antiseptic Wipes for Treating Minor Cuts, Scrapes and Burns on The Go, Sting Free Formula, 10 Individual Cloths (Packaging May Vary)</p><p>$9.99 ($1.00 / Count)</p><a href="https://www.amazon.com/dp/B0BQWYRXPT?tag=eloabder-20&linkCode=osi&th=1&psc=1">View Product</a></div><div class="product"><a href="https://www.amazon.com/dp/B0057Z24WK?tag=eloabder-20&linkCode=osi&th=1&psc=1"><img src="https://m.media-amazon.com/images/I/41Np605ZC3L._SL500_.jpg" alt="Product Image"></a><p>BZK Antiseptic Towelettes, 100 Count (Pack of 1)</p><p>$7.97 ($0.08 / Count)</p><a href="https://www.amazon.com/dp/B0057Z24WK?tag=eloabder-20&linkCode=osi&th=1&psc=1">View Product</a></div><div class="product"><a href="https://www.amazon.com/dp/B07K335Y78?tag=eloabder-20&linkCode=osi&th=1&psc=1"><img src="https://m.media-amazon.com/images/I/31qFUEO9IjL._SL500_.jpg" alt="Product Image"></a><p>McKesson Obstetrical Antiseptic Towelettes Wipes, Sterile, Individual Packet, Clean Scent, 100 Count, 1 Pack</p><p>$7.20 ($0.07 / Count)</p><a href="https://www.amazon.com/dp/B07K335Y78?tag=eloabder-20&linkCode=osi&th=1&psc=1">View Product</a></div><div class="product"><a href="https://www.amazon.com/dp/B08S399VWH?tag=eloabder-20&linkCode=osi&th=1&psc=1"><img src="https://m.media-amazon.com/images/I/41dtXFAXLeL._SL500_.jpg" alt="Product Image"></a><p>Nurture XL Antibacterial Body & Hand Wipes | Alcohol-Free Antiseptic Wet Sanitizer Towelettes for Germ Removal, Disinfecting Skin, Sanitizing Hands |Cleaning Cloths | Adults & Baby | Thick & Strong</p><p>$44.95 ($0.15 / Count)</p><a href="https://www.amazon.com/dp/B08S399VWH?tag=eloabder-20&linkCode=osi&th=1&psc=1">View Product</a></div><div class="product"><a href="https://www.amazon.com/dp/B01N362TQ6?tag=eloabder-20&linkCode=osi&th=1&psc=1"><img src="https://m.media-amazon.com/images/I/31GuJZ7KbVL._SL500_.jpg" alt="Product Image"></a><p>McKesson Benzalkonium Chloride Towelettes, Antiseptic Cleansing, Individual Packet, 100 Count, 1 Pack</p><p>$7.78 ($0.08 / Count)</p><a href="https://www.amazon.com/dp/B01N362TQ6?tag=eloabder-20&linkCode=osi&th=1&psc=1">View Product</a></div><div class="product"><a href="https://www.amazon.com/dp/B06XS38XH6?tag=eloabder-20&linkCode=osi&th=1&psc=1"><img src="https://m.media-amazon.com/images/I/41P5yr0gl-L._SL500_.jpg" alt="Product Image"></a><p>Care Touch Alcohol Wipes Individually Wrapped - Prep Pads with 70% Isopropyl Alcohol, Great for Home, Medical & First Aid Kits Sterilized, Antiseptic 2-Ply Swabs 400 Count</p><p>$8.99 ($0.02 / Count)</p><a href="https://www.amazon.com/dp/B06XS38XH6?tag=eloabder-20&linkCode=osi&th=1&psc=1">View Product</a></div>
<div class="product"><a href="https://www.amazon.com/dp/B00006IDL6?tag=eloabder-20&linkCode=osi&th=1&psc=1"><img src="https://m.media-amazon.com/images/I/51SFTNQg7-L._SL500_.jpg" alt="Product Image"></a><p>Band-Aid Brand Flexible Fabric Adhesive Bandages for Wound Care and First Aid, All One Size, 100 Count</p><p>$8.48 ($0.08 / Count)</p><a href="https://www.amazon.com/dp/B00006IDL6?tag=eloabder-20&linkCode=osi&th=1&psc=1">View Product</a></div><div class="product"><a href="https://www.amazon.com/dp/B0BGH1YQC6?tag=eloabder-20&linkCode=osi&th=1&psc=1"><img src="https://m.media-amazon.com/images/I/51xvWhwfAnL._SL500_.jpg" alt="Product Image"></a><p>Amazon Basic Care Flexible Fabric Adhesive Bandages, First Aid and Wound Care Supplies, Assorted Sizes, 100 Count</p><p>$5.80 ($0.06 / Count)</p><a href="https://www.amazon.com/dp/B0BGH1YQC6?tag=eloabder-20&linkCode=osi&th=1&psc=1">View Product</a></div><div class="product"><a href="https://www.amazon.com/dp/B000GCPW8C?tag=eloabder-20&linkCode=osi&th=1&psc=1"><img src="https://m.media-amazon.com/images/I/51vXh4MmDrL._SL500_.jpg" alt="Product Image"></a><p>Band-Aid Brand Tru-Stay Adhesive Pads, Large Sterile Bandages for Wound Care, Large Size, 10 ct</p><p>$3.56 ($0.36 / Count)</p><a href="https://www.amazon.com/dp/B000GCPW8C?tag=eloabder-20&linkCode=osi&th=1&psc=1">View Product</a></div><div class="product"><a href="https://www.amazon.com/dp/B09N1PJFH4?tag=eloabder-20&linkCode=osi&th=1&psc=1"><img src="https://m.media-amazon.com/images/I/414tb0lZk2L._SL500_.jpg" alt="Product Image"></a><p>Band-Aid Brand Adhesive Bandages for Sensitive Skin, Hypoallergenic First Aid Bandages with Painless Removal, Stays on When Wet & Suitable for Eczema Prone Skin, Extra Large Size, 7 ct</p><p>$3.35 ($0.48 / Count)</p><a href="https://www.amazon.com/dp/B09N1PJFH4?tag=eloabder-20&linkCode=osi&th=1&psc=1">View Product</a></div><div class="product"><a href="https://www.amazon.com/dp/B08JH93SHW?tag=eloabder-20&linkCode=osi&th=1&psc=1"><img src="https://m.media-amazon.com/images/I/51mp6AFuzlL._SL500_.jpg" alt="Product Image"></a><p>CURAD Performance Series Ironman Antibacterial Bandages, Extreme Hold Adhesive Technology, Finger & Knuckle Bandages, Flexible Fabric, Variety Pack with Assorted Sizes & Colors, 50 Count</p><p>$6.97 ($0.14 / Count)</p><a href="https://www.amazon.com/dp/B08JH93SHW?tag=eloabder-20&linkCode=osi&th=1&psc=1">View Product</a></div><div class="product"><a href="https://www.amazon.com/dp/B07K31T5SC?tag=eloabder-20&linkCode=osi&th=1&psc=1"><img src="https://m.media-amazon.com/images/I/415PIj3D6HL._SL500_.jpg" alt="Product Image"></a><p>McKesson Adhesive Bandages, Sterile, Fabric Patch, 2 in x 3 in, 50 Count, 1 Pack</p><p>$8.30 ($0.17 / Count)</p><a href="https://www.amazon.com/dp/B07K31T5SC?tag=eloabder-20&linkCode=osi&th=1&psc=1">View Product</a></div><div class="product"><a href="https://www.amazon.com/dp/B01N6T0XHP?tag=eloabder-20&linkCode=osi&th=1&psc=1"><img src="https://m.media-amazon.com/images/I/31VmxqprYDL._SL500_.jpg" alt="Product Image"></a><p>Curad Assorted Bandages Variety Pack 300 Pieces, Including Antibacterial, Heavy Duty, Fabric, and Waterproof Bandages</p><p>$11.99 ($0.04 / Count)</p><a href="https://www.amazon.com/dp/B01N6T0XHP?tag=eloabder-20&linkCode=osi&th=1&psc=1">View Product</a></div><div class="product"><a href="https://www.amazon.com/dp/B0895DYMGL?tag=eloabder-20&linkCode=osi&th=1&psc=1"><img src="https://m.media-amazon.com/images/I/41hesAQJS3L._SL500_.jpg" alt="Product Image"></a><p>12 Pack Self Adherent Cohesive Wrap Bandages 2 Inches X 5 Yards,First Aid Tape, Elastic Self Adhesive Tape, Athletic, Sports wrap Tape, Bandage Wrap for Sports, Wrist, Skin Colour Athletic Tape</p><p>$8.99 ($0.75 / Count)</p><a href="https://www.amazon.com/dp/B0895DYMGL?tag=eloabder-20&linkCode=osi&th=1&psc=1">View Product</a></div><div class="product"><a href="https://www.amazon.com/dp/B0CKVN8SBL?tag=eloabder-20&linkCode=osi&th=1&psc=1"><img src="https://m.media-amazon.com/images/I/51LrlyDltUL._SL500_.jpg" alt="Product Image"></a><p>AZEN 8 Pack Self Adhesive Bandage Wrap, 2" X 5 Yards Elastic Cohesive Bandage Wrap, Skin Color Athletic Tape, Vet Wrap, Ankle Tape, Tattoo Grip Tape Wrap</p><p>$6.99 ($1.16 / Count)</p><a href="https://www.amazon.com/dp/B0CKVN8SBL?tag=eloabder-20&linkCode=osi&th=1&psc=1">View Product</a></div><div class="product"><a href="https://www.amazon.com/dp/B085V69JPM?tag=eloabder-20&linkCode=osi&th=1&psc=1"><img src="https://m.media-amazon.com/images/I/51zRkg4pCNL._SL500_.jpg" alt="Product Image"></a><p>Nexcare Max Hold Waterproof Bandages, Helps waterproof, dirtproof, and germproof your wounds, 60 ct</p><p>$7.49 ($0.12 / Count)</p><a href="https://www.amazon.com/dp/B085V69JPM?tag=eloabder-20&linkCode=osi&th=1&psc=1">View Product</a></div>




<div class="product"><a href="https://www.amazon.com/dp/B079HXLZGY?tag=eloabder-20&linkCode=osi&th=1&psc=1"><img src="https://m.media-amazon.com/images/I/51O0z0rymgL._SL500_.jpg" alt="Product Image"></a><p>Amazon Basic Care Nighttime Sleep Aid Tablets for Adults, Doxylamine Succinate 25 mg, 96 Count</p><p>$12.59 ($0.13 / Count)</p><a href="https://www.amazon.com/dp/B079HXLZGY?tag=eloabder-20&linkCode=osi&th=1&psc=1">View Product</a></div><div class="product"><a href="https://www.amazon.com/dp/B00NJ1BQZA?tag=eloabder-20&linkCode=osi&th=1&psc=1"><img src="https://m.media-amazon.com/images/I/41q8bT3bu0L._SL500_.jpg" alt="Product Image"></a><p>Relaxium Sleep Aid for Adults, Melatonin 5mg with Magnesium Glycinate, Sleep-Promoting Valerest & Ashwagandha, Non-Habit Forming Sleep Supplement, 60 Capsules, 30-Day Supply</p><p>$29.99 ($0.50 / count)</p><a href="https://www.amazon.com/dp/B00NJ1BQZA?tag=eloabder-20&linkCode=osi&th=1&psc=1">View Product</a></div><div class="product"><a href="https://www.amazon.com/dp/B0848WCZFM?tag=eloabder-20&linkCode=osi&th=1&psc=1"><img src="https://m.media-amazon.com/images/I/41Rzyzjg2UL._SL500_.jpg" alt="Product Image"></a><p>HealthA2Z Sleep Aid, Diphenhydramine Softgels, 50mg, Supports Deeper, Restful Sleeping, Non Habit-Forming (250 Counts)</p><p>$9.85 ($0.04 / Count)</p><a href="https://www.amazon.com/dp/B0848WCZFM?tag=eloabder-20&linkCode=osi&th=1&psc=1">View Product</a></div><div class="product"><a href="https://www.amazon.com/dp/B08H766XS8?tag=eloabder-20&linkCode=osi&th=1&psc=1"><img src="https://m.media-amazon.com/images/I/4117Yuu9uhL._SL500_.jpg" alt="Product Image"></a><p>RXZELL Sleep Aid, Diphenhydramine HCl 50mg, 220 Softgels - Fall Asleep Faster, Deeper Restful Sleeping, Non Habit-Forming</p><p>$9.98 ($0.05 / Count)</p><a href="https://www.amazon.com/dp/B08H766XS8?tag=eloabder-20&linkCode=osi&th=1&psc=1">View Product</a></div><div class="product"><a href="https://www.amazon.com/dp/B07BZW88NY?tag=eloabder-20&linkCode=osi&th=1&psc=1"><img src="https://m.media-amazon.com/images/I/51HD9BxwlWL._SL500_.jpg" alt="Product Image"></a><p>Kirkland Signature Sleep Aid, 192 Tablets</p><p>$13.95 ($0.07 / Count)</p><a href="https://www.amazon.com/dp/B07BZW88NY?tag=eloabder-20&linkCode=osi&th=1&psc=1">View Product</a></div><div class="product"><a href="https://www.amazon.com/dp/B08Y74HSSH?tag=eloabder-20&linkCode=osi&th=1&psc=1"><img src="https://m.media-amazon.com/images/I/41WtHEKTuML._SL500_.jpg" alt="Product Image"></a><p>ZzzQuil ULTRA, Sleep Aid, Nighttime Sleep Aid, 25 mg Doxylamine Succinate, From Makers of Nyquil, Non- Habit Forming, Fall Asleep Fast, Stay Asleep Longer, 48 Count</p><p>$19.63 ($0.41 / Count)</p><a href="https://www.amazon.com/dp/B08Y74HSSH?tag=eloabder-20&linkCode=osi&th=1&psc=1">View Product</a></div><div class="product"><a href="https://www.amazon.com/dp/B01683HFGY?tag=eloabder-20&linkCode=osi&th=1&psc=1"><img src="https://m.media-amazon.com/images/I/51hFnh0pfXL._SL500_.jpg" alt="Product Image"></a><p>Unisom SleepTabs, Nighttime Sleep-aid, Doxylamine Succinate, 80 Tablets</p><p>$13.98 ($0.17 / Count)</p><a href="https://www.amazon.com/dp/B01683HFGY?tag=eloabder-20&linkCode=osi&th=1&psc=1">View Product</a></div><div class="product"><a href="https://www.amazon.com/dp/B099JXNWYL?tag=eloabder-20&linkCode=osi&th=1&psc=1"><img src="https://m.media-amazon.com/images/I/41K+tJ73J2L._SL500_.jpg" alt="Product Image"></a><p>12-in-1 Melatonin Capsules - Melatonin 5mg Natural Sleep Aids for Adults - Magnesium Glycinate 500mg, Ashwagandha, L Theanine, Valerian Root, GABA, 5-HTP, Sleep Supplement for Adults, Pack of 1</p><p>$21.95 ($0.24 / Count)</p><a href="https://www.amazon.com/dp/B099JXNWYL?tag=eloabder-20&linkCode=osi&th=1&psc=1">View Product</a></div><div class="product"><a href="https://www.amazon.com/dp/B07PXT5LYR?tag=eloabder-20&linkCode=osi&th=1&psc=1"><img src="https://m.media-amazon.com/images/I/41Pu3C1zvML._SL500_.jpg" alt="Product Image"></a><p>Nature's Bounty Sleep3 Melatonin 10mg, Maximum Strength 100% Drug Free Sleep Aid, Dietary Supplement, L-Theanine & Nighttime Herbal Blend Time Release Technology, 60 Tri-Layered Tablets</p><p>$13.07 ($0.22 / Count)</p><a href="https://www.amazon.com/dp/B07PXT5LYR?tag=eloabder-20&linkCode=osi&th=1&psc=1">View Product</a></div>
<div class="product"><a href="https://www.amazon.com/dp/B00HE66ZUC?tag=eloabder-20&linkCode=osi&th=1&psc=1"><img src="https://m.media-amazon.com/images/I/510MmBSuAfL._SL500_.jpg" alt="Product Image"></a><p>GoodSense Allergy Relief Loratadine Tablets 10 mg, Compare to Claritin, Antihistamine, 24 Hour Allergy Relief, 365 Count</p><p>$12.99 ($0.04 / Count)</p><a href="https://www.amazon.com/dp/B00HE66ZUC?tag=eloabder-20&linkCode=osi&th=1&psc=1">View Product</a></div><div class="product"><a href="https://www.amazon.com/dp/B07S1BZXVW?tag=eloabder-20&linkCode=osi&th=1&psc=1"><img src="https://m.media-amazon.com/images/I/41KfCe6maEL._SL500_.jpg" alt="Product Image"></a><p>HealthA2Z® Allergy Relief | Cetirizine 10mg | All Day Allergy Relief | Indoor & Outdoor | Relief from Itchy Throat, Sneezing, Runny Noses (250 count (pack of 1))</p><p>$8.75 ($0.04 / Count)</p><a href="https://www.amazon.com/dp/B07S1BZXVW?tag=eloabder-20&linkCode=osi&th=1&psc=1">View Product</a></div><div class="product"><a href="https://www.amazon.com/dp/B074F19XB8?tag=eloabder-20&linkCode=osi&th=1&psc=1"><img src="https://m.media-amazon.com/images/I/412oY-CSVJL._SL500_.jpg" alt="Product Image"></a><p>Amazon Basic Care Complete Allergy Relief, Diphenhydramine HCl 25 mg, Relieves Symptoms, Antihistamine Tablets, 400 Count</p><p>$7.67 ($0.02 / Count)</p><a href="https://www.amazon.com/dp/B074F19XB8?tag=eloabder-20&linkCode=osi&th=1&psc=1">View Product</a></div><div class="product"><a href="https://www.amazon.com/dp/B074F18H5N?tag=eloabder-20&linkCode=osi&th=1&psc=1"><img src="https://m.media-amazon.com/images/I/41SMpawpNjL._SL500_.jpg" alt="Product Image"></a><p>Amazon Basic Care Allergy Relief Loratadine Tablets 10 mg, 300 Count</p><p>$16.54 ($0.06 / Count)</p><a href="https://www.amazon.com/dp/B074F18H5N?tag=eloabder-20&linkCode=osi&th=1&psc=1">View Product</a></div><div class="product"><a href="https://www.amazon.com/dp/B087CBHR9W?tag=eloabder-20&linkCode=osi&th=1&psc=1"><img src="https://m.media-amazon.com/images/I/41+XRnnkAXL._SL500_.jpg" alt="Product Image"></a><p>HealthA2Z Fexofenadine Hydrochloride 180mg, Antihistamine for Allergy Relief, Non-Drowsy, 24-Hour Antihistamine for Allergy Relief (120 Count (Pack of 1))</p><p>$21.25 ($0.18 / Count)</p><a href="https://www.amazon.com/dp/B087CBHR9W?tag=eloabder-20&linkCode=osi&th=1&psc=1">View Product</a></div><div class="product"><a href="https://www.amazon.com/dp/B083VVT61S?tag=eloabder-20&linkCode=osi&th=1&psc=1"><img src="https://m.media-amazon.com/images/I/41BJ8O5m3RL._SL500_.jpg" alt="Product Image"></a><p>Amazon Basic Care 24 Hour Allergy Relief, Levocetirizine Dihydrochloride Tablets, 5 mg, Antihistamine, Relieves Sneezing, Runny Nose, Itchy Nose or Throat and Itchy, Watery Eyes, 80 Count</p><p>$20.72 ($0.26 / Count)</p><a href="https://www.amazon.com/dp/B083VVT61S?tag=eloabder-20&linkCode=osi&th=1&psc=1">View Product</a></div><div class="product"><a href="https://www.amazon.com/dp/B08JVPNBGM?tag=eloabder-20&linkCode=osi&th=1&psc=1"><img src="https://m.media-amazon.com/images/I/41ZLXQU2qNL._SL500_.jpg" alt="Product Image"></a><p>Zyrtec 24 Hour Allergy Relief Tablets, Indoor & Outdoor Allergy Medicine with 10 mg Cetirizine HCl per Antihistamine Tablet, Relief of Allergies, 60 ct</p><p>$22.81 ($0.38 / Count)</p><a href="https://www.amazon.com/dp/B08JVPNBGM?tag=eloabder-20&linkCode=osi&th=1&psc=1">View Product</a></div><div class="product"><a href="https://www.amazon.com/dp/B087Z6TKD9?tag=eloabder-20&linkCode=osi&th=1&psc=1"><img src="https://m.media-amazon.com/images/I/41hMESBq3wL._SL500_.jpg" alt="Product Image"></a><p>HealthA2Z® Allergy Relief | Loratadine 10mg | Antihistamine | Non-Drowsy | Relief from Itchy Throat, Sneezing, Runny Noses | 24-Hours Allergy Medicine (300 Tablets)</p><p>$13.25 ($0.04 / Count)</p><a href="https://www.amazon.com/dp/B087Z6TKD9?tag=eloabder-20&linkCode=osi&th=1&psc=1">View Product</a></div><div class="product"><a href="https://www.amazon.com/dp/B074F145Y1?tag=eloabder-20&linkCode=osi&th=1&psc=1"><img src="https://m.media-amazon.com/images/I/41QxbjhcCML._SL500_.jpg" alt="Product Image"></a><p>Amazon Basic Care 24 Hour Allergy Relief, Cetirizine Hydrochloride Tablets, 10 mg, 300 Count</p><p>$25.87 ($0.09 / Count)</p><a href="https://www.amazon.com/dp/B074F145Y1?tag=eloabder-20&linkCode=osi&th=1&psc=1">View Product</a></div><div class="product"><a href="https://www.amazon.com/dp/B07HD64D4G?tag=eloabder-20&linkCode=osi&th=1&psc=1"><img src="https://m.media-amazon.com/images/I/51fjuo22JXL._SL500_.jpg" alt="Product Image"></a><p>HealthCareAisle Allergy Relief - Fexofenadine Hydrochloride Tablets USP, 180 mg – 90 Tablets – Allergy Medication, Non-Drowsy 24-Hour Allergy Relief</p><p>$12.71 ($0.14 / Count)</p><a href="https://www.amazon.com/dp/B07HD64D4G?tag=eloabder-20&linkCode=osi&th=1&psc=1">View Product</a></div>
<div class="product"><a href="https://www.amazon.com/dp/B012ROWNS8?tag=eloabder-20&linkCode=osi&th=1&psc=1"><img src="https://m.media-amazon.com/images/I/51cxYFhISYL._SL500_.jpg" alt="Product Image"></a><p>Boiron Chestal Honey Adult Cold and Cough Syrup for Nasal and Chest Congestion, Runny Nose, and Sore Throat Relief - 6.7 Fl oz</p><p>$11.70 ($1.75 / Fl Oz)</p><a href="https://www.amazon.com/dp/B012ROWNS8?tag=eloabder-20&linkCode=osi&th=1&psc=1">View Product</a></div><div class="product"><a href="https://www.amazon.com/dp/B000WAWN8K?tag=eloabder-20&linkCode=osi&th=1&psc=1"><img src="https://m.media-amazon.com/images/I/41MhHkkpCQL._SL500_.jpg" alt="Product Image"></a><p>Zicam Cold Remedy Zinc Rapidmelts, Citrus Flavor, 25 Count (Pack of 1)</p><p>$10.98 ($0.44 / Count)</p><a href="https://www.amazon.com/dp/B000WAWN8K?tag=eloabder-20&linkCode=osi&th=1&psc=1">View Product</a></div><div class="product"><a href="https://www.amazon.com/dp/B08836KTVQ?tag=eloabder-20&linkCode=osi&th=1&psc=1"><img src="https://m.media-amazon.com/images/I/51kNMcIeJPL._SL500_.jpg" alt="Product Image"></a><p>Mucinex Fast-Max Cold and Flu & Nightshift Severe Cold and Flu Medicine for Adults, Over-the-Counter Medication Combo Pack for Sore Throat Relief, Decongestant, Cough & Cold Medicines, 2 x 6 Fl Oz</p><p>$16.78 ($1.40 / Fl Oz)</p><a href="https://www.amazon.com/dp/B08836KTVQ?tag=eloabder-20&linkCode=osi&th=1&psc=1">View Product</a></div><div class="product"><a href="https://www.amazon.com/dp/B019DL5KCO?tag=eloabder-20&linkCode=osi&th=1&psc=1"><img src="https://m.media-amazon.com/images/I/51i-U6pGMjL._SL500_.jpg" alt="Product Image"></a><p>Coricidin HBP Decongestant-Free Cough and Cold Medicine - Specially Designed Relief for High Blood Pressure, Cough, Runny Nose, Sneezing and Cold Symptoms (16 Count)</p><p>$8.99 ($0.56 / Count)</p><a href="https://www.amazon.com/dp/B019DL5KCO?tag=eloabder-20&linkCode=osi&th=1&psc=1">View Product</a></div><div class="product"><a href="https://www.amazon.com/dp/B009ITR4EY?tag=eloabder-20&linkCode=osi&th=1&psc=1"><img src="https://m.media-amazon.com/images/I/5108J1lmIxL._SL500_.jpg" alt="Product Image"></a><p>Tylenol Cold + Flu Severe Medicine Caplets for Fever, Pain, Cough & Congestion, 24 ct.</p><p>$7.67 ($0.32 / Count)</p><a href="https://www.amazon.com/dp/B009ITR4EY?tag=eloabder-20&linkCode=osi&th=1&psc=1">View Product</a></div><div class="product"><a href="https://www.amazon.com/dp/B000XTO9CI?tag=eloabder-20&linkCode=osi&th=1&psc=1"><img src="https://m.media-amazon.com/images/I/51oNP4G9-7L._SL500_.jpg" alt="Product Image"></a><p>Nature's Way Umcka Cold Plus Flu Berry - 20 Chewables</p><p>$13.03 ($0.65 / Count)</p><a href="https://www.amazon.com/dp/B000XTO9CI?tag=eloabder-20&linkCode=osi&th=1&psc=1">View Product</a></div><div class="product"><a href="https://www.amazon.com/dp/B01FCDDEUC?tag=eloabder-20&linkCode=osi&th=1&psc=1"><img src="https://m.media-amazon.com/images/I/51tvGxyWfdL._SL500_.jpg" alt="Product Image"></a><p>Genexa Kids' Cold Crush | Multi-Symptom Cough & Cold Relief for Children | Delicious Organic Acai Berry Flavor | Certified Organic & Non-GMO | Homeopathic Remedy Made Clean | 60 Chewable Tablets</p><p>$14.99 ($0.25 / Count)</p><a href="https://www.amazon.com/dp/B01FCDDEUC?tag=eloabder-20&linkCode=osi&th=1&psc=1">View Product</a></div><div class="product"><a href="https://www.amazon.com/dp/B01FCDI70Y?tag=eloabder-20&linkCode=osi&th=1&psc=1"><img src="https://m.media-amazon.com/images/I/51XEbZuRk2L._SL500_.jpg" alt="Product Image"></a><p>Genexa Cold Crush | Multi-Symptom Cough & Cold Relief for Adults | Delicious Organic Acai Berry Flavor | Certified Organic & Non-GMO | Homeopathic Remedy Made Clean | 60 Chewable Tablets</p><p>$15.99 ($0.27 / Count)</p><a href="https://www.amazon.com/dp/B01FCDI70Y?tag=eloabder-20&linkCode=osi&th=1&psc=1">View Product</a></div><div class="product"><a href="https://www.amazon.com/dp/B085PSBV9B?tag=eloabder-20&linkCode=osi&th=1&psc=1"><img src="https://m.media-amazon.com/images/I/31xr+2nG29L._SL500_.jpg" alt="Product Image"></a><p>Earthley Wellness, Cough-B-Gone, Natural Herbal Formula, Cold and Cough Remedy, Removes Extra Mucus, Soothes Sore Throats, Promotes Lung Health, and Detoxification, Cough Be Gone (2oz, Kids)</p><p>$24.99 ($12.50 / Ounce)</p><a href="https://www.amazon.com/dp/B085PSBV9B?tag=eloabder-20&linkCode=osi&th=1&psc=1">View Product</a></div><div class="product"><a href="https://www.amazon.com/dp/B01DZ0CN6A?tag=eloabder-20&linkCode=osi&th=1&psc=1"><img src="https://m.media-amazon.com/images/I/41DVIB8+QVL._SL500_.jpg" alt="Product Image"></a><p>Hyland's Baby Mucus and Cold Relief, Daytime Baby Cold Medicine, Infant Cold and Cough Remedy, Decongestant, 4 Fluid Ounce</p><p>$7.01 ($1.75 / Fl Oz)</p><a href="https://www.amazon.com/dp/B01DZ0CN6A?tag=eloabder-20&linkCode=osi&th=1&psc=1">View Product</a></div>
<div class="product"><a href="https://www.amazon.com/dp/B0C21ZLQNC?tag=eloabder-20&linkCode=osi&th=1&psc=1"><img src="https://m.media-amazon.com/images/I/51mKzlUJ2mL._SL500_.jpg" alt="Product Image"></a><p>Physician's CHOICE Digestive Enzymes - Multi Enzymes, Organic Prebiotics & Probiotics for Digestive Health & Gut Health - Meal Time Discomfort Relief & Bloating - Dual Action Approach - 60 CT</p><p>$19.97 ($0.33 / Count)</p><a href="https://www.amazon.com/dp/B0C21ZLQNC?tag=eloabder-20&linkCode=osi&th=1&psc=1">View Product</a></div><div class="product"><a href="https://www.amazon.com/dp/B072YHM6S2?tag=eloabder-20&linkCode=osi&th=1&psc=1"><img src="https://m.media-amazon.com/images/I/41pyv2KOFDL._SL500_.jpg" alt="Product Image"></a><p>Zenwise Health Digestive Enzymes - Probiotic Multi Enzymes with Probiotics and Prebiotics for Digestive Health and Bloating Relief for Women and Men, Daily Enzymes for Gut and Digestion - 60 Count</p><p>$18.97 ($0.32 / Count)</p><a href="https://www.amazon.com/dp/B072YHM6S2?tag=eloabder-20&linkCode=osi&th=1&psc=1">View Product</a></div><div class="product"><a href="https://www.amazon.com/dp/B079H53D2B?tag=eloabder-20&linkCode=osi&th=1&psc=1"><img src="https://m.media-amazon.com/images/I/51Y4b2nfCYL._SL500_.jpg" alt="Product Image"></a><p>Physician's Choice Probiotics 60 Billion CFU - 10 Strains + Organic Prebiotics - Immune, Digestive & Gut Health - Supports Occasional Constipation, Diarrhea, Gas & Bloating - for Women & Men - 30ct</p><p>$23.97 ($0.80 / Count)</p><a href="https://www.amazon.com/dp/B079H53D2B?tag=eloabder-20&linkCode=osi&th=1&psc=1">View Product</a></div><div class="product"><a href="https://www.amazon.com/dp/B0007IQMVG?tag=eloabder-20&linkCode=osi&th=1&psc=1"><img src="https://m.media-amazon.com/images/I/41LbuIg0j9L._SL500_.jpg" alt="Product Image"></a><p>Digestive Advantage IBS Probiotics For Women and Men, Probiotics For Digestive Health & Intensive Bowel Support with Digestive Enzymes For Gut Health, Occasional Bloating & Immune Support, 96 Capsules</p><p>$23.18 ($0.24 / Count)</p><a href="https://www.amazon.com/dp/B0007IQMVG?tag=eloabder-20&linkCode=osi&th=1&psc=1">View Product</a></div><div class="product"><a href="https://www.amazon.com/dp/B012RFVHSO?tag=eloabder-20&linkCode=osi&th=1&psc=1"><img src="https://m.media-amazon.com/images/I/51As5g4VfnL._SL500_.jpg" alt="Product Image"></a><p>OLLY Probiotic + Prebiotic Gummy, Digestive Support and Gut Health, 500 Million CFUs, Fiber, Adult Chewable Supplement for Men and Women, Peach, 30 Day Supply - 30 Count</p><p>$12.49 ($0.42 / Count)</p><a href="https://www.amazon.com/dp/B012RFVHSO?tag=eloabder-20&linkCode=osi&th=1&psc=1">View Product</a></div><div class="product"><a href="https://www.amazon.com/dp/B01ND16K2I?tag=eloabder-20&linkCode=osi&th=1&psc=1"><img src="https://m.media-amazon.com/images/I/518cYvTBjlL._SL500_.jpg" alt="Product Image"></a><p>Digestive Advantage Probiotics For Digestive Health, Daily Probiotics For Women & Men, Supports Gut Health, Occasional Bloating & Diarrhea, Minor Abdominal Discomfort, & Immune Support, 80ct Capsules</p><p>$21.99 ($6.25 / Ounce)</p><a href="https://www.amazon.com/dp/B01ND16K2I?tag=eloabder-20&linkCode=osi&th=1&psc=1">View Product</a></div><div class="product"><a href="https://www.amazon.com/dp/B08Y66H6B7?tag=eloabder-20&linkCode=osi&th=1&psc=1"><img src="https://m.media-amazon.com/images/I/51zpwlruLzL._SL500_.jpg" alt="Product Image"></a><p>Culturelle Pro Strength Daily Probiotics For Digestive Health (2 Month Supply) with Prebiotics for Women & Men, Supports Occasional Diarrhea, Gas & Bloating, Gluten & Soy Free, 60 Count</p><p>$30.99 ($0.52 / Count)</p><a href="https://www.amazon.com/dp/B08Y66H6B7?tag=eloabder-20&linkCode=osi&th=1&psc=1">View Product</a></div><div class="product"><a href="https://www.amazon.com/dp/B0014CVXMW?tag=eloabder-20&linkCode=osi&th=1&psc=1"><img src="https://m.media-amazon.com/images/I/417nIjuQeVL._SL500_.jpg" alt="Product Image"></a><p>Nature's Bounty Acidophilus Probiotic, Daily Probiotic Supplement, Supports Digestive Health, 1 Pack, 120 Tablets</p><p>$7.74 ($0.06 / Count)</p><a href="https://www.amazon.com/dp/B0014CVXMW?tag=eloabder-20&linkCode=osi&th=1&psc=1">View Product</a></div><div class="product"><a href="https://www.amazon.com/dp/B001TH7K0G?tag=eloabder-20&linkCode=osi&th=1&psc=1"><img src="https://m.media-amazon.com/images/I/41nbiJxKRNL._SL500_.jpg" alt="Product Image"></a><p>Metamucil 3-in-1 Fiber Capsules, Daily Psyllium Husk Fiber Supplement, Fiber Capsules for Digestive Health, Plant-Based Psyllium Husk Fiber Capsules, #1 Doctor Recommended Fiber Brand, 300ct Capsules</p><p>$29.11 ($0.10 / Count)</p><a href="https://www.amazon.com/dp/B001TH7K0G?tag=eloabder-20&linkCode=osi&th=1&psc=1">View Product</a></div>
<div class="product"><a href="https://www.amazon.com/dp/B004PVLWW0?tag=eloabder-20&linkCode=osi&th=1&psc=1"><img src="https://m.media-amazon.com/images/I/41MNYerfHQL._SL500_.jpg" alt="Product Image"></a><p>DHT BLOCKER - Hair Growth Supplement for Genetic Thinning for Men and Women | Approved* by American Hair Loss Association | Guaranteed, Backed by 20 Years of Experience in Hair Loss Treatment Clinics</p><p>$43.90 ($0.37 / Count)</p><a href="https://www.amazon.com/dp/B004PVLWW0?tag=eloabder-20&linkCode=osi&th=1&psc=1">View Product</a></div><div class="product"><a href="https://www.amazon.com/dp/B00M6I5SNI?tag=eloabder-20&linkCode=osi&th=1&psc=1"><img src="https://m.media-amazon.com/images/I/51c0-S5TYBL._SL500_.jpg" alt="Product Image"></a><p>Rogaine Women's 5% Minoxidil Foam, Topical Once-A-Day Hair Loss Treatment for Women to Regrow Fuller, Thicker Hair, Unscented, 4-Month Supply, 2 x 2.11 oz</p><p>$47.28 ($22.41 / Ounce)</p><a href="https://www.amazon.com/dp/B00M6I5SNI?tag=eloabder-20&linkCode=osi&th=1&psc=1">View Product</a></div><div class="product"><a href="https://www.amazon.com/dp/B0012BNVE8?tag=eloabder-20&linkCode=osi&th=1&psc=1"><img src="https://m.media-amazon.com/images/I/51AbEqW79jL._SL500_.jpg" alt="Product Image"></a><p>Men's Rogaine 5% Minoxidil Topical Aerosol Hair Regrowth Treatment Foam, 3 Month Supply (Each Can 2.11 Ounce - 60 Gram)</p><p>$51.82 ($8.19 / Ounce)</p><a href="https://www.amazon.com/dp/B0012BNVE8?tag=eloabder-20&linkCode=osi&th=1&psc=1">View Product</a></div><div class="product"><a href="https://www.amazon.com/dp/B00M6I5SMY?tag=eloabder-20&linkCode=osi&th=1&psc=1"><img src="https://m.media-amazon.com/images/I/415RcmGI84L._SL500_.jpg" alt="Product Image"></a><p>Rogaine 5% Minoxidil Foam, Topical Once-A-Day Hair Loss Treatment for Women to Regrow Fuller, Thicker Hair, Unscented, 2-Month Supply, 2.11 oz</p><p>$28.26 ($13.39 / Ounce)</p><a href="https://www.amazon.com/dp/B00M6I5SMY?tag=eloabder-20&linkCode=osi&th=1&psc=1">View Product</a></div><div class="product"><a href="https://www.amazon.com/dp/B019ZZB3O2?tag=eloabder-20&linkCode=osi&th=1&psc=1"><img src="https://m.media-amazon.com/images/I/413jmbWcG3L._SL500_.jpg" alt="Product Image"></a><p>SugarbearPRO Hair Vitamin Extra Strength 6000mcg Biotin, Longer-Looking Hair Gummy for Women & Men,B12, MSM, Inositol, Omega 3, Elderberry, Growth, USA Patent Design, Kosher Halal Vegan 2 Month Supply</p><p>$38.99 ($0.65 / Count)</p><a href="https://www.amazon.com/dp/B019ZZB3O2?tag=eloabder-20&linkCode=osi&th=1&psc=1">View Product</a></div><div class="product"><a href="https://www.amazon.com/dp/B0000Y8H3S?tag=eloabder-20&linkCode=osi&th=1&psc=1"><img src="https://m.media-amazon.com/images/I/41HVx2izbyL._SL500_.jpg" alt="Product Image"></a><p>Men's Rogaine Extra Strength 5% Minoxidil Topical Solution for Thin Hair, Hair Loss Treatment to Regrow Fuller, Thicker Hair, 3-Month Supply, 3 x 2 fl. oz</p><p>$55.99 ($9.33 / Fl Oz)</p><a href="https://www.amazon.com/dp/B0000Y8H3S?tag=eloabder-20&linkCode=osi&th=1&psc=1">View Product</a></div><div class="product"><a href="https://www.amazon.com/dp/B08FGZSW8L?tag=eloabder-20&linkCode=osi&th=1&psc=1"><img src="https://m.media-amazon.com/images/I/41zpZ6a7pwL._SL500_.jpg" alt="Product Image"></a><p>WEEM Hair Skin and Nails Gummies - Supports healthy hair - Vegan biotin Vitamins for Women & Men Supports Faster Hair Growth, Stronger Nails, Healthy Skin, Extra Strength (1)</p><p>$29.95 ($0.50 / Count)</p><a href="https://www.amazon.com/dp/B08FGZSW8L?tag=eloabder-20&linkCode=osi&th=1&psc=1">View Product</a></div><div class="product"><a href="https://www.amazon.com/dp/B09LSLLF6M?tag=eloabder-20&linkCode=osi&th=1&psc=1"><img src="https://m.media-amazon.com/images/I/51KUcMGYOaL._SL500_.jpg" alt="Product Image"></a><p>Biotin and Collagen Vitamins + Keratin with Folate - Hair Loss Treatments for Women & Men - Hair, Skin and Nails Supplements for Hair Growth & Postpartum Support - GMO Free & Gluten Free (120 Caps)</p><p>$24.99 ($0.21 / Count)</p><a href="https://www.amazon.com/dp/B09LSLLF6M?tag=eloabder-20&linkCode=osi&th=1&psc=1">View Product</a></div><div class="product"><a href="https://www.amazon.com/dp/B00BMLOKHU?tag=eloabder-20&linkCode=osi&th=1&psc=1"><img src="https://m.media-amazon.com/images/I/41NZ8vQtHtL._SL500_.jpg" alt="Product Image"></a><p>Rogaine Women's 2% Minoxidil Topical Solution for Womens Hair Thinning and Loss & Hair Regrowth, 3-Month Supply, 4 Piece Set, Unscented, 6 Fl Oz</p><p>$56.35 ($9.39 / Fl Oz)</p><a href="https://www.amazon.com/dp/B00BMLOKHU?tag=eloabder-20&linkCode=osi&th=1&psc=1">View Product</a></div><div class="product"><a href="https://www.amazon.com/dp/B0BWZTV1V7?tag=eloabder-20&linkCode=osi&th=1&psc=1"><img src="https://m.media-amazon.com/images/I/41R4tp1Hq3L._SL500_.jpg" alt="Product Image"></a><p>Nature's Bounty Hair Growth Supplement, 1 Per Day, Clinically Shown to Support Thicker, Fuller Hair, with Biotin, Silicon & Arginine, 30 Capsules</p><p>$16.98 ($0.57 / Count)</p><a href="https://www.amazon.com/dp/B0BWZTV1V7?tag=eloabder-20&linkCode=osi&th=1&psc=1">View Product</a></div>
<div class="product"><a href="https://www.amazon.com/dp/B091NJQ29P?tag=eloabder-20&linkCode=osi&th=1&psc=1"><img src="https://m.media-amazon.com/images/I/31b6zrb8KuL._SL500_.jpg" alt="Product Image"></a><p>Good Molecules Yerba Mate Wake Up Eye Gel - Yerba Mate, Hyaluronic Acid and Caffeine to Hydrate, Minimize Puffiness and Swelling - Skincare for Face</p><p>$6.00 ($12.00 / Fl Oz)</p><a href="https://www.amazon.com/dp/B091NJQ29P?tag=eloabder-20&linkCode=osi&th=1&psc=1">View Product</a></div><div class="product"><a href="https://www.amazon.com/dp/B0BNLRSCRR?tag=eloabder-20&linkCode=osi&th=1&psc=1"><img src="https://m.media-amazon.com/images/I/41IMVQnA5uL._SL500_.jpg" alt="Product Image"></a><p>Blink Eye Drops for Dry Eyes, Triple Care Lubricant Eye Drops, Instantly Soothing, Moisturizing & Extra Long-Lasting Hydrating Eye Care for Moderate to Severe Dry Eye Symptom Relief, 0.34 fl oz</p><p>$12.37 ($36.38 / Fl Oz)</p><a href="https://www.amazon.com/dp/B0BNLRSCRR?tag=eloabder-20&linkCode=osi&th=1&psc=1">View Product</a></div><div class="product"><a href="https://www.amazon.com/dp/B08DG3C22G?tag=eloabder-20&linkCode=osi&th=1&psc=1"><img src="https://m.media-amazon.com/images/I/51NCnFVfYTL._SL500_.jpg" alt="Product Image"></a><p>Celor Under Eye Patches for Puffy Eyes and Dark Circles - Eye Masks with Amino Acids & Collagen, Eye Care for Wrinkles - Birthday Gift for Women - Skincare Self Care - USA Tested (20 Pairs)</p><p>$9.99 ($0.50 / Count)</p><a href="https://www.amazon.com/dp/B08DG3C22G?tag=eloabder-20&linkCode=osi&th=1&psc=1">View Product</a></div><div class="product"><a href="https://www.amazon.com/dp/B07BVYZL88?tag=eloabder-20&linkCode=osi&th=1&psc=1"><img src="https://m.media-amazon.com/images/I/41Nyltw77SL._SL500_.jpg" alt="Product Image"></a><p>LUMIFY Redness Reliever Eye Drops 0.25 Ounce (7.5mL)</p><p>$21.48 ($84.90 / Fl Oz)</p><a href="https://www.amazon.com/dp/B07BVYZL88?tag=eloabder-20&linkCode=osi&th=1&psc=1">View Product</a></div><div class="product"><a href="https://www.amazon.com/dp/B00CWY8O1O?tag=eloabder-20&linkCode=osi&th=1&psc=1"><img src="https://m.media-amazon.com/images/I/41GAeXziMYL._SL500_.jpg" alt="Product Image"></a><p>RoC Multi Correxion 5 in 1 Anti-Aging Eye Cream for Puffiness, Under Eye Bags & Dark Circles, Skin Care Treatment with Shea Butter, (.5 oz) with Night Cream Packette (Packaging May Vary)</p><p>$18.80 ($37.60 / Fl Oz)</p><a href="https://www.amazon.com/dp/B00CWY8O1O?tag=eloabder-20&linkCode=osi&th=1&psc=1">View Product</a></div><div class="product"><a href="https://www.amazon.com/dp/B0B1MFMS7W?tag=eloabder-20&linkCode=osi&th=1&psc=1"><img src="https://m.media-amazon.com/images/I/41BGKrFfFxL._SL500_.jpg" alt="Product Image"></a><p>CorneaCare Rest: Self Heating Warm Compress for Eyes | Heated Eye Mask for Fast Relief of Dry Eyes | No Microwave Needed | Eye Treatment Products for Dry Eye Relief | 30 Count | FSA & HSA Eligible</p><p>$35.00 ($1.17 / Count)</p><a href="https://www.amazon.com/dp/B0B1MFMS7W?tag=eloabder-20&linkCode=osi&th=1&psc=1">View Product</a></div><div class="product"><a href="https://www.amazon.com/dp/B0CQ2VBK8M?tag=eloabder-20&linkCode=osi&th=1&psc=1"><img src="https://m.media-amazon.com/images/I/61yjNxVwmgL._SL500_.jpg" alt="Product Image"></a><p>Under Eye Patches for Dark Circles and Puffy Eyes (30 Pairs), Marine Collagen Eye Gel Pads for Puffiness with Vitamin C, Hyaluronic Acid, and Pearl Extract, Eye Mask for Dark Circles and Puffiness</p><p>$19.95 ($0.66 / Count)</p><a href="https://www.amazon.com/dp/B0CQ2VBK8M?tag=eloabder-20&linkCode=osi&th=1&psc=1">View Product</a></div>
<div class="product"><a href="https://www.amazon.com/dp/B072N7WRHS?tag=eloabder-20&linkCode=osi&th=1&psc=1"><img src="https://m.media-amazon.com/images/I/413f-GdLNQL._SL500_.jpg" alt="Product Image"></a><p>Renu Contact Lens Solution Advanced Formula Multipurpose Lens Cleaner for Eye Contacts, Cleaning, Moisturizing and Disinfecting Care for Soft & Silicon Hydrogel Lenses, 12 Fl Oz (Pack of 2)</p><p>$14.96 ($0.62 / Fl Oz)</p><a href="https://www.amazon.com/dp/B072N7WRHS?tag=eloabder-20&linkCode=osi&th=1&psc=1">View Product</a></div><div class="product"><a href="https://www.amazon.com/dp/B09WRB83MX?tag=eloabder-20&linkCode=osi&th=1&psc=1"><img src="https://m.media-amazon.com/images/I/418Hy6lumfL._SL500_.jpg" alt="Product Image"></a><p>Biotrue Hydration Plus Contact Lens Solution, Multi-Purpose Solution for Soft Contact Lenses, Lens Case Included, 10 FL OZ (Pack of 2)</p><p>$18.99 ($0.95 / Fl Oz)</p><a href="https://www.amazon.com/dp/B09WRB83MX?tag=eloabder-20&linkCode=osi&th=1&psc=1">View Product</a></div><div class="product"><a href="https://www.amazon.com/dp/B00EALX660?tag=eloabder-20&linkCode=osi&th=1&psc=1"><img src="https://m.media-amazon.com/images/I/51nm-B778HL._SL500_.jpg" alt="Product Image"></a><p>Bausch & Lomb Sensitive Eyes Contact Lens Solution, Sensitive Eyes Solution for Soft Contact & Gas Permeable Lenses, Saline Solution with Potassium, 12 Fl Oz (Pack of 2)</p><p>$6.99 ($0.29 / Fl Oz)</p><a href="https://www.amazon.com/dp/B00EALX660?tag=eloabder-20&linkCode=osi&th=1&psc=1">View Product</a></div><div class="product"><a href="https://www.amazon.com/dp/B086TPW1WP?tag=eloabder-20&linkCode=osi&th=1&psc=1"><img src="https://m.media-amazon.com/images/I/51qNhUL2EvL._SL500_.jpg" alt="Product Image"></a><p>Renu Contact Lens Solution Multipurpose Disinfectant, Advanced Formula Lens Cleaner, Cleans & Moisturizes Soft & Silicon Hydrogel Lenses, Multi-Pack 16 Fl Oz (Pack of 2) + 2 Fl Oz Travel Size</p><p>$19.99 ($0.59 / Ounce)</p><a href="https://www.amazon.com/dp/B086TPW1WP?tag=eloabder-20&linkCode=osi&th=1&psc=1">View Product</a></div><div class="product"><a href="https://www.amazon.com/dp/B010GD3NUY?tag=eloabder-20&linkCode=osi&th=1&psc=1"><img src="https://m.media-amazon.com/images/I/51J4K0ac2IL._SL500_.jpg" alt="Product Image"></a><p>Clear Care Plus Cleaning Solution with Lens Case, Twin Pack, Multi, 12 Oz, Pack of 2</p><p>$17.49 ($0.73 / Fl Oz)</p><a href="https://www.amazon.com/dp/B010GD3NUY?tag=eloabder-20&linkCode=osi&th=1&psc=1">View Product</a></div><div class="product"><a href="https://www.amazon.com/dp/B072N7WNTK?tag=eloabder-20&linkCode=osi&th=1&psc=1"><img src="https://m.media-amazon.com/images/I/4109e6u0vfL._SL500_.jpg" alt="Product Image"></a><p>Renu Contact Lens Solution Multipurpose Disinfectant, Advanced Formula Lens Cleaner, Cleans & Moisturizes Soft & Silicon Hydrogel Lenses, 12 Fl Oz</p><p>$8.58 ($0.72 / Fl Oz)</p><a href="https://www.amazon.com/dp/B072N7WNTK?tag=eloabder-20&linkCode=osi&th=1&psc=1">View Product</a></div><div class="product"><a href="https://www.amazon.com/dp/B001V9QLYI?tag=eloabder-20&linkCode=osi&th=1&psc=1"><img src="https://m.media-amazon.com/images/I/41LQd8ELOOL._SL500_.jpg" alt="Product Image"></a><p>Boston Advance Contact Lens Solution by Bausch+ Lomb, for Gas Permeable Contact Lenses, 1 Fl Oz (Packaging May Vary)</p><p>$9.48</p><a href="https://www.amazon.com/dp/B001V9QLYI?tag=eloabder-20&linkCode=osi&th=1&psc=1">View Product</a></div><div class="product"><a href="https://www.amazon.com/dp/B001LFF5WG?tag=eloabder-20&linkCode=osi&th=1&psc=1"><img src="https://m.media-amazon.com/images/I/41yeo4z2YQL._SL500_.jpg" alt="Product Image"></a><p>Boston Simplus Contact Lens Solution, for Gas Permeable Contact Lenses, 3.5 Fl Oz</p><p>$9.58 ($2.74 / Fl Oz)</p><a href="https://www.amazon.com/dp/B001LFF5WG?tag=eloabder-20&linkCode=osi&th=1&psc=1">View Product</a></div><div class="product"><a href="https://www.amazon.com/dp/B018KC4G2C?tag=eloabder-20&linkCode=osi&th=1&psc=1"><img src="https://m.media-amazon.com/images/I/41f3UfFJoWL._SL500_.jpg" alt="Product Image"></a><p>Biotrue Contact Lens Solution, Multi-Purpose Solution for Soft Contact Lenses, Lens Case Included, 2 FL OZ</p><p>$3.43 ($1.72 / Fl Oz)</p><a href="https://www.amazon.com/dp/B018KC4G2C?tag=eloabder-20&linkCode=osi&th=1&psc=1">View Product</a></div><div class="product"><a href="https://www.amazon.com/dp/B01DP74HR6?tag=eloabder-20&linkCode=osi&th=1&psc=1"><img src="https://m.media-amazon.com/images/I/41262O5xYEL._SL500_.jpg" alt="Product Image"></a><p>Biotrue Contact Lens Solution, Multi-Purpose Solution for Soft Contact Lenses, Lens Case Included, 4 FL OZ</p><p>$4.86 ($1.22 / Fl Oz)</p><a href="https://www.amazon.com/dp/B01DP74HR6?tag=eloabder-20&linkCode=osi&th=1&psc=1">View Product</a></div>
<div class="product"><a href="https://www.amazon.com/dp/B09XW9LBLF?tag=eloabder-20&linkCode=osi&th=1&psc=1"><img src="https://m.media-amazon.com/images/I/51n47pJYTJL._SL500_.jpg" alt="Product Image"></a><p>Arm & Hammer Simply Saline Daily Care Nasal Mist 4.4oz, Saline Nasal Spray, Drug-Free, 3-Pack</p><p>$13.67 ($1.04 / Ounce)</p><a href="https://www.amazon.com/dp/B09XW9LBLF?tag=eloabder-20&linkCode=osi&th=1&psc=1">View Product</a></div><div class="product"><a href="https://www.amazon.com/dp/B088WMFYMJ?tag=eloabder-20&linkCode=osi&th=1&psc=1"><img src="https://m.media-amazon.com/images/I/517b8NFQwCL._SL500_.jpg" alt="Product Image"></a><p>Flonase Allergy Relief Nasal Spray, 24 Hour Non Drowsy Allergy Medicine, Metered Nasal Spray - 72 Sprays - Fall and Seasonal Allergy Relief</p><p>$17.48 ($46.00 / Fl Oz)</p><a href="https://www.amazon.com/dp/B088WMFYMJ?tag=eloabder-20&linkCode=osi&th=1&psc=1">View Product</a></div><div class="product"><a href="https://www.amazon.com/dp/B082DMRQRK?tag=eloabder-20&linkCode=osi&th=1&psc=1"><img src="https://m.media-amazon.com/images/I/51Jdsg2qhIL._SL500_.jpg" alt="Product Image"></a><p>HealthA2Z® Fluticasone Propionate Nasal Sprays | Allery Relief Spray | Runny Nose | Nasal Congestion | Sneezing | Itchy Watery Eyes | 24 Hour Allergy Relief | (2 Packs)</p><p>$24.75 ($22.92 / Fl Oz)</p><a href="https://www.amazon.com/dp/B082DMRQRK?tag=eloabder-20&linkCode=osi&th=1&psc=1">View Product</a></div><div class="product"><a href="https://www.amazon.com/dp/B0B59NJFNX?tag=eloabder-20&linkCode=osi&th=1&psc=1"><img src="https://m.media-amazon.com/images/I/51RAk5kegDL._SL500_.jpg" alt="Product Image"></a><p>Astepro Nasal Spray, 24-Hour Allergy Relief, Steroid-Free Antihistamine, Nasal Congestion, Runny & Itchy Nose, For Adults and Children 6 Years and Older, 200 Metered Sprays (1 Bottle)</p><p>$34.95 ($34.60 / Fl Oz)</p><a href="https://www.amazon.com/dp/B0B59NJFNX?tag=eloabder-20&linkCode=osi&th=1&psc=1">View Product</a></div><div class="product"><a href="https://www.amazon.com/dp/B08ZF4QDKG?tag=eloabder-20&linkCode=osi&th=1&psc=1"><img src="https://m.media-amazon.com/images/I/41QbiS5l98L._SL500_.jpg" alt="Product Image"></a><p>Amazon Basic Care Maximum Strength 12 Hour Nasal Spray, Oxymetazoline HCl Solution, Congestion Relief, Cold and Allergy Medicine, Decongestant, 1 Fl Oz (Pack of 1)</p><p>$3.99</p><a href="https://www.amazon.com/dp/B08ZF4QDKG?tag=eloabder-20&linkCode=osi&th=1&psc=1">View Product</a></div><div class="product"><a href="https://www.amazon.com/dp/B098PY8KGP?tag=eloabder-20&linkCode=osi&th=1&psc=1"><img src="https://m.media-amazon.com/images/I/41BksBu+y6L._SL500_.jpg" alt="Product Image"></a><p>Amazon Basic Care 24-Hour Allergy Relief Nasal Spray, Fluticasone Propionate (Glucocorticoid), 50 mcg, Full Prescription Strength, Non-Drowsy, 0.62 fl oz (Pack of 1)</p><p>$13.11 ($21.15 / Fl Oz)</p><a href="https://www.amazon.com/dp/B098PY8KGP?tag=eloabder-20&linkCode=osi&th=1&psc=1">View Product</a></div><div class="product"><a href="https://www.amazon.com/dp/B07MLTLN74?tag=eloabder-20&linkCode=osi&th=1&psc=1"><img src="https://m.media-amazon.com/images/I/41sFNiAjpkL._SL500_.jpg" alt="Product Image"></a><p>Amazon Basic Care No Drip Severe Congestion Nasal Pump Mist Spray, 12 Hour Relief, Oxymetazoline HCl, Maximum Strength Plus Menthol, Steroid Free, 1 fl oz (Pack of 1)</p><p>$6.99</p><a href="https://www.amazon.com/dp/B07MLTLN74?tag=eloabder-20&linkCode=osi&th=1&psc=1">View Product</a></div><div class="product"><a href="https://www.amazon.com/dp/B07MLTLN75?tag=eloabder-20&linkCode=osi&th=1&psc=1"><img src="https://m.media-amazon.com/images/I/41g+3os1psL._SL500_.jpg" alt="Product Image"></a><p>Amazon Basic Care No Drip Nasal Spray, 12 Hour Nasal Decongestant, Pump Mist, Oxymetazoline HCl, Cold and Allergy Nasal Spray, 1 fl oz (Pack of 1)</p><p>$5.79</p><a href="https://www.amazon.com/dp/B07MLTLN75?tag=eloabder-20&linkCode=osi&th=1&psc=1">View Product</a></div><div class="product"><a href="https://www.amazon.com/dp/B09J19Q189?tag=eloabder-20&linkCode=osi&th=1&psc=1"><img src="https://m.media-amazon.com/images/I/513rHNbyUxL._SL500_.jpg" alt="Product Image"></a><p>Flonase Allergy Relief Nasal Spray, 24-Hour Non-Drowsy Multi-Symptom Relief - 72 Sprays plus Bonus Pack of Tissues</p><p>$17.49</p><a href="https://www.amazon.com/dp/B09J19Q189?tag=eloabder-20&linkCode=osi&th=1&psc=1">View Product</a></div>
<div class="product"><a href="https://www.amazon.com/dp/B001FWXKTA?tag=eloabder-20&linkCode=osi&th=1&psc=1"><img src="https://m.media-amazon.com/images/I/31Rb8V-nAVL._SL500_.jpg" alt="Product Image"></a><p>Vicks Warm Mist Humidifier Small to Large Room for Baby, Kids and Adults, 1 Gallon Tank</p><p>$42.99</p><a href="https://www.amazon.com/dp/B001FWXKTA?tag=eloabder-20&linkCode=osi&th=1&psc=1">View Product</a></div>



<div class="product"><a href="https://www.amazon.com/dp/B01NCMJPOQ?tag=eloabder-20&linkCode=osi&th=1&psc=1"><img src="https://m.media-amazon.com/images/I/413cE2SHNeL._SL500_.jpg" alt="Product Image"></a><p>Lee Beauty Professional Callus Remover for Feet - Original, Powerful Formulation - Extra Strength Gel, Home Pedicure Foot Spa Results - Cracked & Dead Dry Skin Supplies - 8 Oz</p><p>$14.99 ($1.87 / Ounce)</p><a href="https://www.amazon.com/dp/B01NCMJPOQ?tag=eloabder-20&linkCode=osi&th=1&psc=1">View Product</a></div><div class="product"><a href="https://www.amazon.com/dp/B07Z6CG253?tag=eloabder-20&linkCode=osi&th=1&psc=1"><img src="https://m.media-amazon.com/images/I/41pgtZmmDcL._SL500_.jpg" alt="Product Image"></a><p>Okay Himalayan Pink Salt Detoxifying Foot Soak With & Tea Tree Oil, lavender, 20 Ounce</p><p>$9.99 ($0.50 / Ounce)</p><a href="https://www.amazon.com/dp/B07Z6CG253?tag=eloabder-20&linkCode=osi&th=1&psc=1">View Product</a></div><div class="product"><a href="https://www.amazon.com/dp/B07HRYCWQZ?tag=eloabder-20&linkCode=osi&th=1&psc=1"><img src="https://m.media-amazon.com/images/I/41foQatg2ZL._SL500_.jpg" alt="Product Image"></a><p>Extra Strength Callus Remover for Feet - Callus Remover Gel Foot Scrubber for Dead Skin - Professional Pedicure Foot Spa Essential, 6oz</p><p>$8.95</p><a href="https://www.amazon.com/dp/B07HRYCWQZ?tag=eloabder-20&linkCode=osi&th=1&psc=1">View Product</a></div><div class="product"><a href="https://www.amazon.com/dp/B00LE99PA2?tag=eloabder-20&linkCode=osi&th=1&psc=1"><img src="https://m.media-amazon.com/images/I/518ViTgYdGL._SL500_.jpg" alt="Product Image"></a><p>Amopé Pedi Perfect Electric Callus Remover Foot File w/ Diamond Crystals, Pedicure Tool for Feet, Removes Hard & Dead Skin, Feet Scrubber & Buffer, Splashproof, w/ Extra Coarse Roller Head, 1 Count</p><p>$19.88</p><a href="https://www.amazon.com/dp/B00LE99PA2?tag=eloabder-20&linkCode=osi&th=1&psc=1">View Product</a></div><div class="product"><a href="https://www.amazon.com/dp/B09NF6QX1G?tag=eloabder-20&linkCode=osi&th=1&psc=1"><img src="https://m.media-amazon.com/images/I/41HuNW0tjuL._SL500_.jpg" alt="Product Image"></a><p>Nervive Nerve Care, Pain Relieving Roll On Liquid, Max Strength No-Mess Topical Pain Reliever with Lidocaine and Menthol for Toes, Feet, Fingers, Hands, Legs & Arms, 2.5oz</p><p>$11.28 ($4.51 / Ounce)</p><a href="https://www.amazon.com/dp/B09NF6QX1G?tag=eloabder-20&linkCode=osi&th=1&psc=1">View Product</a></div>
<div class="product"><a href="https://www.amazon.com/dp/B004D24818?tag=eloabder-20&linkCode=osi&th=1&psc=1"><img src="https://m.media-amazon.com/images/I/41bHH-v8WsL._SL500_.jpg" alt="Product Image"></a><p>Neutrogena Retinol Eye Cream for Dark Circles, Rapid Wrinkle Repair, Daily Anti-Aging Under Eye Cream with Retinol & Hyaluronic Acid to Fight Fine Lines, Wrinkles, & Dark Spots, 0.5 fl. oz</p><p>$17.55 ($35.10 / Fl Oz)</p><a href="https://www.amazon.com/dp/B004D24818?tag=eloabder-20&linkCode=osi&th=1&psc=1">View Product</a></div><div class="product"><a href="https://www.amazon.com/dp/B01D1DR514?tag=eloabder-20&linkCode=osi&th=1&psc=1"><img src="https://m.media-amazon.com/images/I/31xMIASoSRL._SL500_.jpg" alt="Product Image"></a><p>e.l.f. SKIN Holy Hydration! Eye Cream, Rich Hydrating Eye Cream For Minimizing Dark Circles, Infused With Hyaluronic Acid, Vegan & Cruelty-free</p><p>$10.00 ($18.87 / Ounce)</p><a href="https://www.amazon.com/dp/B01D1DR514?tag=eloabder-20&linkCode=osi&th=1&psc=1">View Product</a></div><div class="product"><a href="https://www.amazon.com/dp/B0CRM6KKK5?tag=eloabder-20&linkCode=osi&th=1&psc=1"><img src="https://m.media-amazon.com/images/I/21nz5wmE0lL._SL500_.jpg" alt="Product Image"></a><p>Eight Saints Wonder-fill Plumping Eye Cream, Natural and Organic Anti Aging Under Eye Cream to Plump Skin, Reduce Wrinkles, Fine Lines, and Under Eye Bags, Dark Circles Under Eye Treatment, 0.5 Ounces</p><p>$38.00 ($76.00 / Ounce)</p><a href="https://www.amazon.com/dp/B0CRM6KKK5?tag=eloabder-20&linkCode=osi&th=1&psc=1">View Product</a></div>


<div class="product"><a href="https://www.amazon.com/dp/B099J2SWXV?tag=eloabder-20&linkCode=osi&th=1&psc=1"><img src="https://m.media-amazon.com/images/I/51XFs0dRjpL._SL500_.jpg" alt="Product Image"></a><p>Dymatize ISO100 Hydrolyzed Protein Powder, 100% Whey Isolate Protein, 25g of Protein, 5.5g BCAAs, Gluten Free, Fast Absorbing, Easy Digesting, Gourmet Vanilla, 20 servings</p><p>$27.96 ($1.30 / Ounce)</p><a href="https://www.amazon.com/dp/B099J2SWXV?tag=eloabder-20&linkCode=osi&th=1&psc=1">View Product</a></div><div class="product"><a href="https://www.amazon.com/dp/B000QSNYGI?tag=eloabder-20&linkCode=osi&th=1&psc=1"><img src="https://m.media-amazon.com/images/I/418FT93kkzL._SL500_.jpg" alt="Product Image"></a><p>Optimum Nutrition Gold Standard 100% Whey Protein Powder, Double Rich Chocolate, 5 Pound (Packaging May Vary)</p><p>$73.33 ($0.92 / Ounce)</p><a href="https://www.amazon.com/dp/B000QSNYGI?tag=eloabder-20&linkCode=osi&th=1&psc=1">View Product</a></div><div class="product"><a href="https://www.amazon.com/dp/B013MRPPL6?tag=eloabder-20&linkCode=osi&th=1&psc=1"><img src="https://m.media-amazon.com/images/I/51fmY5QAcGL._SL500_.jpg" alt="Product Image"></a><p>Equip Foods Prime Protein - Grass Fed Beef Protein Powder Isolate - Paleo and Keto Friendly, Gluten Free Carnivore Protein Powder - Chocolate, 1.7 Pounds - Helps Build and Repair Tissue</p><p>$67.99 ($2.50 / Ounce)</p><a href="https://www.amazon.com/dp/B013MRPPL6?tag=eloabder-20&linkCode=osi&th=1&psc=1">View Product</a></div><div class="product"><a href="https://www.amazon.com/dp/B00J074W7Q?tag=eloabder-20&linkCode=osi&th=1&psc=1"><img src="https://m.media-amazon.com/images/I/417tUIFuGVL._SL500_.jpg" alt="Product Image"></a><p>Orgain Organic Vegan Protein Powder, Vanilla Bean - 21g Plant Protein, 4g Prebiotic Fiber, No Lactose Ingredients, No Added Sugar, Non-GMO, For Shakes & Smoothies, 2.03 lb (Packaging May Vary)</p><p>$26.34 ($0.81 / Ounce)</p><a href="https://www.amazon.com/dp/B00J074W7Q?tag=eloabder-20&linkCode=osi&th=1&psc=1">View Product</a></div><div class="product"><a href="https://www.amazon.com/dp/B06Y5ZG66K?tag=eloabder-20&linkCode=osi&th=1&psc=1"><img src="https://m.media-amazon.com/images/I/51Lyzdfa4oL._SL500_.jpg" alt="Product Image"></a><p>Premier Protein Powder, Chocolate Milkshake, 30g Protein, 1g Sugar, 100% Whey Protein, Keto Friendly, No Soy Ingredients, Gluten Free, 17 Servings, 23.9 Ounce (Pack of 1)</p><p>$25.18 ($1.03 / Ounce)</p><a href="https://www.amazon.com/dp/B06Y5ZG66K?tag=eloabder-20&linkCode=osi&th=1&psc=1">View Product</a></div><div class="product"><a href="https://www.amazon.com/dp/B0BJLBD427?tag=eloabder-20&linkCode=osi&th=1&psc=1"><img src="https://m.media-amazon.com/images/I/51YnBZqOwCL._SL500_.jpg" alt="Product Image"></a><p>Body Fortress Super Advanced Whey Protein Powder, Chocolate, Immune Support (1), Vitamins C & D Plus Zinc, 1.78 lbs (Packaging May Vary)</p><p>$22.98 ($0.81 / Ounce)</p><a href="https://www.amazon.com/dp/B0BJLBD427?tag=eloabder-20&linkCode=osi&th=1&psc=1">View Product</a></div><div class="product"><a href="https://www.amazon.com/dp/B07PXNNFGT?tag=eloabder-20&linkCode=osi&th=1&psc=1"><img src="https://m.media-amazon.com/images/I/51Fw9Wm0sGL._SL500_.jpg" alt="Product Image"></a><p>Orgain Organic Vegan Protein + 50 Superfoods Powder, Vanilla Bean - 21g Plant Based Protein, 8g Prebiotic Fiber, No Lactose Ingredients, Gluten Free, No Added Sugar, Non-GMO, 2.02 lb</p><p>$29.99 ($0.93 / Ounce)</p><a href="https://www.amazon.com/dp/B07PXNNFGT?tag=eloabder-20&linkCode=osi&th=1&psc=1">View Product</a></div><div class="product"><a href="https://www.amazon.com/dp/B00EACSHF4?tag=eloabder-20&linkCode=osi&th=1&psc=1"><img src="https://m.media-amazon.com/images/I/41D4SI8q0mL._SL500_.jpg" alt="Product Image"></a><p>Dymatize Elite 100% Whey Protein Powder, 25g Protein, 5.5g BCAAs & 2.7g L-Leucine, Quick Absorbing & Fast Digesting for Optimal Muscle Recovery, Gourmet Vanilla, 5 Pound, 67 Servings</p><p>$67.49 ($0.84 / Ounce)</p><a href="https://www.amazon.com/dp/B00EACSHF4?tag=eloabder-20&linkCode=osi&th=1&psc=1">View Product</a></div><div class="product"><a href="https://www.amazon.com/dp/B00J074W94?tag=eloabder-20&linkCode=osi&th=1&psc=1"><img src="https://m.media-amazon.com/images/I/41jXWg1fe6L._SL500_.jpg" alt="Product Image"></a><p>Orgain Organic Vegan Protein Powder, Creamy Chocolate Fudge - 21g Plant Protein, 7g Prebiotic Fiber, Low Net Carb, No Lactose Ingredients, No Added Sugar, Non-GMO, For Shakes & Smoothies, 2.03 lb</p><p>$30.49 ($0.94 / Ounce)</p><a href="https://www.amazon.com/dp/B00J074W94?tag=eloabder-20&linkCode=osi&th=1&psc=1">View Product</a></div><div class="product"><a href="https://www.amazon.com/dp/B002DYIZHG?tag=eloabder-20&linkCode=osi&th=1&psc=1"><img src="https://m.media-amazon.com/images/I/41JLcuooSqL._SL500_.jpg" alt="Product Image"></a><p>Optimum Nutrition Gold Standard 100% Whey Protein Powder, Extreme Milk Chocolate, 2 Pound (Pack of 1) (Packaging May Vary)</p><p>$35.47 ($1.11 / Ounce)</p><a href="https://www.amazon.com/dp/B002DYIZHG?tag=eloabder-20&linkCode=osi&th=1&psc=1">View Product</a></div>
<div class="product"><a href="https://www.amazon.com/dp/B019GU4ILQ?tag=eloabder-20&linkCode=osi&th=1&psc=1"><img src="https://m.media-amazon.com/images/I/51QLnQIgtZL._SL500_.jpg" alt="Product Image"></a><p>Nuun Sport Electrolyte Tablets for Proactive Hydration, Mixed Citrus Berry Flavors, 4 Pack (40 Servings)</p><p>$21.80 ($0.54 / Count)</p><a href="https://www.amazon.com/dp/B019GU4ILQ?tag=eloabder-20&linkCode=osi&th=1&psc=1">View Product</a></div><div class="product"><a href="https://www.amazon.com/dp/B07DX89ZHN?tag=eloabder-20&linkCode=osi&th=1&psc=1"><img src="https://m.media-amazon.com/images/I/41INqodQzYL._SL500_.jpg" alt="Product Image"></a><p>Sports Research Triple Strength Omega 3 Fish Oil - Burpless Fish Oil Supplement w/EPA & DHA Fatty Acids from Single-Source Wild Alaska Pollock - 1250 mg, 90 ct</p><p>$26.95 ($0.30 / Count)</p><a href="https://www.amazon.com/dp/B07DX89ZHN?tag=eloabder-20&linkCode=osi&th=1&psc=1">View Product</a></div><div class="product"><a href="https://www.amazon.com/dp/B0892R2K3P?tag=eloabder-20&linkCode=osi&th=1&psc=1"><img src="https://m.media-amazon.com/images/I/41Ru5Hoi+JL._SL500_.jpg" alt="Product Image"></a><p>BARE PERFORMANCE NUTRITION, BPN G.1.M Go One More Sport, Endurance Training Fuel, Fruit Punch, Superior Carbohydrate Source & Electrolyte Formula, Reduce Fatigue, 25 Servings</p><p>$39.99 ($1.92 / Ounce)</p><a href="https://www.amazon.com/dp/B0892R2K3P?tag=eloabder-20&linkCode=osi&th=1&psc=1">View Product</a></div><div class="product"><a href="https://www.amazon.com/dp/B000GISTZ4?tag=eloabder-20&linkCode=osi&th=1&psc=1"><img src="https://m.media-amazon.com/images/I/41oF8bNCKHL._SL500_.jpg" alt="Product Image"></a><p>Optimum Nutrition Gold Standard 100% Whey Protein Powder, Vanilla Ice Cream, 2 Pound (Pack of 1) (Packaging May Vary)</p><p>$35.34 ($1.10 / Ounce)</p><a href="https://www.amazon.com/dp/B000GISTZ4?tag=eloabder-20&linkCode=osi&th=1&psc=1">View Product</a></div><div class="product"><a href="https://www.amazon.com/dp/B0CCJZVJYG?tag=eloabder-20&linkCode=osi&th=1&psc=1"><img src="https://m.media-amazon.com/images/I/41tfAgk2pvL._SL500_.jpg" alt="Product Image"></a><p>Sports Research Creatine Monohydrate - Gain Lean Muscle, Improve Performance and Strength and Support Workout Recovery - 5 g Micronized Creatine - 1.1LBS</p><p>$27.95 ($1.58 / Ounce)</p><a href="https://www.amazon.com/dp/B0CCJZVJYG?tag=eloabder-20&linkCode=osi&th=1&psc=1">View Product</a></div><div class="product"><a href="https://www.amazon.com/dp/B0BSNZLT17?tag=eloabder-20&linkCode=osi&th=1&psc=1"><img src="https://m.media-amazon.com/images/I/41nQChd8nGL._SL500_.jpg" alt="Product Image"></a><p>Animal Pak - Convenient All-in-One Vitamin & Supplement Pack - Zinc, Vitamins C, B, D, Amino Acids and More - Sports Nutrition Performance Mulitvitamin for Women & Men - Updated Version - 44 Count</p><p>$39.94 ($0.91 / Count)</p><a href="https://www.amazon.com/dp/B0BSNZLT17?tag=eloabder-20&linkCode=osi&th=1&psc=1">View Product</a></div><div class="product"><a href="https://www.amazon.com/dp/B002DYIZEE?tag=eloabder-20&linkCode=osi&th=1&psc=1"><img src="https://m.media-amazon.com/images/I/41bCZ4N2pdL._SL500_.jpg" alt="Product Image"></a><p>Optimum Nutrition Micronized Creatine Monohydrate Powder, Unflavored, Keto Friendly, 60 Servings (Packaging May Vary)</p><p>$20.45 ($1.93 / Ounce)</p><a href="https://www.amazon.com/dp/B002DYIZEE?tag=eloabder-20&linkCode=osi&th=1&psc=1">View Product</a></div><div class="product"><a href="https://www.amazon.com/dp/B0013OWAB4?tag=eloabder-20&linkCode=osi&th=1&psc=1"><img src="https://m.media-amazon.com/images/I/41rmB5rTj8L._SL500_.jpg" alt="Product Image"></a><p>NOW Sports Nutrition, Whey Protein Isolate, 25 g With BCAAs, Unflavored Powder, 1.2-Pound</p><p>$28.95 ($1.51 / Ounce)</p><a href="https://www.amazon.com/dp/B0013OWAB4?tag=eloabder-20&linkCode=osi&th=1&psc=1">View Product</a></div><div class="product"><a href="https://www.amazon.com/dp/B001LXMUW6?tag=eloabder-20&linkCode=osi&th=1&psc=1"><img src="https://m.media-amazon.com/images/I/413hbtz4hkL._SL500_.jpg" alt="Product Image"></a><p>NOW Sports Nutrition, ZMA (Zinc, Magnesium and Vitamin B-6), Enhanced Absorption, Sports Recovery*, 180 Capsules</p><p>$24.53 ($0.14 / Count)</p><a href="https://www.amazon.com/dp/B001LXMUW6?tag=eloabder-20&linkCode=osi&th=1&psc=1">View Product</a></div><div class="product"><a href="https://www.amazon.com/dp/B07BVJ858K?tag=eloabder-20&linkCode=osi&th=1&psc=1"><img src="https://m.media-amazon.com/images/I/510iuVavSBL._SL500_.jpg" alt="Product Image"></a><p>C4 Ripped Sport Pre Workout Powder Arctic Snow Cone - NSF Certified for Sport + Sugar Free Preworkout Energy Supplement for Men & Women - 135mg Caffeine + Weight Loss - 30 Servings</p><p>$22.94 ($2.64 / Ounce)</p><a href="https://www.amazon.com/dp/B07BVJ858K?tag=eloabder-20&linkCode=osi&th=1&psc=1">View Product</a></div>
<div class="product"><a href="https://www.amazon.com/dp/B078SJH4V3?tag=eloabder-20&linkCode=osi&th=1&psc=1"><img src="https://m.media-amazon.com/images/I/41Jdxoi2qyL._SL500_.jpg" alt="Product Image"></a><p>Turmeric Curcumin with BioPerine & Ginger 95% Curcuminoids 1950mg - Black Pepper Extract for Max Absorption, Nature's Joint Support Supplement, Herbal Turmeric Pills, Vegan Non-GMO - 60 Capsules</p><p>$12.82 ($0.21 / Count)</p><a href="https://www.amazon.com/dp/B078SJH4V3?tag=eloabder-20&linkCode=osi&th=1&psc=1">View Product</a></div><div class="product"><a href="https://www.amazon.com/dp/B01NCUJPBF?tag=eloabder-20&linkCode=osi&th=1&psc=1"><img src="https://m.media-amazon.com/images/I/418t59tc2oL._SL500_.jpg" alt="Product Image"></a><p>Liver Cleanse and Detox & Repair Formula - Herbal Liver Support Supplement with Milk Thistle Dandelion Root & Artichoke Extract for Liver Health - Silymarin Milk Thistle Liver Detox Capsules</p><p>$22.77 ($0.33 / Count)</p><a href="https://www.amazon.com/dp/B01NCUJPBF?tag=eloabder-20&linkCode=osi&th=1&psc=1">View Product</a></div><div class="product"><a href="https://www.amazon.com/dp/B07FSWJ5QR?tag=eloabder-20&linkCode=osi&th=1&psc=1"><img src="https://m.media-amazon.com/images/I/41PO8m1VIWL._SL500_.jpg" alt="Product Image"></a><p>Herbal Roots Organic Whole Bulb Garlic Pills - Potent Extra Strength | 600 mg - 60 Organic Vegan Capsules</p><p>$23.99 ($0.40 / Count)</p><a href="https://www.amazon.com/dp/B07FSWJ5QR?tag=eloabder-20&linkCode=osi&th=1&psc=1">View Product</a></div><div class="product"><a href="https://www.amazon.com/dp/B07W7N8SLX?tag=eloabder-20&linkCode=osi&th=1&psc=1"><img src="https://m.media-amazon.com/images/I/51G0BB4e-AL._SL500_.jpg" alt="Product Image"></a><p>Turmeric Curcumin with BioPerine 95% Standardized Curcuminoids 1950mg - Black Pepper Extract for Max Absorption, Nature's Joint Support Supplement, Herbal Turmeric Pills, Vegan Non-GMO - 240 Capsules</p><p>$26.32 ($0.11 / Count)</p><a href="https://www.amazon.com/dp/B07W7N8SLX?tag=eloabder-20&linkCode=osi&th=1&psc=1">View Product</a></div><div class="product"><a href="https://www.amazon.com/dp/B00HG0YZMG?tag=eloabder-20&linkCode=osi&th=1&psc=1"><img src="https://m.media-amazon.com/images/I/41VJNay0ZCL._SL500_.jpg" alt="Product Image"></a><p>Quality of Life Premium Kinoko Platinum AHCC Herbal Supplement, 750mg of AHCC per Capsule, for Immune Support, Liver Function, Maintains Natural Killer Cell Activity, 1 Pack, 60 Veggie Capsules</p><p>$74.96 ($1.25 / Count)</p><a href="https://www.amazon.com/dp/B00HG0YZMG?tag=eloabder-20&linkCode=osi&th=1&psc=1">View Product</a></div><div class="product"><a href="https://www.amazon.com/dp/B000RP5Q70?tag=eloabder-20&linkCode=osi&th=1&psc=1"><img src="https://m.media-amazon.com/images/I/31URCaNT8sL._SL500_.jpg" alt="Product Image"></a><p>Source Naturals Wellness Formula Bio-Aligned Vitamins & Herbal Defense for Immune System Support - Dietary Supplement & Immunity Booster - 60 Capsules</p><p>$9.63 ($0.16 / Count)</p><a href="https://www.amazon.com/dp/B000RP5Q70?tag=eloabder-20&linkCode=osi&th=1&psc=1">View Product</a></div><div class="product"><a href="https://www.amazon.com/dp/B0BNWDY2G7?tag=eloabder-20&linkCode=osi&th=1&psc=1"><img src="https://m.media-amazon.com/images/I/41fiG9I387L._SL500_.jpg" alt="Product Image"></a><p>Carlyle Turmeric Curcumin Supplement 2400mg | 180 Powder Capsules | Herbal Formula | Non-GMO, Gluten Free</p><p>$9.89 ($0.05 / Count)</p><a href="https://www.amazon.com/dp/B0BNWDY2G7?tag=eloabder-20&linkCode=osi&th=1&psc=1">View Product</a></div><div class="product"><a href="https://www.amazon.com/dp/B09QCTW4Z1?tag=eloabder-20&linkCode=osi&th=1&psc=1"><img src="https://m.media-amazon.com/images/I/51SwkLX9yzL._SL500_.jpg" alt="Product Image"></a><p>Turmeric Tablets 2600mg with Black Pepper & Ginger - 95% Curcumin Extract 180 and (3 Month) High Strength Active Supplements Not Capsules,by New Leaf</p><p>$14.95 ($0.08 / Count)</p><a href="https://www.amazon.com/dp/B09QCTW4Z1?tag=eloabder-20&linkCode=osi&th=1&psc=1">View Product</a></div><div class="product"><a href="https://www.amazon.com/dp/B07TMQ3RW8?tag=eloabder-20&linkCode=osi&th=1&psc=1"><img src="https://m.media-amazon.com/images/I/51rnnuvcjaL._SL500_.jpg" alt="Product Image"></a><p>HCL HERBAL CODE LABS Turmeric Boswellia Extract Supplement 2000 mg – Strong Natural Joint Support Pills – Extra Strength Boswellia Serrata with Turmeric Curcumin Powder 90 Capsules</p><p>$22.88 ($0.25 / Count)</p><a href="https://www.amazon.com/dp/B07TMQ3RW8?tag=eloabder-20&linkCode=osi&th=1&psc=1">View Product</a></div>
<div class="product"><a href="https://www.amazon.com/dp/B00YMSLT88?tag=eloabder-20&linkCode=osi&th=1&psc=1"><img src="https://m.media-amazon.com/images/I/41S95x-3xaL._SL500_.jpg" alt="Product Image"></a><p>Nature Made Multivitamin Tablets with Iron, Multivitamin for Women and Men for Daily Nutritional Support, 130 Tablets, 130 Day Supply</p><p>$11.99 ($0.09 / Count)</p><a href="https://www.amazon.com/dp/B00YMSLT88?tag=eloabder-20&linkCode=osi&th=1&psc=1">View Product</a></div><div class="product"><a href="https://www.amazon.com/dp/B00FOTMGTU?tag=eloabder-20&linkCode=osi&th=1&psc=1"><img src="https://m.media-amazon.com/images/I/41PtIQlINuL._SL500_.jpg" alt="Product Image"></a><p>THORNE Basic Nutrients 2/Day - Comprehensive Daily Multivitamin with Optimal Bioavailability - Vitamin and Mineral Formula - Gluten-Free, Dairy-Free, Soy-Free - 60 Capsules - 30 Servings</p><p>$32.00 ($0.53 / Count)</p><a href="https://www.amazon.com/dp/B00FOTMGTU?tag=eloabder-20&linkCode=osi&th=1&psc=1">View Product</a></div><div class="product"><a href="https://www.amazon.com/dp/B097S1GQ5B?tag=eloabder-20&linkCode=osi&th=1&psc=1"><img src="https://m.media-amazon.com/images/I/41XR1ndDxdL._SL500_.jpg" alt="Product Image"></a><p>Primal Harvest Multivitamin for Women and Men Vitamin A, Vitamin C, Vitamin D and E, Vitamin B12, B6, Biotin, Zinc Supplements, 30 Capsules</p><p>$29.95 ($1.00 / Count )</p><a href="https://www.amazon.com/dp/B097S1GQ5B?tag=eloabder-20&linkCode=osi&th=1&psc=1">View Product</a></div><div class="product"><a href="https://www.amazon.com/dp/B09BVYY7XR?tag=eloabder-20&linkCode=osi&th=1&psc=1"><img src="https://m.media-amazon.com/images/I/41y16Rsk2tL._SL500_.jpg" alt="Product Image"></a><p>Centrum Adult Multivitamin/Multimineral Supplement with Antioxidants, Zinc, Vitamin D3 and B Vitamins, Gluten Free, Non-GMO Ingredients - 200 Count</p><p>$12.12 ($0.06 / Count)</p><a href="https://www.amazon.com/dp/B09BVYY7XR?tag=eloabder-20&linkCode=osi&th=1&psc=1">View Product</a></div><div class="product"><a href="https://www.amazon.com/dp/B09KF8MKB8?tag=eloabder-20&linkCode=osi&th=1&psc=1"><img src="https://m.media-amazon.com/images/I/41jL2KGnSaL._SL500_.jpg" alt="Product Image"></a><p>One A Day Men’s 50+ Healthy Advantage Multivitamin, Multivitamin for Men with Vitamins A, C, E, B6, B12, Calcium and Vitamin D, Tablet, 200 Count (Pack of 1)</p><p>$19.98 ($0.10 / Count)</p><a href="https://www.amazon.com/dp/B09KF8MKB8?tag=eloabder-20&linkCode=osi&th=1&psc=1">View Product</a></div><div class="product"><a href="https://www.amazon.com/dp/B01BGZVXC6?tag=eloabder-20&linkCode=osi&th=1&psc=1"><img src="https://m.media-amazon.com/images/I/41Jd5FzxAkL._SL500_.jpg" alt="Product Image"></a><p>Pure Encapsulations O.N.E. Multivitamin - Once Daily Multivitamin with Antioxidant Complex Metafolin, CoQ10, and Lutein to Support Vision, Cognitive Function, and Cellular Health* - 120 Capsules</p><p>$86.00 ($0.72 / Count)</p><a href="https://www.amazon.com/dp/B01BGZVXC6?tag=eloabder-20&linkCode=osi&th=1&psc=1">View Product</a></div><div class="product"><a href="https://www.amazon.com/dp/B007L0DONW?tag=eloabder-20&linkCode=osi&th=1&psc=1"><img src="https://m.media-amazon.com/images/I/41vIgYSAtXL._SL500_.jpg" alt="Product Image"></a><p>vitafusion Adult Gummy Vitamins for Men, Berry Flavored Daily Multivitamins for Men With Vitamins A, C, D, E, B6 and B12, America’s Number 1 Gummy Vitamin Brand, 75 Day Supply, 150 Count</p><p>$11.99 ($0.08 / Count)</p><a href="https://www.amazon.com/dp/B007L0DONW?tag=eloabder-20&linkCode=osi&th=1&psc=1">View Product</a></div><div class="product"><a href="https://www.amazon.com/dp/B0007YCC7S?tag=eloabder-20&linkCode=osi&th=1&psc=1"><img src="https://m.media-amazon.com/images/I/41ZeBcOfAQL._SL500_.jpg" alt="Product Image"></a><p>Rainbow Light Multivitamin for Men, Vitamin C, D & Zinc, Probiotics, Men's One Multivitamin Provides High Potency Immune Support, Non-GMO, Vegetarian, 150 Tablets</p><p>$40.79 ($0.27 / Count)</p><a href="https://www.amazon.com/dp/B0007YCC7S?tag=eloabder-20&linkCode=osi&th=1&psc=1">View Product</a></div><div class="product"><a href="https://www.amazon.com/dp/B09QBKGDLS?tag=eloabder-20&linkCode=osi&th=1&psc=1"><img src="https://m.media-amazon.com/images/I/41Xr3sSp+8L._SL500_.jpg" alt="Product Image"></a><p>ONE A DAY Womens Complete Daily Multivitamin with Vitamin A, B , C, D, and E, Calcium and Magnesium, Immune Health Support, 200 Count</p><p>$17.48 ($0.09 / Count)</p><a href="https://www.amazon.com/dp/B09QBKGDLS?tag=eloabder-20&linkCode=osi&th=1&psc=1">View Product</a></div>
<div class="product"><a href="https://www.amazon.com/dp/B000NPYY04?tag=eloabder-20&linkCode=osi&th=1&psc=1"><img src="https://m.media-amazon.com/images/I/41AB0odrkeL._SL500_.jpg" alt="Product Image"></a><p>Nature's Bounty Fish Oil, Supports Heart Health, 1200 Mg, 360 Mg Omega-3, Rapid Release Softgels, 200 Ct</p><p>$13.32 ($0.07 / Count)</p><a href="https://www.amazon.com/dp/B000NPYY04?tag=eloabder-20&linkCode=osi&th=1&psc=1">View Product</a></div><div class="product"><a href="https://www.amazon.com/dp/B0046XC528?tag=eloabder-20&linkCode=osi&th=1&psc=1"><img src="https://m.media-amazon.com/images/I/41cdANHQ68L._SL500_.jpg" alt="Product Image"></a><p>Nature Made Fish Oil 1000 mg Softgels, Fish Oil Supplements, Omega 3 Fish Oil for Healthy Heart Support, Omega 3 Supplement with 250 Softgels, 125 Day Supply</p><p>$18.29 ($0.07 / Count)</p><a href="https://www.amazon.com/dp/B0046XC528?tag=eloabder-20&linkCode=osi&th=1&psc=1">View Product</a></div><div class="product"><a href="https://www.amazon.com/dp/B01BTBZWBU?tag=eloabder-20&linkCode=osi&th=1&psc=1"><img src="https://m.media-amazon.com/images/I/41KDZ4VcuHL._SL500_.jpg" alt="Product Image"></a><p>Sports Research Triple Strength Omega 3 Fish Oil - Burpless Fish Oil Supplement w/EPA & DHA Fatty Acids from Single-Source Wild Alaska Pollock - 1250 mg, 180 ct</p><p>$52.95 ($0.29 / Count)</p><a href="https://www.amazon.com/dp/B01BTBZWBU?tag=eloabder-20&linkCode=osi&th=1&psc=1">View Product</a></div><div class="product"><a href="https://www.amazon.com/dp/B014LDT0ZM?tag=eloabder-20&linkCode=osi&th=1&psc=1"><img src="https://m.media-amazon.com/images/I/51c-3W4m1RL._SL500_.jpg" alt="Product Image"></a><p>Viva Naturals Triple Strength Omega 3 Fish Oil Supplement - 2500 mg Fish Oil with Re-Esterified Omega 3 Fatty Acids including EPA, DHA DPA - 180 Pescatarian-Friendly Softgels</p><p>$58.95 ($0.33 / Count)</p><a href="https://www.amazon.com/dp/B014LDT0ZM?tag=eloabder-20&linkCode=osi&th=1&psc=1">View Product</a></div><div class="product"><a href="https://www.amazon.com/dp/B07QHP2ZNQ?tag=eloabder-20&linkCode=osi&th=1&psc=1"><img src="https://m.media-amazon.com/images/I/41p2LIEGL3L._SL500_.jpg" alt="Product Image"></a><p>Nordic Naturals Ultimate Omega, Lemon Flavor - 210 Soft Gels - 1280 mg Omega-3 - High-Potency Omega-3 Fish Oil with EPA & DHA - Promotes Brain & Heart Health - Non-GMO - 105 Servings</p><p>$67.20 ($0.32 / Count)</p><a href="https://www.amazon.com/dp/B07QHP2ZNQ?tag=eloabder-20&linkCode=osi&th=1&psc=1">View Product</a></div><div class="product"><a href="https://www.amazon.com/dp/B01NBTJFJB?tag=eloabder-20&linkCode=osi&th=1&psc=1"><img src="https://m.media-amazon.com/images/I/41gJBxUZtcL._SL500_.jpg" alt="Product Image"></a><p>Triple Strength Omega 3 Fish Oil | 3600 mg EPA & DHA | Over 2100mg of Omega 3 Fatty Acids | 1300mg EPA + 860mg DHA | Best Essential Fatty Acids | Premium Burpless Softgel Supplements (120 Ct)</p><p>$29.95 ($0.25 / Count)</p><a href="https://www.amazon.com/dp/B01NBTJFJB?tag=eloabder-20&linkCode=osi&th=1&psc=1">View Product</a></div><div class="product"><a href="https://www.amazon.com/dp/B00CAZAU62?tag=eloabder-20&linkCode=osi&th=1&psc=1"><img src="https://m.media-amazon.com/images/I/41gdtyE2xHL._SL500_.jpg" alt="Product Image"></a><p>Dr. Tobias Omega 3 Fish Oil, 2000mg Triple Strength Omega 3 Supplement with 800mg EPA 600mg DHA Per Serving, Fish Oil Omega 3 Supplements for Heart, Brain & Immune Support, 180 Softgels, 90 Servings</p><p>$42.99 ($0.24 / Count)</p><a href="https://www.amazon.com/dp/B00CAZAU62?tag=eloabder-20&linkCode=osi&th=1&psc=1">View Product</a></div><div class="product"><a href="https://www.amazon.com/dp/B01GV4O37E?tag=eloabder-20&linkCode=osi&th=1&psc=1"><img src="https://m.media-amazon.com/images/I/41JtERQfIWL._SL500_.jpg" alt="Product Image"></a><p>Arazo Nutrition Wild Caught Omega 3 Fish Oil – 120 Soft Gels – 4,080mg High EPA 1200mg DHA 900mg Lemon Flavor Burpless Softgels</p><p>$28.95 ($0.24 / Count)</p><a href="https://www.amazon.com/dp/B01GV4O37E?tag=eloabder-20&linkCode=osi&th=1&psc=1">View Product</a></div>
<div class="product"><a href="https://www.amazon.com/dp/B09GLGC9DG?tag=eloabder-20&linkCode=osi&th=1&psc=1"><img src="https://m.media-amazon.com/images/I/51OsLLY4B6L._SL500_.jpg" alt="Product Image"></a><p>Physician's CHOICE Probiotics 60 Billion CFU - 10 Strains + Organic Prebiotics - Immune, Digestive & Gut Health - Supports Occasional Constipation, Diarrhea, Gas & Bloating - for Women & Men - 60ct</p><p>$36.97 ($0.62 / Count)</p><a href="https://www.amazon.com/dp/B09GLGC9DG?tag=eloabder-20&linkCode=osi&th=1&psc=1">View Product</a></div><div class="product"><a href="https://www.amazon.com/dp/B004JO3JTM?tag=eloabder-20&linkCode=osi&th=1&psc=1"><img src="https://m.media-amazon.com/images/I/51kOhkzzLKL._SL500_.jpg" alt="Product Image"></a><p>Nature's Bounty Acidophilus Probiotic, Daily Probiotic Supplement, Supports Digestive Health, Twin Pack, 100 Count (Pack of 2)</p><p>$14.99 ($0.07 / Count)</p><a href="https://www.amazon.com/dp/B004JO3JTM?tag=eloabder-20&linkCode=osi&th=1&psc=1">View Product</a></div><div class="product"><a href="https://www.amazon.com/dp/B071DZQLPQ?tag=eloabder-20&linkCode=osi&th=1&psc=1"><img src="https://m.media-amazon.com/images/I/51E-+x12x5L._SL500_.jpg" alt="Product Image"></a><p>NewRhythm Probiotics 50 Billion CFU 20 Strains, 60 Veggie Capsules, Targeted Release Technology, Stomach Acid Resistant, No Need for Refrigeration, Non-GMO, Gluten Free</p><p>$16.99 ($0.28 / Count)</p><a href="https://www.amazon.com/dp/B071DZQLPQ?tag=eloabder-20&linkCode=osi&th=1&psc=1">View Product</a></div><div class="product"><a href="https://www.amazon.com/dp/B00L1GHMN0?tag=eloabder-20&linkCode=osi&th=1&psc=1"><img src="https://m.media-amazon.com/images/I/41Msqs9cM9L._SL500_.jpg" alt="Product Image"></a><p>NOW Supplements, Probiotic-10™, 25 Billion, with 10 Probiotic Strains, Dairy, Soy and Gluten Free, Strain Verified, 100 Veg Capsules</p><p>$22.90 ($0.23 / Count)</p><a href="https://www.amazon.com/dp/B00L1GHMN0?tag=eloabder-20&linkCode=osi&th=1&psc=1">View Product</a></div><div class="product"><a href="https://www.amazon.com/dp/B0D5FZGY8W?tag=eloabder-20&linkCode=osi&th=1&psc=1"><img src="https://m.media-amazon.com/images/I/51gWW6a+5uL._SL500_.jpg" alt="Product Image"></a><p>URO Vaginal Probiotics for Women pH Balance with Prebiotics & Lactobacillus Probiotic Blend - Women's Vaginal Health Supplement - Promote Healthy Vaginal Odor & Vaginal Flora, 60 Count (Pack of 1)</p><p>$28.79 ($0.48 / Count)</p><a href="https://www.amazon.com/dp/B0D5FZGY8W?tag=eloabder-20&linkCode=osi&th=1&psc=1">View Product</a></div><div class="product"><a href="https://www.amazon.com/dp/B00Y8MP4G6?tag=eloabder-20&linkCode=osi&th=1&psc=1"><img src="https://m.media-amazon.com/images/I/41DODStWo4L._SL500_.jpg" alt="Product Image"></a><p>Garden of Life Once Daily Dr. Formulated Probiotics for Women 50 Billion CFU 16 Probiotic Strains with Organic Prebiotics for Digestive, Vaginal & Immune Health, Dairy Free, Shelf Stable 30 Capsules</p><p>$32.19 ($1.07 / Count)</p><a href="https://www.amazon.com/dp/B00Y8MP4G6?tag=eloabder-20&linkCode=osi&th=1&psc=1">View Product</a></div><div class="product"><a href="https://www.amazon.com/dp/B08GR12D4T?tag=eloabder-20&linkCode=osi&th=1&psc=1"><img src="https://m.media-amazon.com/images/I/413uXWNsVzL._SL500_.jpg" alt="Product Image"></a><p>Nature’s Bounty Probiotic 10, Ultra Strength Daily Probiotic Supplement, Support for Digestive, Immune and Upper Respiratory Health, 1 Pack, 30 Capsules</p><p>$12.84 ($0.43 / Count)</p><a href="https://www.amazon.com/dp/B08GR12D4T?tag=eloabder-20&linkCode=osi&th=1&psc=1">View Product</a></div><div class="product"><a href="https://www.amazon.com/dp/B09Z3TPGRZ?tag=eloabder-20&linkCode=osi&th=1&psc=1"><img src="https://m.media-amazon.com/images/I/51H4Kaf9VPL._SL500_.jpg" alt="Product Image"></a><p>Physician's Choice Probiotics - PH Balance, Digestive, UT, & Feminine Health - 50 Billion CFU - 6 Unique Strains for Women - Organic Prebiotics, Cranberry Extract+ - Probiotic - 60 CT</p><p>$36.97 ($0.62 / Count)</p><a href="https://www.amazon.com/dp/B09Z3TPGRZ?tag=eloabder-20&linkCode=osi&th=1&psc=1">View Product</a></div><div class="product"><a href="https://www.amazon.com/dp/B0811P73BT?tag=eloabder-20&linkCode=osi&th=1&psc=1"><img src="https://m.media-amazon.com/images/I/41bBVdIgYdS._SL500_.jpg" alt="Product Image"></a><p>Organic Probiotics 100 Billion CFU, Dr Formulated Probiotics for Women, Probiotics for Men and Adults, Complete Shelf Stable Probiotic Supplement with Prebiotics & Digestive Enzymes; 30 Capsules</p><p>$25.00 ($0.83 / Count)</p><a href="https://www.amazon.com/dp/B0811P73BT?tag=eloabder-20&linkCode=osi&th=1&psc=1">View Product</a></div>
<div class="product"><a href="https://www.amazon.com/dp/B0B76XSJN2?tag=eloabder-20&linkCode=osi&th=1&psc=1"><img src="https://m.media-amazon.com/images/I/419te9dWCML._SL500_.jpg" alt="Product Image"></a><p>HELIX PRIME Cod Liver Oil Extra Virgin Artic Softgels Omega 3, EPA, DHA</p><p>$40.00 ($0.67 / Count)</p><a href="https://www.amazon.com/dp/B0B76XSJN2?tag=eloabder-20&linkCode=osi&th=1&psc=1">View Product</a></div><div class="product"><a href="https://www.amazon.com/dp/B0739KKHWL?tag=eloabder-20&linkCode=osi&th=1&psc=1"><img src="https://m.media-amazon.com/images/I/41g58vrlGWL._SL500_.jpg" alt="Product Image"></a><p>Nordic Naturals Ultimate Omega, Lemon Flavor - 90 Soft Gels - 1280 mg Omega-3 - High-Potency Omega-3 Fish Oil Supplement with EPA & DHA - Promotes Brain & Heart Health - Non-GMO - 45 Servings</p><p>$34.92 ($0.39 / Count)</p><a href="https://www.amazon.com/dp/B0739KKHWL?tag=eloabder-20&linkCode=osi&th=1&psc=1">View Product</a></div><div class="product"><a href="https://www.amazon.com/dp/B003PGJM00?tag=eloabder-20&linkCode=osi&th=1&psc=1"><img src="https://m.media-amazon.com/images/I/419IYWUSY5L._SL500_.jpg" alt="Product Image"></a><p>Nature Made Triple Omega 3 6 9, Flaxseed, Safflower, & Olive Oils, Healthy Heart Support, Fish Free Omega 3 Supplement, 150 Softgels, 75 Day Supply</p><p>$30.28 ($0.20 / Count)</p><a href="https://www.amazon.com/dp/B003PGJM00?tag=eloabder-20&linkCode=osi&th=1&psc=1">View Product</a></div><div class="product"><a href="https://www.amazon.com/dp/B0CS56P75L?tag=eloabder-20&linkCode=osi&th=1&psc=1"><img src="https://m.media-amazon.com/images/I/41GI+Omt1AL._SL500_.jpg" alt="Product Image"></a><p>Triple Strength Omega 3 Fish Oil Supplements 4200mg Per Serving, 120 Softgels – Lemon Flavored – Burpless | EPA 1200mg + DHA 900mg | Deep Sea Fish</p><p>$19.95 ($0.17 / Count)</p><a href="https://www.amazon.com/dp/B0CS56P75L?tag=eloabder-20&linkCode=osi&th=1&psc=1">View Product</a></div><div class="product"><a href="https://www.amazon.com/dp/B0CWPY1XYN?tag=eloabder-20&linkCode=osi&th=1&psc=1"><img src="https://m.media-amazon.com/images/I/41S9PZKx8OL._SL500_.jpg" alt="Product Image"></a><p>Qunol Advanced Omega 3 Krill and Fish Oil Complex, 10x Better Bioavailability, One Pill Dose, 250mg EPA & DHA, Supports Brain, Eye, Heart and Joint Health, 90 Count (Pack of 1)</p><p>$26.99 ($0.30 / Count)</p><a href="https://www.amazon.com/dp/B0CWPY1XYN?tag=eloabder-20&linkCode=osi&th=1&psc=1">View Product</a></div>
<div class="product"><a href="https://www.amazon.com/dp/B09RQBHRCT?tag=eloabder-20&linkCode=osi&th=1&psc=1"><img src="https://m.media-amazon.com/images/I/417jtm1N43L._SL500_.jpg" alt="Product Image"></a><p>Vital Proteins Collagen Peptides Powder, Promotes Hair, Nail, Skin, Bone and Joint Health, Zero Sugar, Unflavored 9.33 OZ</p><p>$20.14 ($2.16 / Ounce)</p><a href="https://www.amazon.com/dp/B09RQBHRCT?tag=eloabder-20&linkCode=osi&th=1&psc=1">View Product</a></div><div class="product"><a href="https://www.amazon.com/dp/B00K6JUG4K?tag=eloabder-20&linkCode=osi&th=1&psc=1"><img src="https://m.media-amazon.com/images/I/41wLQfDnEKL._SL500_.jpg" alt="Product Image"></a><p>Vital Proteins Collagen Peptides Powder with Hyaluronic Acid and Vitamin C, Unflavored, 20 oz</p><p>$46.99 ($2.35 / Ounce)</p><a href="https://www.amazon.com/dp/B00K6JUG4K?tag=eloabder-20&linkCode=osi&th=1&psc=1">View Product</a></div><div class="product"><a href="https://www.amazon.com/dp/B07WZVX3L1?tag=eloabder-20&linkCode=osi&th=1&psc=1"><img src="https://m.media-amazon.com/images/I/41FQaGyTUlL._SL500_.jpg" alt="Product Image"></a><p>Vital Vitamins Collagen for Women & Men - Type I, II, III, V, X Multi Collagen Pills - Grass Fed, Non-GMO - 150 Capsules</p><p>$22.85 ($0.15 / Count)</p><a href="https://www.amazon.com/dp/B07WZVX3L1?tag=eloabder-20&linkCode=osi&th=1&psc=1">View Product</a></div><div class="product"><a href="https://www.amazon.com/dp/B01BHF3OMW?tag=eloabder-20&linkCode=osi&th=1&psc=1"><img src="https://m.media-amazon.com/images/I/41dMvUDFrgL._SL500_.jpg" alt="Product Image"></a><p>Micro Ingredients Multi Collagen Protein Powder, 2 Pounds – Type I,II,III,V,X with Biotin, Hyaluronic Acid, Vitamin C – Unflavored Collagen Peptides – Keto & Paleo Friendly, Easy Dissolve, Non-GMO</p><p>$49.95 ($1.56 / Ounce)</p><a href="https://www.amazon.com/dp/B01BHF3OMW?tag=eloabder-20&linkCode=osi&th=1&psc=1">View Product</a></div><div class="product"><a href="https://www.amazon.com/dp/B085GB45VK?tag=eloabder-20&linkCode=osi&th=1&psc=1"><img src="https://m.media-amazon.com/images/I/51gvq703LsL._SL500_.jpg" alt="Product Image"></a><p>Primal Harvest Collagen Powder for Women or Men Primal Collagen Peptides Powder Type I & III, 10 Oz Collagen Protein Powder for Hair, Skin, Nails (Single, Original)</p><p>$36.95 ($3.70 / Ounce)</p><a href="https://www.amazon.com/dp/B085GB45VK?tag=eloabder-20&linkCode=osi&th=1&psc=1">View Product</a></div><div class="product"><a href="https://www.amazon.com/dp/B005KG7EDU?tag=eloabder-20&linkCode=osi&th=1&psc=1"><img src="https://m.media-amazon.com/images/I/41hWRb-uSmL._SL500_.jpg" alt="Product Image"></a><p>Great Lakes Wellness Collagen Peptides Powder for Skin, Hair, Nails, Joints & Digestion - Unflavored - Quick Dissolve Hydrolyzed, Non-GMO, Keto, Kosher - 16oz - Packaging May Vary</p><p>$32.82 ($2.05 / Ounce)</p><a href="https://www.amazon.com/dp/B005KG7EDU?tag=eloabder-20&linkCode=osi&th=1&psc=1">View Product</a></div><div class="product"><a href="https://www.amazon.com/dp/B071S8D69C?tag=eloabder-20&linkCode=osi&th=1&psc=1"><img src="https://m.media-amazon.com/images/I/41E-Q4q+kWL._SL500_.jpg" alt="Product Image"></a><p>Anthony's Collagen Peptide Powder, 1 lb, Pure Hydrolyzed, Gluten Free, Keto and Paleo Friendly, Grass Fed, Unflavored, Non GMO</p><p>$22.99 ($1.44 / Ounce)</p><a href="https://www.amazon.com/dp/B071S8D69C?tag=eloabder-20&linkCode=osi&th=1&psc=1">View Product</a></div><div class="product"><a href="https://www.amazon.com/dp/B07K4SK9SY?tag=eloabder-20&linkCode=osi&th=1&psc=1"><img src="https://m.media-amazon.com/images/I/51t8W8AmaFL._SL500_.jpg" alt="Product Image"></a><p>Garden of Life Grass Fed Collagen Peptides Powder – Unflavored Collagen Powder for Women Men Hair Skin Nails Joints, Hydrolyzed Collagen Protein Supplements, Post Workout, Paleo & Keto, 28 Servings</p><p>$30.91 ($1.56 / Ounce)</p><a href="https://www.amazon.com/dp/B07K4SK9SY?tag=eloabder-20&linkCode=osi&th=1&psc=1">View Product</a></div>
<div class="product"><a href="https://www.amazon.com/dp/B07JMHNP9F?tag=eloabder-20&linkCode=osi&th=1&psc=1"><img src="https://m.media-amazon.com/images/I/616tKX8dAxL._SL500_.jpg" alt="Product Image"></a><p>Prebiotics for Advanced Gut Health - Immune System Support & Dietary Fiber - Fuels Good Bacteria Growth to Promote Digestive Health - Gas & Digestion Support - Probiotics for Men & Women - 60 Capsules</p><p>$19.97 ($0.33 / Count)</p><a href="https://www.amazon.com/dp/B07JMHNP9F?tag=eloabder-20&linkCode=osi&th=1&psc=1">View Product</a></div><div class="product"><a href="https://www.amazon.com/dp/B07VYMQF6M?tag=eloabder-20&linkCode=osi&th=1&psc=1"><img src="https://m.media-amazon.com/images/I/51Y0hMBp3NL._SL500_.jpg" alt="Product Image"></a><p>Prebiotics and Probiotic with Whole Food Enzymes for Adults Women & Men - Probiotics Lactobacillus Acidophilus - Digestive Health Capsules Shelf Stable Supplement - Non-GMO Gluten & Dairy Free -30ct</p><p>$19.97 ($0.67 / Count)</p><a href="https://www.amazon.com/dp/B07VYMQF6M?tag=eloabder-20&linkCode=osi&th=1&psc=1">View Product</a></div><div class="product"><a href="https://www.amazon.com/dp/B0BRTJ7BJ1?tag=eloabder-20&linkCode=osi&th=1&psc=1"><img src="https://m.media-amazon.com/images/I/51JFiTJs6ZL._SL500_.jpg" alt="Product Image"></a><p>Physician's CHOICE Prebiotic-Probiotic - Multi-Strain Probiotics & Synergistic Prebiotics -Designed for Digestive Health, Supporting Gut Microbiome - Powerful PrePro for Gut Health - for Women & Men</p><p>$18.97 ($0.63 / Count)</p><a href="https://www.amazon.com/dp/B0BRTJ7BJ1?tag=eloabder-20&linkCode=osi&th=1&psc=1">View Product</a></div><div class="product"><a href="https://www.amazon.com/dp/B0CPN9NK38?tag=eloabder-20&linkCode=osi&th=1&psc=1"><img src="https://m.media-amazon.com/images/I/41hL4HSQxwL._SL500_.jpg" alt="Product Image"></a><p>OLLY Probiotic + Prebiotic Gummy, Digestive Support and Gut Health, 500 Million CFUs, Fiber, Adult Chewable Supplement for Men and Women, Peach, 30 Day Supply - 60 Count</p><p>$21.35 ($0.36 / Count)</p><a href="https://www.amazon.com/dp/B0CPN9NK38?tag=eloabder-20&linkCode=osi&th=1&psc=1">View Product</a></div><div class="product"><a href="https://www.amazon.com/dp/B07GPFB6FJ?tag=eloabder-20&linkCode=osi&th=1&psc=1"><img src="https://m.media-amazon.com/images/I/41IkSyAmJOL._SL500_.jpg" alt="Product Image"></a><p>Amazon Basics Prebiotic & Probiotic Gummies, 2 Billion CFU, Blue Raspberry, 50 Count (2 per Serving) (Previously Solimo)</p><p>$9.21 ($0.18 / Count)</p><a href="https://www.amazon.com/dp/B07GPFB6FJ?tag=eloabder-20&linkCode=osi&th=1&psc=1">View Product</a></div><div class="product"><a href="https://www.amazon.com/dp/B01FICESXE?tag=eloabder-20&linkCode=osi&th=1&psc=1"><img src="https://m.media-amazon.com/images/I/41wI-mGIidL._SL500_.jpg" alt="Product Image"></a><p>Dr. Tobias Prebiotics, Supports Digestion & Gut Health, Feed Good Probiotic Bacteria, Boost Gut Immune Function, Vegan & Non-GMO Gut Health Supplements for Men and Women, 30 Capsules, 30 Servings</p><p>$25.99 ($0.87 / Count)</p><a href="https://www.amazon.com/dp/B01FICESXE?tag=eloabder-20&linkCode=osi&th=1&psc=1">View Product</a></div><div class="product"><a href="https://www.amazon.com/dp/B0CGMMYWR5?tag=eloabder-20&linkCode=osi&th=1&psc=1"><img src="https://m.media-amazon.com/images/I/414k9euXCUL._SL500_.jpg" alt="Product Image"></a><p>Horbäach Prebiotic for Men and Women | 120 Powder Pills | High Strength & Premium Quality Supplement | Non-GMO & Gluten Free Quick Release Capsules</p><p>$9.99 ($0.08 / Count)</p><a href="https://www.amazon.com/dp/B0CGMMYWR5?tag=eloabder-20&linkCode=osi&th=1&psc=1">View Product</a></div><div class="product"><a href="https://www.amazon.com/dp/B00N1G17GG?tag=eloabder-20&linkCode=osi&th=1&psc=1"><img src="https://m.media-amazon.com/images/I/418Nr2+sCOL._SL500_.jpg" alt="Product Image"></a><p>Earth's Pearl Probiotic Pearls for Women and Men - Kids Probiotic with Prebiotic Fiber - Daily Probiotic for Women and Men - 60-Day Supply of Prebiotics and Probiotics for Women and Men Probiotic</p><p>$23.87 ($0.40 / Count)</p><a href="https://www.amazon.com/dp/B00N1G17GG?tag=eloabder-20&linkCode=osi&th=1&psc=1">View Product</a></div>
<div class="product"><a href="https://www.amazon.com/dp/B00RH5K26I?tag=eloabder-20&linkCode=osi&th=1&psc=1"><img src="https://m.media-amazon.com/images/I/41bQqGtcXwL._SL500_.jpg" alt="Product Image"></a><p>Zenwise Health Digestive Enzymes - Probiotic Multi Enzymes with Probiotics and Prebiotics for Digestive Health and Bloating Relief for Women and Men, Daily Enzymes for Gut and Digestion - 180 Count</p><p>$39.97 ($0.22 / Count)</p><a href="https://www.amazon.com/dp/B00RH5K26I?tag=eloabder-20&linkCode=osi&th=1&psc=1">View Product</a></div><div class="product"><a href="https://www.amazon.com/dp/B0001T0GAE?tag=eloabder-20&linkCode=osi&th=1&psc=1"><img src="https://m.media-amazon.com/images/I/41G271GqUaL._SL500_.jpg" alt="Product Image"></a><p>NOW Supplements, Super Enzymes, Formulated with Bromelain, Ox Bile, Pancreatin and Papain, Super Enzymes,90 Capsules</p><p>$14.31 ($0.16 / Count)</p><a href="https://www.amazon.com/dp/B0001T0GAE?tag=eloabder-20&linkCode=osi&th=1&psc=1">View Product</a></div><div class="product"><a href="https://www.amazon.com/dp/B0016XGOVO?tag=eloabder-20&linkCode=osi&th=1&psc=1"><img src="https://m.media-amazon.com/images/I/41SK0PjZTZL._SL500_.jpg" alt="Product Image"></a><p>Pure Encapsulations Digestive Enzymes Ultra - Vegetarian Digestive Enzyme Supplement to Support Protein, Carb, Fiber, and Dairy Digestion* - 90 Capsules</p><p>$36.20 ($0.40 / Count)</p><a href="https://www.amazon.com/dp/B0016XGOVO?tag=eloabder-20&linkCode=osi&th=1&psc=1">View Product</a></div><div class="product"><a href="https://www.amazon.com/dp/B0009EXOUA?tag=eloabder-20&linkCode=osi&th=1&psc=1"><img src="https://m.media-amazon.com/images/I/41jQAIqtQxL._SL500_.jpg" alt="Product Image"></a><p>Source Naturals Essential Enzymes 500mg Bio-Aligned Multiple Supplement Herbal Defense for Digestion, Gas & Constipation Relief - Strong Immune System Support* - 120 Capsules</p><p>$12.94 ($0.11 / Count)</p><a href="https://www.amazon.com/dp/B0009EXOUA?tag=eloabder-20&linkCode=osi&th=1&psc=1">View Product</a></div><div class="product"><a href="https://www.amazon.com/dp/B00GSP4R6O?tag=eloabder-20&linkCode=osi&th=1&psc=1"><img src="https://m.media-amazon.com/images/I/41oaLuwaf6L._SL500_.jpg" alt="Product Image"></a><p>Pure Encapsulations Digestive Enzymes Ultra with Betaine HCl - Vegetarian Digestive Enzyme Supplement to Support Protein, Carb, Fiber, and Dairy Digestion* - 90 Capsules</p><p>$36.80 ($0.41 / Count)</p><a href="https://www.amazon.com/dp/B00GSP4R6O?tag=eloabder-20&linkCode=osi&th=1&psc=1">View Product</a></div><div class="product"><a href="https://www.amazon.com/dp/B0971P79G2?tag=eloabder-20&linkCode=osi&th=1&psc=1"><img src="https://m.media-amazon.com/images/I/41sjwVKMyyL._SL500_.jpg" alt="Product Image"></a><p>Digestive Enzymes - 800mg Blend of All 10 Most Essential Digestive and Pancreatic Enzymes (Amylase, Lipase, Bromelain, Lactase, Papain, Protease, Cellulase, Maltase, Invertase) by Double Wood</p><p>$18.95 ($0.11 / Count)</p><a href="https://www.amazon.com/dp/B0971P79G2?tag=eloabder-20&linkCode=osi&th=1&psc=1">View Product</a></div><div class="product"><a href="https://www.amazon.com/dp/B07N3X6T57?tag=eloabder-20&linkCode=osi&th=1&psc=1"><img src="https://m.media-amazon.com/images/I/41YXJ96hUCL._SL500_.jpg" alt="Product Image"></a><p>Enzymedica Digest Gold + ATPro Maximum Strength Digestive Enzymes | Prevents Bloating Gas & Indigestion, Natural Digestion Support, Multi Enzyme Amylase, Protease, Lipase & Lactase, 90 Capsules</p><p>$40.12 ($0.45 / Count)</p><a href="https://www.amazon.com/dp/B07N3X6T57?tag=eloabder-20&linkCode=osi&th=1&psc=1">View Product</a></div><div class="product"><a href="https://www.amazon.com/dp/B000Q487DC?tag=eloabder-20&linkCode=osi&th=1&psc=1"><img src="https://m.media-amazon.com/images/I/318ZKbie4-L._SL500_.jpg" alt="Product Image"></a><p>Doctor's Best Digestive Enzymes Non-GMO Vegetarian Gluten Free, 90 Veggie Caps</p><p>$21.95 ($0.24 / Count)</p><a href="https://www.amazon.com/dp/B000Q487DC?tag=eloabder-20&linkCode=osi&th=1&psc=1">View Product</a></div>
<div class="product"><a href="https://www.amazon.com/dp/B093P29P79?tag=eloabder-20&linkCode=osi&th=1&psc=1"><img src="https://m.media-amazon.com/images/I/419UA39m4vL._SL500_.jpg" alt="Product Image"></a><p>8 in 1 Immune Support with Quercetin Zinc 50mg Vitamin C 1000mg Vitamin D3 5000 IU and Elderberry Echinacea Ginger for Adults Kids - Vit D Immunity Defense Booster Supplement Veg Capsules Made in USA</p><p>$24.95 ($0.42 / Count)</p><a href="https://www.amazon.com/dp/B093P29P79?tag=eloabder-20&linkCode=osi&th=1&psc=1">View Product</a></div><div class="product"><a href="https://www.amazon.com/dp/B00MJ7VL1O?tag=eloabder-20&linkCode=osi&th=1&psc=1"><img src="https://m.media-amazon.com/images/I/41dN7-gv40L._SL500_.jpg" alt="Product Image"></a><p>Nature’s Way Sambucus Elderberry Immune Gummies, Daily Immune Support for Kids and Adults*, with Vitamin C, Vitamin D3, Zinc, Gluten Free, Vegetarian, 60 Gummies (Packaging May Vary)</p><p>$14.97 ($0.25 / Count)</p><a href="https://www.amazon.com/dp/B00MJ7VL1O?tag=eloabder-20&linkCode=osi&th=1&psc=1">View Product</a></div><div class="product"><a href="https://www.amazon.com/dp/B09ZYN6Z5R?tag=eloabder-20&linkCode=osi&th=1&psc=1"><img src="https://m.media-amazon.com/images/I/61CzAf44o4L._SL500_.jpg" alt="Product Image"></a><p>12 in 1 Premium Immune Defense Vitamins - Immune Supplement w/ Vitamin D3 5000 IU Vitamin С 1000mg Zinс 50mg - Luxe Choice for Premium Immune Support - With Echinacea Elderberry and Ginger - 120 Caps</p><p>$29.95 ($29.95 / Count)</p><a href="https://www.amazon.com/dp/B09ZYN6Z5R?tag=eloabder-20&linkCode=osi&th=1&psc=1">View Product</a></div><div class="product"><a href="https://www.amazon.com/dp/B08SCKMC3G?tag=eloabder-20&linkCode=osi&th=1&psc=1"><img src="https://m.media-amazon.com/images/I/51coRaMYZjL._SL500_.jpg" alt="Product Image"></a><p>Immune Support Supplement with Zinc Vitamin C Vitamin D 5000 IU Elderberry Ginger D3 Goldenseal - Dr Approved Immunity Vitamins for Adults Women and Men - Natural Immune System Booster Defense -120ct</p><p>$15.97 ($0.13 / Count)</p><a href="https://www.amazon.com/dp/B08SCKMC3G?tag=eloabder-20&linkCode=osi&th=1&psc=1">View Product</a></div><div class="product"><a href="https://www.amazon.com/dp/B08CBBHPTF?tag=eloabder-20&linkCode=osi&th=1&psc=1"><img src="https://m.media-amazon.com/images/I/41U8ywAfz1L._SL500_.jpg" alt="Product Image"></a><p>A Dose of Immunity Quercetin with Vitamin C and Zinc, Vitamin D, 500mg Quercetin Bromelain with Echinacea & B Vitamins, Lung Immune Support Supplement 7 in 1 Immunity Defense Booster (60 Count)</p><p>$19.95 ($0.33 / Count)</p><a href="https://www.amazon.com/dp/B08CBBHPTF?tag=eloabder-20&linkCode=osi&th=1&psc=1">View Product</a></div><div class="product"><a href="https://www.amazon.com/dp/B09HBGLZP8?tag=eloabder-20&linkCode=osi&th=1&psc=1"><img src="https://m.media-amazon.com/images/I/51MHWotEUXL._SL500_.jpg" alt="Product Image"></a><p>8 in 1 Immune Defense Support, Immunity Vitamins Supplement Booster with Zinc 50mg, Vitamin C Elderberry Vit D3 5000 IU, Turmeric Curcumin & Ginger, Echinacea - Allergy Relief for Kids Adults (2 Pack)</p><p>$27.95 ($0.23 / Count)</p><a href="https://www.amazon.com/dp/B09HBGLZP8?tag=eloabder-20&linkCode=osi&th=1&psc=1">View Product</a></div>
<div class="product"><a href="https://www.amazon.com/dp/B0CKVSGYZV?tag=eloabder-20&linkCode=osi&th=1&psc=1"><img src="https://m.media-amazon.com/images/I/41meSPQU9WL._SL500_.jpg" alt="Product Image"></a><p>Basigano Natural Dopamine Supplement for Energy, Focus, Motivation, Mental Alertness, Mood, and Stress - Non-GMO, Gluten-Free - 90 Tablets</p><p>$19.97 ($0.22 / Count)</p><a href="https://www.amazon.com/dp/B0CKVSGYZV?tag=eloabder-20&linkCode=osi&th=1&psc=1">View Product</a></div><div class="product"><a href="https://www.amazon.com/dp/B0B1VRCJ2Z?tag=eloabder-20&linkCode=osi&th=1&psc=1"><img src="https://m.media-amazon.com/images/I/31rFUBNNRlL._SL500_.jpg" alt="Product Image"></a><p>Health by Habit Energy Supplement (60 Capsules) - Natual Caffeine Blend, Vitamins B & C, Supports Energy Levels, Promotes Mental Alertness and Focus, Vegan, Non-GMO, Sugar Free (1 Pack)</p><p>$7.88 ($0.13 / Count)</p><a href="https://www.amazon.com/dp/B0B1VRCJ2Z?tag=eloabder-20&linkCode=osi&th=1&psc=1">View Product</a></div><div class="product"><a href="https://www.amazon.com/dp/B01LXX5Z8Q?tag=eloabder-20&linkCode=osi&th=1&psc=1"><img src="https://m.media-amazon.com/images/I/41YtzgRxe8L._SL500_.jpg" alt="Product Image"></a><p>OLLY Daily Energy Gummy, Caffeine Free, Vitamin B12, CoQ10, Goji Berry, Adult Chewable Supplement, Tropical Flavor - 60 Count</p><p>$12.88 ($0.21 / Count)</p><a href="https://www.amazon.com/dp/B01LXX5Z8Q?tag=eloabder-20&linkCode=osi&th=1&psc=1">View Product</a></div><div class="product"><a href="https://www.amazon.com/dp/B078SJ9F5S?tag=eloabder-20&linkCode=osi&th=1&psc=1"><img src="https://m.media-amazon.com/images/I/41kM5+mO9kL._SL500_.jpg" alt="Product Image"></a><p>Genius Mushroom - Lions Mane, Cordyceps and Reishi - System Booster & Nootropic Supplement - for Energy & Support, 90 Veggie Pills</p><p>$17.55 ($0.20 / Count)</p><a href="https://www.amazon.com/dp/B078SJ9F5S?tag=eloabder-20&linkCode=osi&th=1&psc=1">View Product</a></div><div class="product"><a href="https://www.amazon.com/dp/B0BV4F17B4?tag=eloabder-20&linkCode=osi&th=1&psc=1"><img src="https://m.media-amazon.com/images/I/41UR52LyNJL._SL500_.jpg" alt="Product Image"></a><p>OLLY Extra Strength Daily Energy Gummy, Caffeine Free, 1000mcg Vitamin B12, CoQ10, Goji Berry, Adult Chewable Supplement, Berry Yuzu Flavor - 60 Count</p><p>$15.88 ($0.26 / Count)</p><a href="https://www.amazon.com/dp/B0BV4F17B4?tag=eloabder-20&linkCode=osi&th=1&psc=1">View Product</a></div><div class="product"><a href="https://www.amazon.com/dp/B008PQDCG0?tag=eloabder-20&linkCode=osi&th=1&psc=1"><img src="https://m.media-amazon.com/images/I/51EFLU6zpCL._SL500_.jpg" alt="Product Image"></a><p>Nature Made Super B Energy Complex, Dietary Supplement for Brain Cell Function Support, 60 Softgels, 60 Day Supply</p><p>$9.34 ($0.16 / Count)</p><a href="https://www.amazon.com/dp/B008PQDCG0?tag=eloabder-20&linkCode=osi&th=1&psc=1">View Product</a></div><div class="product"><a href="https://www.amazon.com/dp/B0019CULMA?tag=eloabder-20&linkCode=osi&th=1&psc=1"><img src="https://m.media-amazon.com/images/I/41Yjst8ffCL._SL500_.jpg" alt="Product Image"></a><p>One A Day Energy Multivitamin with Vitamin A, C, D, E, Zinc for Immune Health*, Caffeine, Biotin, B6, B12 & More, 50 Tablets</p><p>$12.95 ($0.26 / Count)</p><a href="https://www.amazon.com/dp/B0019CULMA?tag=eloabder-20&linkCode=osi&th=1&psc=1">View Product</a></div><div class="product"><a href="https://www.amazon.com/dp/B07Q6ZVMK4?tag=eloabder-20&linkCode=osi&th=1&psc=1"><img src="https://m.media-amazon.com/images/I/41rv+HJYEeL._SL500_.jpg" alt="Product Image"></a><p>Acetyl L-Carnitine 1,500 mg High Potency Supports Natural Energy Production, Sports Nutrition, Supports Memory/Focus - 100 Veggie Capsules</p><p>$17.88 ($0.18 / Count)</p><a href="https://www.amazon.com/dp/B07Q6ZVMK4?tag=eloabder-20&linkCode=osi&th=1&psc=1">View Product</a></div>
<div class="product"><a href="https://www.amazon.com/dp/B01M5DEMWI?tag=eloabder-20&linkCode=osi&th=1&psc=1"><img src="https://m.media-amazon.com/images/I/410zXYEJpKL._SL500_.jpg" alt="Product Image"></a><p>Arazo Nutrition Glucosamine Chondroitin Turmeric Msm Boswellia - Joint Support Supplement for Relief 180 Tablets for Bones, Back, Knees, Hands (180 Tablets)</p><p>$25.95 ($0.14 / Count)</p><a href="https://www.amazon.com/dp/B01M5DEMWI?tag=eloabder-20&linkCode=osi&th=1&psc=1">View Product</a></div><div class="product"><a href="https://www.amazon.com/dp/B07SSVYMJV?tag=eloabder-20&linkCode=osi&th=1&psc=1"><img src="https://m.media-amazon.com/images/I/41nKoj5uWZL._SL500_.jpg" alt="Product Image"></a><p>Kirkland Signature Triple Action Joint Health, UC•ll Undenatured Type II Collagen, Boron, Hyaluronic Acid,with Boron,110 Coated Tablets(Pack of 2)</p><p>$51.47 ($0.23 / Count)</p><a href="https://www.amazon.com/dp/B07SSVYMJV?tag=eloabder-20&linkCode=osi&th=1&psc=1">View Product</a></div><div class="product"><a href="https://www.amazon.com/dp/B07VLJN7C6?tag=eloabder-20&linkCode=osi&th=1&psc=1"><img src="https://m.media-amazon.com/images/I/51DwRUN7v6L._SL500_.jpg" alt="Product Image"></a><p>Move Free Ultra Triple Action Joint Support Supplement - Type II Collagen Boron & Hyaluronic Acid - Supports Joint Comfort, Cartiliage & Bones in 1 Tiny Pill Per Day, 64 Tablets (64 servings)*</p><p>$20.47 ($0.32 / Count)</p><a href="https://www.amazon.com/dp/B07VLJN7C6?tag=eloabder-20&linkCode=osi&th=1&psc=1">View Product</a></div><div class="product"><a href="https://www.amazon.com/dp/B0CZBMTDTQ?tag=eloabder-20&linkCode=osi&th=1&psc=1"><img src="https://m.media-amazon.com/images/I/51-QUiTWfiL._SL500_.jpg" alt="Product Image"></a><p>Qunol 5-in-1 Joint Support Supplement, Fast Acting, One Pill Dose, Support Healthy Inflammation Response & Discomfort Caused by Overuse of Joints, Alternative to Glucosamine Chondroitin MSM, 45 Count</p><p>$22.49 ($0.50 / Count)</p><a href="https://www.amazon.com/dp/B0CZBMTDTQ?tag=eloabder-20&linkCode=osi&th=1&psc=1">View Product</a></div><div class="product"><a href="https://www.amazon.com/dp/B0082D9QUW?tag=eloabder-20&linkCode=osi&th=1&psc=1"><img src="https://m.media-amazon.com/images/I/413QAFL8wML._SL500_.jpg" alt="Product Image"></a><p>Osteo Bi-Flex One Per Day, Glucosamine Joint Health Supplement with Vitamin D, Coated Tablets, 60 Count</p><p>$18.99 ($0.32 / Count)</p><a href="https://www.amazon.com/dp/B0082D9QUW?tag=eloabder-20&linkCode=osi&th=1&psc=1">View Product</a></div><div class="product"><a href="https://www.amazon.com/dp/B001W2MBSE?tag=eloabder-20&linkCode=osi&th=1&psc=1"><img src="https://m.media-amazon.com/images/I/4144YmkKbfL._SL500_.jpg" alt="Product Image"></a><p>Move Free Advanced Glucosamine Chondroitin MSM Joint Support Supplement, Supports Mobility Comfort Strength Flexibility & Bone - 120 Tablets (40 servings)*</p><p>$21.99 ($0.18 / Count)</p><a href="https://www.amazon.com/dp/B001W2MBSE?tag=eloabder-20&linkCode=osi&th=1&psc=1">View Product</a></div><div class="product"><a href="https://www.amazon.com/dp/B01N0T9PFZ?tag=eloabder-20&linkCode=osi&th=1&psc=1"><img src="https://m.media-amazon.com/images/I/51QekqG+VoL._SL500_.jpg" alt="Product Image"></a><p>Member's Mark™ Ultra Triple Action Joint Health</p><p>$36.80 ($0.29 / Count)</p><a href="https://www.amazon.com/dp/B01N0T9PFZ?tag=eloabder-20&linkCode=osi&th=1&psc=1">View Product</a></div><div class="product"><a href="https://www.amazon.com/dp/B0055UFNQG?tag=eloabder-20&linkCode=osi&th=1&psc=1"><img src="https://m.media-amazon.com/images/I/51j+Ymx9G-L._SL500_.jpg" alt="Product Image"></a><p>Osteo Bi-Flex Triple Strength with Vitamin D Glucosamine Chondroitin Joint Health Supplement, Coated Tablets, Red, 120 Count</p><p>$29.49 ($0.25 / Count)</p><a href="https://www.amazon.com/dp/B0055UFNQG?tag=eloabder-20&linkCode=osi&th=1&psc=1">View Product</a></div><div class="product"><a href="https://www.amazon.com/dp/B000059Z77?tag=eloabder-20&linkCode=osi&th=1&psc=1"><img src="https://m.media-amazon.com/images/I/51bPlGhhCzL._SL500_.jpg" alt="Product Image"></a><p>Osteo Bi-Flex Triple Strength(5), Glucosamine Chondroitin with Vitamin C Joint Health Supplement, Coated Tablets, 80 Count (Pack of 1)</p><p>$17.49 ($0.22 / Count)</p><a href="https://www.amazon.com/dp/B000059Z77?tag=eloabder-20&linkCode=osi&th=1&psc=1">View Product</a></div>
<div class="product"><a href="https://www.amazon.com/dp/B08ML6GMY4?tag=eloabder-20&linkCode=osi&th=1&psc=1"><img src="https://m.media-amazon.com/images/I/415l9I+T6aL._SL500_.jpg" alt="Product Image"></a><p>Snap Supplements Heart Health Supplements and Blood Circulation Supplements, 90 Capsules</p><p>$39.95 ($0.44 / Count)</p><a href="https://www.amazon.com/dp/B08ML6GMY4?tag=eloabder-20&linkCode=osi&th=1&psc=1">View Product</a></div><div class="product"><a href="https://www.amazon.com/dp/B0B36DNWQQ?tag=eloabder-20&linkCode=osi&th=1&psc=1"><img src="https://m.media-amazon.com/images/I/41piHVRRu9L._SL500_.jpg" alt="Product Image"></a><p>Heart Health Blood Pressure Support Supplement - Support Blood Pressure & Healthy Circularity Naturally with Hawthorn Berry & Hibiscus.Vitamins Pills for Healthy Hypertension (BP) & Healthy Heart.</p><p>$23.91 ($0.27 / Count)</p><a href="https://www.amazon.com/dp/B0B36DNWQQ?tag=eloabder-20&linkCode=osi&th=1&psc=1">View Product</a></div><div class="product"><a href="https://www.amazon.com/dp/B0BMW8YF9G?tag=eloabder-20&linkCode=osi&th=1&psc=1"><img src="https://m.media-amazon.com/images/I/41CZEmqjJ+L._SL500_.jpg" alt="Product Image"></a><p>Heart Defend-Her Womens Heart Health Supplements – Advanced 3-in-1 Blend with Grape Seed Extract, Vitamin K2 MK-7, and CoQ10 – Support Blood Pressure, Artery and Bone Strength – 60 Vegetarian Capsules</p><p>$12.99 ($0.22 / Count)</p><a href="https://www.amazon.com/dp/B0BMW8YF9G?tag=eloabder-20&linkCode=osi&th=1&psc=1">View Product</a></div><div class="product"><a href="https://www.amazon.com/dp/B00NLYAL5G?tag=eloabder-20&linkCode=osi&th=1&psc=1"><img src="https://m.media-amazon.com/images/I/41t26FosJSL._SL500_.jpg" alt="Product Image"></a><p>Life Extension FLORASSIST Heart Health - 2.5 Billion CFU Heart Health Support Advanced Probiotics Supplement for Men and Women – Gluten-Free, Non-GMO, Vegetarian – 60 Capsules</p><p>$24.00 ($0.40 / Count)</p><a href="https://www.amazon.com/dp/B00NLYAL5G?tag=eloabder-20&linkCode=osi&th=1&psc=1">View Product</a></div><div class="product"><a href="https://www.amazon.com/dp/B07CT1KCY8?tag=eloabder-20&linkCode=osi&th=1&psc=1"><img src="https://m.media-amazon.com/images/I/41uYctPvrhL._SL500_.jpg" alt="Product Image"></a><p>NutraPro Healthy Heart - Heart Health Supplements. Artery Cleanse & Protect. Supports Cholesterol and Triglyceride Balancing. GMP Certified</p><p>$28.91 ($0.32 / Count)</p><a href="https://www.amazon.com/dp/B07CT1KCY8?tag=eloabder-20&linkCode=osi&th=1&psc=1">View Product</a></div><div class="product"><a href="https://www.amazon.com/dp/B000FH11VU?tag=eloabder-20&linkCode=osi&th=1&psc=1"><img src="https://m.media-amazon.com/images/I/31OdjGI-eRL._SL500_.jpg" alt="Product Image"></a><p>THORNE Heart Health Complex - with CoQ10, Taurine and Hawthorn - Coenzyme Q10 Supplement with Minerals, Amino Acids, and Botanicals - 90 Capsules</p><p>$38.00 ($0.42 / Count)</p><a href="https://www.amazon.com/dp/B000FH11VU?tag=eloabder-20&linkCode=osi&th=1&psc=1">View Product</a></div><div class="product"><a href="https://www.amazon.com/dp/B00014JOWU?tag=eloabder-20&linkCode=osi&th=1&psc=1"><img src="https://m.media-amazon.com/images/I/41L4KTA5YkL._SL500_.jpg" alt="Product Image"></a><p>Century Systems - Heart Miracle, Nutritional Supplement for Blood Pressure, Cholesterol, and Cardiovascular Support, 32 Ounce Liquid, 16-32 Servings</p><p>$32.99 ($1.03 / Fl Oz)</p><a href="https://www.amazon.com/dp/B00014JOWU?tag=eloabder-20&linkCode=osi&th=1&psc=1">View Product</a></div><div class="product"><a href="https://www.amazon.com/dp/B07ZTVS5KQ?tag=eloabder-20&linkCode=osi&th=1&psc=1"><img src="https://m.media-amazon.com/images/I/41YIIAodZqL._SL500_.jpg" alt="Product Image"></a><p>Heart Supplements 1650mg for Heart Health Support with CoQ10, L-Arginine, Magnesium, Hawthorn - 22 Natural Heart Vitamins & Extracts to Support Nitric Oxide & Energy Production, and More - 60 Capsules</p><p>$14.62 ($0.24 / Count)</p><a href="https://www.amazon.com/dp/B07ZTVS5KQ?tag=eloabder-20&linkCode=osi&th=1&psc=1">View Product</a></div><div class="product"><a href="https://www.amazon.com/dp/B0B9CF8B52?tag=eloabder-20&linkCode=osi&th=1&psc=1"><img src="https://m.media-amazon.com/images/I/51-GopuoY+L._SL500_.jpg" alt="Product Image"></a><p>YUMMYVITE Heart Health Supplement - Supports Heart Health - 60 Capsules</p><p>$14.99 ($0.25 / Count)</p><a href="https://www.amazon.com/dp/B0B9CF8B52?tag=eloabder-20&linkCode=osi&th=1&psc=1">View Product</a></div>
<div class="product"><a href="https://www.amazon.com/dp/B0B5Y5J6G2?tag=eloabder-20&linkCode=osi&th=1&psc=1"><img src="https://m.media-amazon.com/images/I/41MlY2QgEJL._SL500_.jpg" alt="Product Image"></a><p>Primal Harvest Primal Bone Health Calcium Carbonate Bone Health Complex for Men & Women with Calcium, Magnesium, Zinc, Manganese, Potassium, & L-Carnitine (120 capsules)</p><p>$39.95 ($0.33 / Count)</p><a href="https://www.amazon.com/dp/B0B5Y5J6G2?tag=eloabder-20&linkCode=osi&th=1&psc=1">View Product</a></div><div class="product"><a href="https://www.amazon.com/dp/B009E9YK90?tag=eloabder-20&linkCode=osi&th=1&psc=1"><img src="https://m.media-amazon.com/images/I/41k8JHjszUL._SL500_.jpg" alt="Product Image"></a><p>Life Extension Bone Restore + Vitamin K2 Vitamins & Minerals Maintain Bone Health & Strength - Fortifying Nutrients Calcium, D3 & Important Bone Building Minerals - Non-GMO, Gluten-Free -120 Capsules</p><p>$18.00 ($0.15 / Count)</p><a href="https://www.amazon.com/dp/B009E9YK90?tag=eloabder-20&linkCode=osi&th=1&psc=1">View Product</a></div><div class="product"><a href="https://www.amazon.com/dp/B0716RWHX4?tag=eloabder-20&linkCode=osi&th=1&psc=1"><img src="https://m.media-amazon.com/images/I/51GW4bwdnIL._SL500_.jpg" alt="Product Image"></a><p>NATURELO Calcium Supplement - Bone Strength with Calcium 600mg, Vitamin D3, K2, C, Magnesium Zinc - Plant-Based, 120 Vegetarian Capsules, Non-GMO, Soy & Gluten-Free</p><p>$26.95 ($0.22 / Count)</p><a href="https://www.amazon.com/dp/B0716RWHX4?tag=eloabder-20&linkCode=osi&th=1&psc=1">View Product</a></div><div class="product"><a href="https://www.amazon.com/dp/B0CCXFCR88?tag=eloabder-20&linkCode=osi&th=1&psc=1"><img src="https://m.media-amazon.com/images/I/316DOWXwifL._SL500_.jpg" alt="Product Image"></a><p>NativePath Bone Health Collagen Peptides, Type 1 & 3 Peptides, with Fortibone and Verisol, 7.9 Ounce, 30 Servings</p><p>$62.99 ($7.97 / Ounce)</p><a href="https://www.amazon.com/dp/B0CCXFCR88?tag=eloabder-20&linkCode=osi&th=1&psc=1">View Product</a></div><div class="product"><a href="https://www.amazon.com/dp/B00KTI9Q3U?tag=eloabder-20&linkCode=osi&th=1&psc=1"><img src="https://m.media-amazon.com/images/I/41377DEZNsL._SL500_.jpg" alt="Product Image"></a><p>New Chapter Calcium Supplement - Bone Strength Organic Calcium with Magnesium, Vitamin D3+K2, 70+ Trace Minerals for Bone Health, Gluten Free, Easy to Swallow - 180 Slim Tablets</p><p>$50.96 ($0.28 / Count)</p><a href="https://www.amazon.com/dp/B00KTI9Q3U?tag=eloabder-20&linkCode=osi&th=1&psc=1">View Product</a></div><div class="product"><a href="https://www.amazon.com/dp/B07ZQQWKGN?tag=eloabder-20&linkCode=osi&th=1&psc=1"><img src="https://m.media-amazon.com/images/I/51Z+ZOCtD6L._SL500_.jpg" alt="Product Image"></a><p>Bone Strength Calcium Supplement - With Calcium, Vitamin D3, K2, C, Magnesium, Zinc - 8 Bone-Building Nutrients, High Absorption, Non-Constipating Formula - 120 Veggie Capsules for Optimal Bone Health</p><p>$17.97 ($0.15 / Count)</p><a href="https://www.amazon.com/dp/B07ZQQWKGN?tag=eloabder-20&linkCode=osi&th=1&psc=1">View Product</a></div><div class="product"><a href="https://www.amazon.com/dp/B00CYT33Q8?tag=eloabder-20&linkCode=osi&th=1&psc=1"><img src="https://m.media-amazon.com/images/I/41YDhk963AL._SL500_.jpg" alt="Product Image"></a><p>Redd Remedies, Bone Health Advanced, Natural Support with Calcium and Vitamin K2, 120 Capsules</p><p>$39.99 ($0.33 / Count)</p><a href="https://www.amazon.com/dp/B00CYT33Q8?tag=eloabder-20&linkCode=osi&th=1&psc=1">View Product</a></div><div class="product"><a href="https://www.amazon.com/dp/B0012ZW8TI?tag=eloabder-20&linkCode=osi&th=1&psc=1"><img src="https://m.media-amazon.com/images/I/31oIwyVZXlL._SL500_.jpg" alt="Product Image"></a><p>THORNE Advanced Bone Support‡ - (Formerly Oscap) - Bone Health Supplement with Calcium and Vitamin D - 120 Capsules</p><p>$25.00 ($0.21 / Count)</p><a href="https://www.amazon.com/dp/B0012ZW8TI?tag=eloabder-20&linkCode=osi&th=1&psc=1">View Product</a></div><div class="product"><a href="https://www.amazon.com/dp/B0042CXFDG?tag=eloabder-20&linkCode=osi&th=1&psc=1"><img src="https://m.media-amazon.com/images/I/41iCFN2jDqL._SL500_.jpg" alt="Product Image"></a><p>Premier Research Labs OsteoVen TM, 60 Capsules - Nutraceutical Bone and Joint Formula for Comprehensive Support for Healthy Bones and Joints</p><p>$32.91 ($0.55 / Count)</p><a href="https://www.amazon.com/dp/B0042CXFDG?tag=eloabder-20&linkCode=osi&th=1&psc=1">View Product</a></div><div class="product"><a href="https://www.amazon.com/dp/B0B1N5Z372?tag=eloabder-20&linkCode=osi&th=1&psc=1"><img src="https://m.media-amazon.com/images/I/41yz7a0Qn5L._SL500_.jpg" alt="Product Image"></a><p>ALGAECAL Plus - Organic Red Algae Calcium Supplement, Vitamin K2 MK7 (100mg), Vitamin D3 (1600 IU), Magnesium (350mg) & Trace Minerals, for Bone Health & Strength, Easy to Swallow, 120 Veggie Caps</p><p>$74.00 ($0.62 / Count)</p><a href="https://www.amazon.com/dp/B0B1N5Z372?tag=eloabder-20&linkCode=osi&th=1&psc=1">View Product</a></div>
<div class="product"><a href="https://www.amazon.com/dp/B07PN7FB1R?tag=eloabder-20&linkCode=osi&th=1&psc=1"><img src="https://m.media-amazon.com/images/I/515GHvAy+FL._SL500_.jpg" alt="Product Image"></a><p>Physician's CHOICE Probiotics for Weight Management & Bloating - 6 Probiotic Strains - Prebiotics - Key ingredient Cayenne & Green Tea - Supports Gut Health - Weight Management for Women & Men - 30 CT</p><p>$29.97 ($1.00 / Count)</p><a href="https://www.amazon.com/dp/B07PN7FB1R?tag=eloabder-20&linkCode=osi&th=1&psc=1">View Product</a></div><div class="product"><a href="https://www.amazon.com/dp/B01ANSJV80?tag=eloabder-20&linkCode=osi&th=1&psc=1"><img src="https://m.media-amazon.com/images/I/4124WZb3jhL._SL500_.jpg" alt="Product Image"></a><p>Estroven Weight Management for Menopause Relief - 30 Ct. - Clinically Proven Ingredients Help Manage Weight, Provide Night Sweats & Hot Flash Relief - Drug-Free & Gluten-Free Caplets</p><p>$18.68 ($0.62 / Count)</p><a href="https://www.amazon.com/dp/B01ANSJV80?tag=eloabder-20&linkCode=osi&th=1&psc=1">View Product</a></div><div class="product"><a href="https://www.amazon.com/dp/B08HJBTZMH?tag=eloabder-20&linkCode=osi&th=1&psc=1"><img src="https://m.media-amazon.com/images/I/51HQpbfo4QL._SL500_.jpg" alt="Product Image"></a><p>Culturelle Probiotic Capsules for Healthy Metabolism & Weight Management (Ages 18+) - 30 Count - Helps Manage Weight & Promote Metabolism of Fats, Carbs & Proteins - Caffeine-Free</p><p>$26.99 ($0.90 / Count)</p><a href="https://www.amazon.com/dp/B08HJBTZMH?tag=eloabder-20&linkCode=osi&th=1&psc=1">View Product</a></div><div class="product"><a href="https://www.amazon.com/dp/B003MB26LK?tag=eloabder-20&linkCode=osi&th=1&psc=1"><img src="https://m.media-amazon.com/images/I/41DjVuzo7DL._SL500_.jpg" alt="Product Image"></a><p>Purina Pro Plan Large Breed Weight Management Dog Food, Chicken & Rice Formula - 34 lb. Bag</p><p>$71.98 ($2.12 / Pound)</p><a href="https://www.amazon.com/dp/B003MB26LK?tag=eloabder-20&linkCode=osi&th=1&psc=1">View Product</a></div><div class="product"><a href="https://www.amazon.com/dp/B072F8HRM1?tag=eloabder-20&linkCode=osi&th=1&psc=1"><img src="https://m.media-amazon.com/images/I/51KS6y-EH7L._SL500_.jpg" alt="Product Image"></a><p>AZO Bladder Control with Go-Less® & Weight Management Dietary Supplement | Helps Reduce Occasional Urgency* | Promotes Healthy Metabolism* | Supports a Good Night’s Sleep* | 48 Capsules</p><p>$19.74 ($0.41 / Count)</p><a href="https://www.amazon.com/dp/B072F8HRM1?tag=eloabder-20&linkCode=osi&th=1&psc=1">View Product</a></div><div class="product"><a href="https://www.amazon.com/dp/B0CKFHQPZV?tag=eloabder-20&linkCode=osi&th=1&psc=1"><img src="https://m.media-amazon.com/images/I/519Qr2jD-tL._SL500_.jpg" alt="Product Image"></a><p>21-in-1 Berberine Supplement with Ceylon Cinnamon - Berberine 1500 mg with Chromium, Bitter Melon and Green Tea Extract - Berberine 5X for Weight Management & Metabolism Support with 5279 mg (120 ct)</p><p>$21.95 ($0.18 / Count)</p><a href="https://www.amazon.com/dp/B0CKFHQPZV?tag=eloabder-20&linkCode=osi&th=1&psc=1">View Product</a></div><div class="product"><a href="https://www.amazon.com/dp/B00027D80A?tag=eloabder-20&linkCode=osi&th=1&psc=1"><img src="https://m.media-amazon.com/images/I/41hpUYe6+cL._SL500_.jpg" alt="Product Image"></a><p>Natrol Carb Intercept with Phase 2 Carb Controller Capsules, White kidney bean extract, Helps control carbs, Helps metabolize fats, Clinically tested, Promotes healthy body weight, 1,000mg, 120 Count</p><p>$21.94 ($0.18 / Count)</p><a href="https://www.amazon.com/dp/B00027D80A?tag=eloabder-20&linkCode=osi&th=1&psc=1">View Product</a></div><div class="product"><a href="https://www.amazon.com/dp/B0CYCPG3DM?tag=eloabder-20&linkCode=osi&th=1&psc=1"><img src="https://m.media-amazon.com/images/I/41vkuI2sW7L._SL500_.jpg" alt="Product Image"></a><p>Estroven SlimBiotics, Weight Management Menopause Supplements for Women, 30 Capsules, B Vitamins to Support Metabolic Health, Probiotics for Digestive Health to Provide Gas & Bloating Relief</p><p>$26.58 ($0.89 / Count)</p><a href="https://www.amazon.com/dp/B0CYCPG3DM?tag=eloabder-20&linkCode=osi&th=1&psc=1">View Product</a></div><div class="product"><a href="https://www.amazon.com/dp/B0CBB1H324?tag=eloabder-20&linkCode=osi&th=1&psc=1"><img src="https://m.media-amazon.com/images/I/41RGDg2i1YL._SL500_.jpg" alt="Product Image"></a><p>Berberine Supplement 1200mg - 5X Higher Absorption - Ultra Pure 98% Berberine HCL - Healthy Weight Management, Immune Support - Non GMO, Manufactured in USA - 60 Vegan Capsules</p><p>$29.99 ($0.50 / Count)</p><a href="https://www.amazon.com/dp/B0CBB1H324?tag=eloabder-20&linkCode=osi&th=1&psc=1">View Product</a></div>
<div class="product"><a href="https://www.amazon.com/dp/B00ISAPPLI?tag=eloabder-20&linkCode=osi&th=1&psc=1"><img src="https://m.media-amazon.com/images/I/417-h8k4YML._SL500_.jpg" alt="Product Image"></a><p>Dr. Tobias Colon 14 Day Cleanse, Advanced Gut Cleanse Detox for Women & Men with Cascara Sagrada, Psyllium Husk & Senna Leaf, Non-GMO Colon Cleanse, 28 Capsules 1-2 Daily</p><p>$19.99 ($0.71 / Count)</p><a href="https://www.amazon.com/dp/B00ISAPPLI?tag=eloabder-20&linkCode=osi&th=1&psc=1">View Product</a></div><div class="product"><a href="https://www.amazon.com/dp/B07J9KNS9G?tag=eloabder-20&linkCode=osi&th=1&psc=1"><img src="https://m.media-amazon.com/images/I/31tx0nQjZ9L._SL500_.jpg" alt="Product Image"></a><p>JSHealth Vitamins Detox and Debloat Liver Health Formula | Liver Detox Pills | Debloating Formula with Milk Thistle, Turmeric, Fennel | Liver Cleanse Supplement (60 Tablets)</p><p>$37.99 ($0.63 / Count)</p><a href="https://www.amazon.com/dp/B07J9KNS9G?tag=eloabder-20&linkCode=osi&th=1&psc=1">View Product</a></div><div class="product"><a href="https://www.amazon.com/dp/B095H6GR19?tag=eloabder-20&linkCode=osi&th=1&psc=1"><img src="https://m.media-amazon.com/images/I/41cAOGEXneL._SL500_.jpg" alt="Product Image"></a><p>Colon Cleanser Detox for Weight Flush - 15 Day Intestinal Cleanse Pills & Probiotic - Fast Natural Laxative for Constipation Relief - Bowel Movement Supplements for Stomach Bloating, Gut Loss Support</p><p>$9.95 ($0.33 / Count)</p><a href="https://www.amazon.com/dp/B095H6GR19?tag=eloabder-20&linkCode=osi&th=1&psc=1">View Product</a></div><div class="product"><a href="https://www.amazon.com/dp/B0C9N21MB9?tag=eloabder-20&linkCode=osi&th=1&psc=1"><img src="https://m.media-amazon.com/images/I/41VtUHf8FIL._SL500_.jpg" alt="Product Image"></a><p>Bronson Liver Detox Advanced Detox & Cleansing Formula Supports Health Liver Function with Milk Thistle, Dandelion Root, Turmeric, Artichoke Leaf & More, Non-GMO, 60 Vegetarian Capsules</p><p>$9.99 ($0.17 / Count)</p><a href="https://www.amazon.com/dp/B0C9N21MB9?tag=eloabder-20&linkCode=osi&th=1&psc=1">View Product</a></div><div class="product"><a href="https://www.amazon.com/dp/B0CZDXGW2H?tag=eloabder-20&linkCode=osi&th=1&psc=1"><img src="https://m.media-amazon.com/images/I/519ruoENRPL._SL500_.jpg" alt="Product Image"></a><p>90,000 MG Detox and Liver Cleanser, Full Body Detox Cleanse, Fast Detox, Natural Toxins Remove, Natural Herbal Premium Formula for Liver, Urinary Tract, Digestion & Mood, Made in USA, 60 Caps</p><p>$27.99 ($0.47 / Count)</p><a href="https://www.amazon.com/dp/B0CZDXGW2H?tag=eloabder-20&linkCode=osi&th=1&psc=1">View Product</a></div><div class="product"><a href="https://www.amazon.com/dp/B0CLH9BQ22?tag=eloabder-20&linkCode=osi&th=1&psc=1"><img src="https://m.media-amazon.com/images/I/31rR+aA0rBL._SL500_.jpg" alt="Product Image"></a><p>Bella All Natural Extreme Detox Powder - Mango</p><p>$35.00 ($2.48 / Ounce)</p><a href="https://www.amazon.com/dp/B0CLH9BQ22?tag=eloabder-20&linkCode=osi&th=1&psc=1">View Product</a></div><div class="product"><a href="https://www.amazon.com/dp/B01AVJGHW4?tag=eloabder-20&linkCode=osi&th=1&psc=1"><img src="https://m.media-amazon.com/images/I/51xGQHea+JL._SL500_.jpg" alt="Product Image"></a><p>Century Systems The Cleaner Detox, Powerful 7-Day Complete Internal Cleansing Formula for Men, Support Digestive Health, 52 Vegetarian Capsules</p><p>$15.55 ($0.30 / Count)</p><a href="https://www.amazon.com/dp/B01AVJGHW4?tag=eloabder-20&linkCode=osi&th=1&psc=1">View Product</a></div><div class="product"><a href="https://www.amazon.com/dp/B07D4372Y8?tag=eloabder-20&linkCode=osi&th=1&psc=1"><img src="https://m.media-amazon.com/images/I/41BJ0OX9gML._SL500_.jpg" alt="Product Image"></a><p>Herbal Nitro My Gentle Detox - Fast, Gentle Constipation Relief in 1 Day - All-Natural Colon Cleanse Detox Pills for Women & Men - Helps Reduce Bloating, Gas, Irregularity - 30 Capsules</p><p>$27.97 ($0.93 / Count)</p><a href="https://www.amazon.com/dp/B07D4372Y8?tag=eloabder-20&linkCode=osi&th=1&psc=1">View Product</a></div><div class="product"><a href="https://www.amazon.com/dp/B016BAO0LW?tag=eloabder-20&linkCode=osi&th=1&psc=1"><img src="https://m.media-amazon.com/images/I/41CEuhtv5jL._SL500_.jpg" alt="Product Image"></a><p>Purely Inspired 7-Day Detox Cleanse - Whole Body Cleanse & Detox Pills for Women & Men, Powered with Senna Leaf, Vitamin C, Apple Cider Vinegar, Digestive Enzymes & Probiotics - 42 Acai Berry Capsules</p><p>$11.23 ($0.27 / Count)</p><a href="https://www.amazon.com/dp/B016BAO0LW?tag=eloabder-20&linkCode=osi&th=1&psc=1">View Product</a></div><div class="product"><a href="https://www.amazon.com/dp/B0CRMVWKL4?tag=eloabder-20&linkCode=osi&th=1&psc=1"><img src="https://m.media-amazon.com/images/I/41wTqdC2eiL._SL500_.jpg" alt="Product Image"></a><p>28-in-1 Liver Cleanse with Milk Thistle, Artichoke & Apple Cider Vinegar - Liver Cleanse Detox & Repair Heath Formula Liver Support Supplement 60 Vegan Capsules</p><p>$24.99 ($0.42 / Count)</p><a href="https://www.amazon.com/dp/B0CRMVWKL4?tag=eloabder-20&linkCode=osi&th=1&psc=1">View Product</a></div>
<div class="product"><a href="https://www.amazon.com/dp/B08DP57QF5?tag=eloabder-20&linkCode=osi&th=1&psc=1"><img src="https://m.media-amazon.com/images/I/41fG9e3QHeL._SL500_.jpg" alt="Product Image"></a><p>Inno Cleanse - Waist Trimming Complex | Digestive System Support & Aid | Reduced Bloating | Improves Energy Levels | Gluten Free, Vegan Friendly</p><p>$43.99 ($0.73 / Count)</p><a href="https://www.amazon.com/dp/B08DP57QF5?tag=eloabder-20&linkCode=osi&th=1&psc=1">View Product</a></div><div class="product"><a href="https://www.amazon.com/dp/B0015R3L5S?tag=eloabder-20&linkCode=osi&th=1&psc=1"><img src="https://m.media-amazon.com/images/I/51LB3xPDZ+L._SL500_.jpg" alt="Product Image"></a><p>Renew Life Detox Cleanse More, Reduces Bloating and Restores Regularity, Overnight Constipation Relief, Soy, Dairy and gluten-free, 100 Capsules</p><p>$24.99 ($0.25 / Count)</p><a href="https://www.amazon.com/dp/B0015R3L5S?tag=eloabder-20&linkCode=osi&th=1&psc=1">View Product</a></div><div class="product"><a href="https://www.amazon.com/dp/B00CGFKD4K?tag=eloabder-20&linkCode=osi&th=1&psc=1"><img src="https://m.media-amazon.com/images/I/31mtuMnrYaL._SL500_.jpg" alt="Product Image"></a><p>Health Plus Super Colon Cleanse 10 Day Gentle Gut Cleanse Detox, Psyllium Husk, Probiotics for Constipation Relief & Digestive Support, 60 Capsules</p><p>$12.99 ($0.22 / Count)</p><a href="https://www.amazon.com/dp/B00CGFKD4K?tag=eloabder-20&linkCode=osi&th=1&psc=1">View Product</a></div><div class="product"><a href="https://www.amazon.com/dp/B000W6N3B0?tag=eloabder-20&linkCode=osi&th=1&psc=1"><img src="https://m.media-amazon.com/images/I/513eRgpwDzL._SL500_.jpg" alt="Product Image"></a><p>Nature's Secret Ultimate Cleanse 2-Part Total Body Detoxification & Elimination Supports Digestion, Wellness, Colon Health & Regularity - Multi-Herb Digestion & Multi-Fiber Cleanse - 240 Tablets</p><p>$26.24 ($0.11 / Count)</p><a href="https://www.amazon.com/dp/B000W6N3B0?tag=eloabder-20&linkCode=osi&th=1&psc=1">View Product</a></div><div class="product"><a href="https://www.amazon.com/dp/B076QGVCTJ?tag=eloabder-20&linkCode=osi&th=1&psc=1"><img src="https://m.media-amazon.com/images/I/51mTNryXDDL._SL500_.jpg" alt="Product Image"></a><p>CLEANSE on the go - 3 Day Juice Cleanse - Just Add Water - 21 Powder Packets</p><p>$64.95 ($64.95 / Count)</p><a href="https://www.amazon.com/dp/B076QGVCTJ?tag=eloabder-20&linkCode=osi&th=1&psc=1">View Product</a></div>

<div class="product"><a href="https://www.amazon.com/dp/B08LQZCR3L?tag=eloabder-20&linkCode=osi&th=1&psc=1"><img src="https://m.media-amazon.com/images/I/41HE+7tML2L._SL500_.jpg" alt="Product Image"></a><p>OLLY Ultra Strength Goodbye Stress Softgels, GABA, Ashwagandha, L-Theanine and Lemon Balm, Stress Relief Supplement - 60 Count</p><p>$19.99 ($0.33 / Count)</p><a href="https://www.amazon.com/dp/B08LQZCR3L?tag=eloabder-20&linkCode=osi&th=1&psc=1">View Product</a></div><div class="product"><a href="https://www.amazon.com/dp/B07PWMXMZ6?tag=eloabder-20&linkCode=osi&th=1&psc=1"><img src="https://m.media-amazon.com/images/I/41VD6DY7HqL._SL500_.jpg" alt="Product Image"></a><p>Nature's Bounty Anxiety & Stress Relief Ashwagandha Ksm-66 Tablets, 50 Count</p><p>$10.98 ($0.22 / Count)</p><a href="https://www.amazon.com/dp/B07PWMXMZ6?tag=eloabder-20&linkCode=osi&th=1&psc=1">View Product</a></div><div class="product"><a href="https://www.amazon.com/dp/B08VYWSVVF?tag=eloabder-20&linkCode=osi&th=1&psc=1"><img src="https://m.media-amazon.com/images/I/41Ho+8wPa0L._SL500_.jpg" alt="Product Image"></a><p>Boiron StressCalm for Relief of Stress, Anxiousness, Nervousness, Irritability, and Fatigue - 60 Count</p><p>$9.99 ($0.17 / Count)</p><a href="https://www.amazon.com/dp/B08VYWSVVF?tag=eloabder-20&linkCode=osi&th=1&psc=1">View Product</a></div><div class="product"><a href="https://www.amazon.com/dp/B09SR84773?tag=eloabder-20&linkCode=osi&th=1&psc=1"><img src="https://m.media-amazon.com/images/I/41ZCNv-yCrL._SL500_.jpg" alt="Product Image"></a><p>Nature Made Wellblends Stress Relief Gummies, L theanine 200mg to Help Reduce Stress, with GABA 100mg, Same Day Stress Support, 40 Strawberry Flavor Gummies</p><p>$18.09 ($0.45 / Count)</p><a href="https://www.amazon.com/dp/B09SR84773?tag=eloabder-20&linkCode=osi&th=1&psc=1">View Product</a></div><div class="product"><a href="https://www.amazon.com/dp/B08JTDM8JX?tag=eloabder-20&linkCode=osi&th=1&psc=1"><img src="https://m.media-amazon.com/images/I/51UKAPsnDSL._SL500_.jpg" alt="Product Image"></a><p>Zenium - Relieve Stress, Tension, Worry, Nervousness, & Irritability | Calm The Mind & Body | Ayurvedic | Natural Relief Supplement | Boosts Mood | Ashwagandha, L-Theanine, GABA, Rhodiola |60 Capsules</p><p>$28.60 ($0.32 / Count)</p><a href="https://www.amazon.com/dp/B08JTDM8JX?tag=eloabder-20&linkCode=osi&th=1&psc=1">View Product</a></div><div class="product"><a href="https://www.amazon.com/dp/B01M1HYRNJ?tag=eloabder-20&linkCode=osi&th=1&psc=1"><img src="https://m.media-amazon.com/images/I/41cyJuNhkJL._SL500_.jpg" alt="Product Image"></a><p>OLLY Goodbye Stress Gummy, GABA, L-Theanine, Lemon Balm, Stress Relief Supplement, Berry - 42 Count</p><p>$11.99 ($0.29 / Count)</p><a href="https://www.amazon.com/dp/B01M1HYRNJ?tag=eloabder-20&linkCode=osi&th=1&psc=1">View Product</a></div><div class="product"><a href="https://www.amazon.com/dp/B0D3584KTT?tag=eloabder-20&linkCode=osi&th=1&psc=1"><img src="https://m.media-amazon.com/images/I/314M3cMtYEL._SL500_.jpg" alt="Product Image"></a><p>Habit Stress Relief Supplement (60 Capsules) - New Look, Supports Relaxation & Mood Balance, Vitamin B, Adaptogens, Lemon Balm, Calming, Vegan, Non-GMO (1 Pack)</p><p>$7.99 ($0.13 / Count)</p><a href="https://www.amazon.com/dp/B0D3584KTT?tag=eloabder-20&linkCode=osi&th=1&psc=1">View Product</a></div><div class="product"><a href="https://www.amazon.com/dp/B0B7YVVCJD?tag=eloabder-20&linkCode=osi&th=1&psc=1"><img src="https://m.media-amazon.com/images/I/41FfvHvKl7L._SL500_.jpg" alt="Product Image"></a><p>Primal Harvest Stress Relief Supplement for Women and Men Pure Ashwagandha Root Extract, L-Theanine Supplements, 30 Capsules</p><p>$39.95 ($1.33 / Count)</p><a href="https://www.amazon.com/dp/B0B7YVVCJD?tag=eloabder-20&linkCode=osi&th=1&psc=1">View Product</a></div><div class="product"><a href="https://www.amazon.com/dp/B08F2TY6SQ?tag=eloabder-20&linkCode=osi&th=1&psc=1"><img src="https://m.media-amazon.com/images/I/41zMS+Vdv7L._SL500_.jpg" alt="Product Image"></a><p>Stress Relief Gummies for Adults | with Gaba, L Theanine and Lemon Balm | Lemon Strawberry Gummies | Non-GMO, Gluten Free Supplement | by Nature's Truth</p><p>$9.99 ($0.21 / Count)</p><a href="https://www.amazon.com/dp/B08F2TY6SQ?tag=eloabder-20&linkCode=osi&th=1&psc=1">View Product</a></div>
<div class="product"><a href="https://www.amazon.com/dp/B07PBZRDJN?tag=eloabder-20&linkCode=osi&th=1&psc=1"><img src="https://m.media-amazon.com/images/I/51mpObXjYwL._SL500_.jpg" alt="Product Image"></a><p>NEURIVA Plus Brain Supplement for Memory and Focus Clinically Tested Nootropics for Concentration for Mental Clarity, Cognitive Enhancement Vitamins B6, B12, Phosphatidylserine 30 Capsules</p><p>$29.78 ($0.99 / Count)</p><a href="https://www.amazon.com/dp/B07PBZRDJN?tag=eloabder-20&linkCode=osi&th=1&psc=1">View Product</a></div><div class="product"><a href="https://www.amazon.com/dp/B01JIKQDPS?tag=eloabder-20&linkCode=osi&th=1&psc=1"><img src="https://m.media-amazon.com/images/I/41Ezne379HL._SL500_.jpg" alt="Product Image"></a><p>Nootropics Brain Support Supplement - Mental Focus Nootropic Memory Supplement for Brain Health & and Performance Blend, with Energy and Vitamins DMAE Bacopa and Phosphatidylserine Capsule</p><p>$19.55 ($0.33 / Count)</p><a href="https://www.amazon.com/dp/B01JIKQDPS?tag=eloabder-20&linkCode=osi&th=1&psc=1">View Product</a></div><div class="product"><a href="https://www.amazon.com/dp/B07Q5DZJTK?tag=eloabder-20&linkCode=osi&th=1&psc=1"><img src="https://m.media-amazon.com/images/I/414Ts8+w+YL._SL500_.jpg" alt="Product Image"></a><p>DR. EMIL NUTRITION 2100mg Organic Lions Mane Supplement Capsules - Focus, Mental Clarity & Cognition - Nootropic Lion's Mane Mushroom Supplement with Organic Lions Mane</p><p>$22.85 ($0.25 / Count)</p><a href="https://www.amazon.com/dp/B07Q5DZJTK?tag=eloabder-20&linkCode=osi&th=1&psc=1">View Product</a></div><div class="product"><a href="https://www.amazon.com/dp/B07WT6RLX9?tag=eloabder-20&linkCode=osi&th=1&psc=1"><img src="https://m.media-amazon.com/images/I/51o6VcG9A4L._SL500_.jpg" alt="Product Image"></a><p>ONNIT Alpha Brain Premium Nootropic Brain Supplement, 30 Count, for Men & Women - Caffeine-Free Focus Capsules for Concentration, Brain Booster & Memory Support</p><p>$29.71 ($0.99 / Count)</p><a href="https://www.amazon.com/dp/B07WT6RLX9?tag=eloabder-20&linkCode=osi&th=1&psc=1">View Product</a></div><div class="product"><a href="https://www.amazon.com/dp/B06XP35CN9?tag=eloabder-20&linkCode=osi&th=1&psc=1"><img src="https://m.media-amazon.com/images/I/41mC1EgSjWL._SL500_.jpg" alt="Product Image"></a><p>Advanced Nootropics Brain Support Supplement - Synergetic Mental Energy and Focus Supplement with Brain Vitamins for Cognitive Enhancement - Mind and Memory Supplement for Brain Health (30 Servings)</p><p>$13.78 ($0.23 / Count)</p><a href="https://www.amazon.com/dp/B06XP35CN9?tag=eloabder-20&linkCode=osi&th=1&psc=1">View Product</a></div><div class="product"><a href="https://www.amazon.com/dp/B0C8ZHNVHK?tag=eloabder-20&linkCode=osi&th=1&psc=1"><img src="https://m.media-amazon.com/images/I/51LyeYCadbL._SL500_.jpg" alt="Product Image"></a><p>Switch, Brain Boosting Nootropic Energy Supplement, Increase Mental Focus & Cognitive Function, Enhances Mood & Memory, Alpha GPC, Ashwagandha, Sugar Free Energy Powder-Keto</p><p>$49.99 ($8.91 / Ounce)</p><a href="https://www.amazon.com/dp/B0C8ZHNVHK?tag=eloabder-20&linkCode=osi&th=1&psc=1">View Product</a></div><div class="product"><a href="https://www.amazon.com/dp/B0BXTN1V7F?tag=eloabder-20&linkCode=osi&th=1&psc=1"><img src="https://m.media-amazon.com/images/I/513JW5FoUhL._SL500_.jpg" alt="Product Image"></a><p>NEURIVA Ultra Decaffeinated Clinically Tested Nootropic Brain Supplement for Mental Alertness, Memory, Focus & Concentration, Cognivive, Neurofactor, Phosphatidylserine, Vitamins B6 B12, 60 Capsules</p><p>$69.99 ($1.17 / Count)</p><a href="https://www.amazon.com/dp/B0BXTN1V7F?tag=eloabder-20&linkCode=osi&th=1&psc=1">View Product</a></div><div class="product"><a href="https://www.amazon.com/dp/B07RP44QPT?tag=eloabder-20&linkCode=osi&th=1&psc=1"><img src="https://m.media-amazon.com/images/I/414Ge8If89L._SL500_.jpg" alt="Product Image"></a><p>Vital Vitamins Brain Supplements for Memory and Focus - Nootropic Brain Support - Memory, Clarity, Focus, Energy - Vitamin B12, Gingko Biloba, DMAE</p><p>$21.01 ($0.70 / Count)</p><a href="https://www.amazon.com/dp/B07RP44QPT?tag=eloabder-20&linkCode=osi&th=1&psc=1">View Product</a></div><div class="product"><a href="https://www.amazon.com/dp/B00GQVA728?tag=eloabder-20&linkCode=osi&th=1&psc=1"><img src="https://m.media-amazon.com/images/I/41XREocXS9L._SL500_.jpg" alt="Product Image"></a><p>NOW Essential Oils, Mental Focus Oil Blend, Centering Aromatherapy Scent, Blend of Pure Essential Oils, Vegan, Child Resistant Cap, 1-Ounce</p><p>$9.99</p><a href="https://www.amazon.com/dp/B00GQVA728?tag=eloabder-20&linkCode=osi&th=1&psc=1">View Product</a></div>
<div class="product"><a href="https://www.amazon.com/dp/B0CLJ62HJN?tag=eloabder-20&linkCode=osi&th=1&psc=1"><img src="https://m.media-amazon.com/images/I/51fzZ1f4aKL._SL500_.jpg" alt="Product Image"></a><p>Probiotics for Men, 500 Billion CFU 12 Strains Mens Probiotic with Turmeric Cranberry & Goji, Gut Health for Men, Probiotics for Men Digestive Health, Bloating, Immune & Overall Health, 30-Day Supply</p><p>$24.90 ($0.42 / Count)</p><a href="https://www.amazon.com/dp/B0CLJ62HJN?tag=eloabder-20&linkCode=osi&th=1&psc=1">View Product</a></div><div class="product"><a href="https://www.amazon.com/dp/B01KE592JU?tag=eloabder-20&linkCode=osi&th=1&psc=1"><img src="https://m.media-amazon.com/images/I/41H9Ng4ybQL._SL500_.jpg" alt="Product Image"></a><p>Multivitamin for Men - Daily Mens Multivitamins & Multiminerals Supplement for Energy, Focus and Performance. Mens Vitamins A, C, D, E & B12, Zinc, Calcium, Magnesium & More. Multi Vitamin Capsules</p><p>$22.97 ($0.38 / Count)</p><a href="https://www.amazon.com/dp/B01KE592JU?tag=eloabder-20&linkCode=osi&th=1&psc=1">View Product</a></div><div class="product"><a href="https://www.amazon.com/dp/B084HGKTSD?tag=eloabder-20&linkCode=osi&th=1&psc=1"><img src="https://m.media-amazon.com/images/I/51TL3dHZ-fL._SL500_.jpg" alt="Product Image"></a><p>NATURE TARGET Probiotics for Men with Men Care Supplement, Prebiotics & Probiotic for Men's Digestive and Immune Health,60 Billion CFUs & 14 Strains Shelf Stable, Gluten & Soy Free (90 Tablets)</p><p>$16.99 ($0.19 / Count)</p><a href="https://www.amazon.com/dp/B084HGKTSD?tag=eloabder-20&linkCode=osi&th=1&psc=1">View Product</a></div><div class="product"><a href="https://www.amazon.com/dp/B09N44X5GZ?tag=eloabder-20&linkCode=osi&th=1&psc=1"><img src="https://m.media-amazon.com/images/I/41AH6xcqptL._SL500_.jpg" alt="Product Image"></a><p>Saw Palmetto Supplement - Potent 3X Formula with Stinging Nettle + Pumpkin Seed Extract - DHT Blocker Urinary Health & Prostate Support Supplement for Mens Health - Saw Palmetto for Men 2 Month Supply</p><p>$27.49 ($0.23 / Count)</p><a href="https://www.amazon.com/dp/B09N44X5GZ?tag=eloabder-20&linkCode=osi&th=1&psc=1">View Product</a></div><div class="product"><a href="https://www.amazon.com/dp/B01MQ1JLWY?tag=eloabder-20&linkCode=osi&th=1&psc=1"><img src="https://m.media-amazon.com/images/I/41O5MqjxlDL._SL500_.jpg" alt="Product Image"></a><p>Prime Labs - Men's Testosterone Booster - Stamina, Endurance, & Strength Booster - 60 Caplets</p><p>$21.49 ($0.36 / Count)</p><a href="https://www.amazon.com/dp/B01MQ1JLWY?tag=eloabder-20&linkCode=osi&th=1&psc=1">View Product</a></div><div class="product"><a href="https://www.amazon.com/dp/B09X2CG92L?tag=eloabder-20&linkCode=osi&th=1&psc=1"><img src="https://m.media-amazon.com/images/I/41ebxpgEyDL._SL500_.jpg" alt="Product Image"></a><p>21,800mg Testosterone Booster for Men 8X Strength w. Ashwagandha, Tongkat Ali, Pycnogenol, Tribulus - Total T Male Enhancing Test Libido Booster + Muscle Builder Growth Testosterone Supplement for Men</p><p>$29.95 ($0.33 / Count)</p><a href="https://www.amazon.com/dp/B09X2CG92L?tag=eloabder-20&linkCode=osi&th=1&psc=1">View Product</a></div><div class="product"><a href="https://www.amazon.com/dp/B0B44VP9QV?tag=eloabder-20&linkCode=osi&th=1&psc=1"><img src="https://m.media-amazon.com/images/I/31Ep1XHYAUL._SL500_.jpg" alt="Product Image"></a><p>Health by Habit Mens Multi Supplement (60 Capsules) - 23 Essential Vitamins and Minerals, Supports General Health & Wellness, Non-GMO, Sugar Free (1 Pack)</p><p>$10.06 ($0.17 / Count)</p><a href="https://www.amazon.com/dp/B0B44VP9QV?tag=eloabder-20&linkCode=osi&th=1&psc=1">View Product</a></div><div class="product"><a href="https://www.amazon.com/dp/B09W1R4JJ9?tag=eloabder-20&linkCode=osi&th=1&psc=1"><img src="https://m.media-amazon.com/images/I/51FMBwtAQZL._SL500_.jpg" alt="Product Image"></a><p>Force Factor Test X180 Gummies Testosterone Booster for Men with Tongkat Ali, Horny Goat Weed, Tribulus Terrestris, Fenugreek, & Black Maca, Supplement Men, Berry Punch, 60 Gummies, 1-Pack</p><p>$18.80 ($0.31 / Count)</p><a href="https://www.amazon.com/dp/B09W1R4JJ9?tag=eloabder-20&linkCode=osi&th=1&psc=1">View Product</a></div><div class="product"><a href="https://www.amazon.com/dp/B00Y8MP5VA?tag=eloabder-20&linkCode=osi&th=1&psc=1"><img src="https://m.media-amazon.com/images/I/41EWrdWCUSL._SL500_.jpg" alt="Product Image"></a><p>Garden of Life Probiotics for Men Dr Formulated 50 Billion CFU 15 Probiotics + Organic Prebiotic Fiber for Digestive, Colon & Immune Support, Daily Gas Relief, Dairy Free, Shelf Stable, 30 Capsules</p><p>$31.71 ($1.06 / Count)</p><a href="https://www.amazon.com/dp/B00Y8MP5VA?tag=eloabder-20&linkCode=osi&th=1&psc=1">View Product</a></div>
<div class="product"><a href="https://www.amazon.com/dp/B07B8BSGPL?tag=eloabder-20&linkCode=osi&th=1&psc=1"><img src="https://m.media-amazon.com/images/I/51fhicydrEL._SL500_.jpg" alt="Product Image"></a><p>Physician's Choice Probiotics for Women - PH Balance, Digestive, UT, & Feminine Health - 50 Billion CFU - 6 Unique Strains for Women - Organic Prebiotics, Cranberry Extract+ - Women Probiotic - 30 CT</p><p>$23.98 ($0.80 / Count)</p><a href="https://www.amazon.com/dp/B07B8BSGPL?tag=eloabder-20&linkCode=osi&th=1&psc=1">View Product</a></div><div class="product"><a href="https://www.amazon.com/dp/B0BL2GM261?tag=eloabder-20&linkCode=osi&th=1&psc=1"><img src="https://m.media-amazon.com/images/I/31nzULQJHwL._SL500_.jpg" alt="Product Image"></a><p>Health by Habit Womens Multi Supplement (60 Capsules) - 23 Essential Vitamins and Minerals, Supports General Health & Wellness, Non-GMO, Sugar Free (1 Pack)</p><p>$10.70 ($0.18 / Count)</p><a href="https://www.amazon.com/dp/B0BL2GM261?tag=eloabder-20&linkCode=osi&th=1&psc=1">View Product</a></div><div class="product"><a href="https://www.amazon.com/dp/B07YWJZJNY?tag=eloabder-20&linkCode=osi&th=1&psc=1"><img src="https://m.media-amazon.com/images/I/51lB0uUNGDL._SL500_.jpg" alt="Product Image"></a><p>Doctor's Recipes Women’s Probiotic, 60 Caps 50 Billion CFU 16 Strains, with Organic Cranberry, Digestive Immune Vaginal & Urinary Health, Shelf Stable, Delayed Release, No Soy Gluten Dairy</p><p>$17.49 ($0.29 / Count)</p><a href="https://www.amazon.com/dp/B07YWJZJNY?tag=eloabder-20&linkCode=osi&th=1&psc=1">View Product</a></div><div class="product"><a href="https://www.amazon.com/dp/B004ZNDFIW?tag=eloabder-20&linkCode=osi&th=1&psc=1"><img src="https://m.media-amazon.com/images/I/51+VsWEmpSL._SL500_.jpg" alt="Product Image"></a><p>Renew Life Women's Probiotic Capsules, Supports pH Balance for Women, Vaginal, Urinary, Digestive and Immune Health, L. Rhamnosus GG, Dairy, Soy and Gluten-Free, 25 Billion CFU - 30 Ct</p><p>$16.78 ($0.56 / Count)</p><a href="https://www.amazon.com/dp/B004ZNDFIW?tag=eloabder-20&linkCode=osi&th=1&psc=1">View Product</a></div><div class="product"><a href="https://www.amazon.com/dp/B006I7AT78?tag=eloabder-20&linkCode=osi&th=1&psc=1"><img src="https://m.media-amazon.com/images/I/41v96+mT7-L._SL500_.jpg" alt="Product Image"></a><p>Nature's Way Women's Probiotic Pearls, Supports Vaginal and Digestive Health*, 1 Billion Live Cultures, No Refrigeration Required, 30 Softgels (Packaging May Vary)</p><p>$11.81 ($0.39 / Count)</p><a href="https://www.amazon.com/dp/B006I7AT78?tag=eloabder-20&linkCode=osi&th=1&psc=1">View Product</a></div><div class="product"><a href="https://www.amazon.com/dp/B092CS29NR?tag=eloabder-20&linkCode=osi&th=1&psc=1"><img src="https://m.media-amazon.com/images/I/41mHol7tOzL._SL500_.jpg" alt="Product Image"></a><p>OLLY Happy Hoo-Ha Capsules, Probiotic for Women, Vaginal Health and pH Balance, 10 Billion CFU, Gluten Free - 25 Count</p><p>$16.37 ($0.65 / Count)</p><a href="https://www.amazon.com/dp/B092CS29NR?tag=eloabder-20&linkCode=osi&th=1&psc=1">View Product</a></div><div class="product"><a href="https://www.amazon.com/dp/B09YM5LMX7?tag=eloabder-20&linkCode=osi&th=1&psc=1"><img src="https://m.media-amazon.com/images/I/51h9mac9ZFL._SL500_.jpg" alt="Product Image"></a><p>OMOGS Women's Probiotic,with Cranberry Extract and Organic Prebiotics,90 Billion CFUs,18 Strains,Help for Boost Immune,Digestive, Gut and Women's Health,Gluten Dairy Yeast & Soy Free, 90 Tablets</p><p>$8.99 ($0.10 / Count)</p><a href="https://www.amazon.com/dp/B09YM5LMX7?tag=eloabder-20&linkCode=osi&th=1&psc=1">View Product</a></div><div class="product"><a href="https://www.amazon.com/dp/B074BLLV81?tag=eloabder-20&linkCode=osi&th=1&psc=1"><img src="https://m.media-amazon.com/images/I/51KGSL1CsIL._SL500_.jpg" alt="Product Image"></a><p>AZO Complete Feminine Balance Daily Probiotics for Women, Clinically Proven to Help Protect Vaginal Health, balance pH and yeast, Non-GMO, 30 Count</p><p>$23.51 ($0.78 / Count)</p><a href="https://www.amazon.com/dp/B074BLLV81?tag=eloabder-20&linkCode=osi&th=1&psc=1">View Product</a></div>
<div class="product"><a href="https://www.amazon.com/dp/B0CGKVHHCY?tag=eloabder-20&linkCode=osi&th=1&psc=1"><img src="https://m.media-amazon.com/images/I/51HSSDVp7sL._SL500_.jpg" alt="Product Image"></a><p>MaryRuth's Liquid Multivitamin + Lustriva® Hair Growth Vitamins | Biotin 10000mcg | Vitamin D | Clinically Tested for Thicker Hair, Wrinkles, Fine Lines, Skin Care | Ages 18+ | 30 Fl Oz</p><p>$74.95 ($2.50 / Fl Oz)</p><a href="https://www.amazon.com/dp/B0CGKVHHCY?tag=eloabder-20&linkCode=osi&th=1&psc=1">View Product</a></div><div class="product"><a href="https://www.amazon.com/dp/B09RKDGYJD?tag=eloabder-20&linkCode=osi&th=1&psc=1"><img src="https://m.media-amazon.com/images/I/51VPhOLi43L._SL500_.jpg" alt="Product Image"></a><p>Biotin | Collagen | Keratin | Hyaluronic Acid - Hair Growth Support Supplement | Skin & Nails Beauty Complex 25000 mcg - B1 | B2 | B3 | B6 | B7 - Made in USA - For Women & Men | 60 Capsules</p><p>$21.16 ($0.35 / Count)</p><a href="https://www.amazon.com/dp/B09RKDGYJD?tag=eloabder-20&linkCode=osi&th=1&psc=1">View Product</a></div><div class="product"><a href="https://www.amazon.com/dp/B0D379XS3Z?tag=eloabder-20&linkCode=osi&th=1&psc=1"><img src="https://m.media-amazon.com/images/I/41ZnobZ4taL._SL500_.jpg" alt="Product Image"></a><p>WONDERCOW Hair Skin and Nails Vitamins w/Bovine Colostrum, Collagen, Hyaluronic Acid, Biotin, Zinc, & Lactoferrin┃Supports Faster Hair Growth, Stronger Nails and Glowing Skin (30 servings, Capsule)</p><p>$39.99 ($0.44 / Count)</p><a href="https://www.amazon.com/dp/B0D379XS3Z?tag=eloabder-20&linkCode=osi&th=1&psc=1">View Product</a></div><div class="product"><a href="https://www.amazon.com/dp/B0D2JFRTJY?tag=eloabder-20&linkCode=osi&th=1&psc=1"><img src="https://m.media-amazon.com/images/I/415HdLpj8pL._SL500_.jpg" alt="Product Image"></a><p>InstaRelief® Hair Growth with Lustriva® - Clinically Shown to Grow Thicker, Healthier Hair in 3 Weeks, Reduce Wrinkles and Fine Lines, with Biotin, Silicon, and Arginine, 60 Tablets</p><p>$26.98 ($0.45 / Count)</p><a href="https://www.amazon.com/dp/B0D2JFRTJY?tag=eloabder-20&linkCode=osi&th=1&psc=1">View Product</a></div><div class="product"><a href="https://www.amazon.com/dp/B07H8RQCX2?tag=eloabder-20&linkCode=osi&th=1&psc=1"><img src="https://m.media-amazon.com/images/I/41c4gXD7hAS._SL500_.jpg" alt="Product Image"></a><p>JSHealth Vitamins Hair and Energy Formula Hair Growth Vitamins | Hair Vitamins for Women and Men | Zinc and Iodine Hair Supplements for Hair Growth | Hair Loss Supplements | (30 Capsules)</p><p>$27.99 ($0.93 / Count)</p><a href="https://www.amazon.com/dp/B07H8RQCX2?tag=eloabder-20&linkCode=osi&th=1&psc=1">View Product</a></div><div class="product"><a href="https://www.amazon.com/dp/B07L8KPCFY?tag=eloabder-20&linkCode=osi&th=1&psc=1"><img src="https://m.media-amazon.com/images/I/31NkOtXpn0L._SL500_.jpg" alt="Product Image"></a><p>Hello Lovely! Hair Vitamins Gummies with Biotin 5000 mcg Vitamin E & C Support Hair Growth, Premium Vegetarian Non-GMO, for Stronger Beautiful Hair, Skin & Nails Supplement - 60 Gummy Bears</p><p>$14.62 ($0.24 / Count)</p><a href="https://www.amazon.com/dp/B07L8KPCFY?tag=eloabder-20&linkCode=osi&th=1&psc=1">View Product</a></div>
<div class="product"><a href="https://www.amazon.com/dp/B0072F8D7S?tag=eloabder-20&linkCode=osi&th=1&psc=1"><img src="https://m.media-amazon.com/images/I/41j4CBYG0SL._SL500_.jpg" alt="Product Image"></a><p>Nature's Bounty Advanced Hair, Skin & Nails, Argan-Infused Vitamin Supplement with Biotin and Hyaluronic Acid, 150 Rapid Release Softgels</p><p>$11.22 ($0.07 / Count)</p><a href="https://www.amazon.com/dp/B0072F8D7S?tag=eloabder-20&linkCode=osi&th=1&psc=1">View Product</a></div><div class="product"><a href="https://www.amazon.com/dp/B07SRVJBSJ?tag=eloabder-20&linkCode=osi&th=1&psc=1"><img src="https://m.media-amazon.com/images/I/415Fg7XSFDL._SL500_.jpg" alt="Product Image"></a><p>Horbäach Hair Skin and Nails Vitamins | 300 Softgels | with Biotin and Collagen | Infused with Argan Oil and Coconut Oil | Non-GMO, Gluten Free Supplement</p><p>$16.47 ($0.05 / Count)</p><a href="https://www.amazon.com/dp/B07SRVJBSJ?tag=eloabder-20&linkCode=osi&th=1&psc=1">View Product</a></div><div class="product"><a href="https://www.amazon.com/dp/B07FB65182?tag=eloabder-20&linkCode=osi&th=1&psc=1"><img src="https://m.media-amazon.com/images/I/41Dof1D4sQL._SL500_.jpg" alt="Product Image"></a><p>Life Extension Skin Restoring Ceramides - Promotes Hydration & Encourages Healthy Ceramide Levels in Skin - Once-Daily Oral Supplement - Non-GMO, Gluten-Free – 30 Liquid Vegetarian Capsules</p><p>$18.75 ($0.62 / Count)</p><a href="https://www.amazon.com/dp/B07FB65182?tag=eloabder-20&linkCode=osi&th=1&psc=1">View Product</a></div><div class="product"><a href="https://www.amazon.com/dp/B0B3GBJJGW?tag=eloabder-20&linkCode=osi&th=1&psc=1"><img src="https://m.media-amazon.com/images/I/41h5D2kKYEL._SL500_.jpg" alt="Product Image"></a><p>Collagen Pills 1000mg Biotin 10000mcg Keratin Saw Palmetto 2500mg Hyaluronic Acid - Hair Skin and Nails Vitamins and DHT Blocker with Vitamin E Folic Acid Pumpkin Seed MSM - 90 Count</p><p>$29.95 ($0.33 / Count)</p><a href="https://www.amazon.com/dp/B0B3GBJJGW?tag=eloabder-20&linkCode=osi&th=1&psc=1">View Product</a></div><div class="product"><a href="https://www.amazon.com/dp/B00EEOGIWC?tag=eloabder-20&linkCode=osi&th=1&psc=1"><img src="https://m.media-amazon.com/images/I/41KNQKYyyaL._SL500_.jpg" alt="Product Image"></a><p>Phytoceramides 350mg per softgel - Plant Derived Ceramides for Healthy Skin and Hydration - Non GMO with No Fillers or Synthetic Vitamins - 30 Liquid softgels</p><p>$19.95 ($0.66 / Count)</p><a href="https://www.amazon.com/dp/B00EEOGIWC?tag=eloabder-20&linkCode=osi&th=1&psc=1">View Product</a></div><div class="product"><a href="https://www.amazon.com/dp/B0CG9QS1JY?tag=eloabder-20&linkCode=osi&th=1&psc=1"><img src="https://m.media-amazon.com/images/I/41GR02V0-iL._SL500_.jpg" alt="Product Image"></a><p>CLEARstem - MINDBODYSKIN Hormonal Acne Supplement (5-HTP) - Natural DIM Supplement - Skin Care Vitamins - Hormone Balance, Antioxidants - Vegan, Gluten Free, Cruelty Free - 30 Servings, 90 Capsules</p><p>$57.35 ($0.64 / Count)</p><a href="https://www.amazon.com/dp/B0CG9QS1JY?tag=eloabder-20&linkCode=osi&th=1&psc=1">View Product</a></div><div class="product"><a href="https://www.amazon.com/dp/B0CCYZ4ZG4?tag=eloabder-20&linkCode=osi&th=1&psc=1"><img src="https://m.media-amazon.com/images/I/41UMUWSDIBL._SL500_.jpg" alt="Product Image"></a><p>Vital Vitamins Multi Collagen Plus - Biotin, Hyaluronic Acid, Vitamin C - Collagen for Women & Men - Hair Growth Support Supplement - Skin, Nails Beauty Complex - 150 Pills</p><p>$25.95 ($0.17 / Count)</p><a href="https://www.amazon.com/dp/B0CCYZ4ZG4?tag=eloabder-20&linkCode=osi&th=1&psc=1">View Product</a></div>
<div class="product"><a href="https://www.amazon.com/dp/B0D354DJQH?tag=eloabder-20&linkCode=osi&th=1&psc=1"><img src="https://m.media-amazon.com/images/I/31Q9PLna2VL._SL500_.jpg" alt="Product Image"></a><p>HABIT Hair, Skin & Nails Supplement (60 Capsules) - New Look, Supports Skin Hydration, Hair & Nail Strength, Biotin 2000mcg, Vitamin A & C, Hyaluronic Acid, Rosehip, Vegan, Non-GMO (1 Pack)</p><p>$7.88 ($0.13 / Count)</p><a href="https://www.amazon.com/dp/B0D354DJQH?tag=eloabder-20&linkCode=osi&th=1&psc=1">View Product</a></div><div class="product"><a href="https://www.amazon.com/dp/B01D6AQR7A?tag=eloabder-20&linkCode=osi&th=1&psc=1"><img src="https://m.media-amazon.com/images/I/41ot-3xB2JL._SL500_.jpg" alt="Product Image"></a><p>Nature Made Hair Skin and Nails with Biotin 2500 mcg, Dietary Supplement For Healthy Hair Skin and Nails Support, 120 Softgels, 120 Day Supply</p><p>$18.97 ($0.16 / Count)</p><a href="https://www.amazon.com/dp/B01D6AQR7A?tag=eloabder-20&linkCode=osi&th=1&psc=1">View Product</a></div><div class="product"><a href="https://www.amazon.com/dp/B00006MMU6?tag=eloabder-20&linkCode=osi&th=1&psc=1"><img src="https://m.media-amazon.com/images/I/41ItG2Bl1RL._SL500_.jpg" alt="Product Image"></a><p>NONYX Fungal Nail Clarifying Gel | Rids Nails of Fungus by Removing Keratin Debris Where Nail Fungus Grows | 90% of Toenails Improved Using this Toenail Fungus Treatment | 4 oz</p><p>$19.98 ($5.00 / Fl Oz)</p><a href="https://www.amazon.com/dp/B00006MMU6?tag=eloabder-20&linkCode=osi&th=1&psc=1">View Product</a></div><div class="product"><a href="https://www.amazon.com/dp/B09S3Y3J92?tag=eloabder-20&linkCode=osi&th=1&psc=1"><img src="https://m.media-amazon.com/images/I/41lQO63btQL._SL500_.jpg" alt="Product Image"></a><p>Kerasal Nail Renewal and Nail File Combo Pack, Restores Appearance of Discolored or Damaged Nails, 5 Heavy Duty Nail Files, 0.33 fl oz, Clear</p><p>$25.85 ($78.33 / Fl Oz)</p><a href="https://www.amazon.com/dp/B09S3Y3J92?tag=eloabder-20&linkCode=osi&th=1&psc=1">View Product</a></div><div class="product"><a href="https://www.amazon.com/dp/B000EH0NEC?tag=eloabder-20&linkCode=osi&th=1&psc=1"><img src="https://m.media-amazon.com/images/I/41XaFeLycBL._SL500_.jpg" alt="Product Image"></a><p>Nutra Nail 5 to 7 Day Growth Treatment - Fast Keratin Nail Hardener & Nail Strengthener for Thin Nails, Brittle & Damaged (0.47 Fl Oz)</p><p>$14.97 ($31.85 / Fl Oz)</p><a href="https://www.amazon.com/dp/B000EH0NEC?tag=eloabder-20&linkCode=osi&th=1&psc=1">View Product</a></div><div class="product"><a href="https://www.amazon.com/dp/B089RQTWLR?tag=eloabder-20&linkCode=osi&th=1&psc=1"><img src="https://m.media-amazon.com/images/I/417WgL6e20L._SL500_.jpg" alt="Product Image"></a><p>Clear Nails - Extra Strength - Probiotic Fungus Inhibitor - 50 Billion CFU</p><p>$22.49 ($0.37 / Count)</p><a href="https://www.amazon.com/dp/B089RQTWLR?tag=eloabder-20&linkCode=osi&th=1&psc=1">View Product</a></div>
<div class="product"><a href="https://www.amazon.com/dp/B07FZ85R1Y?tag=eloabder-20&linkCode=osi&th=1&psc=1"><img src="https://m.media-amazon.com/images/I/51NlAN37ewL._SL500_.jpg" alt="Product Image"></a><p>Areds 2 Eye Vitamins - Lutein, Zeaxanthin & Bilberry Extract - Supports Eye Strain, Dry Eyes, and Vision Health - 2 Award-Winning Clinically Proven Eye Vitamin Ingredients - Carotenoid Blend</p><p>$23.97 ($0.40 / Count)</p><a href="https://www.amazon.com/dp/B07FZ85R1Y?tag=eloabder-20&linkCode=osi&th=1&psc=1">View Product</a></div><div class="product"><a href="https://www.amazon.com/dp/B0C4J8G4SB?tag=eloabder-20&linkCode=osi&th=1&psc=1"><img src="https://m.media-amazon.com/images/I/51VNHCxN5pL._SL500_.jpg" alt="Product Image"></a><p>Eye Health Vitamins with Bilberry 6000mg Lutein & Zeaxanthin 40mg Lycopene 40mg Resveratrol 3000mg Grape Seed Extract 6000mg Omega 3 4000mg Astaxanthin - Eye Vitamin - 60 Capsules</p><p>$29.95 ($0.50 / Count)</p><a href="https://www.amazon.com/dp/B0C4J8G4SB?tag=eloabder-20&linkCode=osi&th=1&psc=1">View Product</a></div><div class="product"><a href="https://www.amazon.com/dp/B00DJUK8IM?tag=eloabder-20&linkCode=osi&th=1&psc=1"><img src="https://m.media-amazon.com/images/I/51LPoH2nRnL._SL500_.jpg" alt="Product Image"></a><p>Ocuvite Eye Vitamin & Mineral Supplement, Contains Zinc, Vitamins C, E, Omega 3, Lutein, & Zeaxanthin, 90 Softgels (Packaging May Vary)</p><p>$23.47 ($0.26 / Count)</p><a href="https://www.amazon.com/dp/B00DJUK8IM?tag=eloabder-20&linkCode=osi&th=1&psc=1">View Product</a></div><div class="product"><a href="https://www.amazon.com/dp/B0CGRYBQ2J?tag=eloabder-20&linkCode=osi&th=1&psc=1"><img src="https://m.media-amazon.com/images/I/51Hxps2kajL._SL500_.jpg" alt="Product Image"></a><p>Garden of Life Herbals Eye Health Supplement with Sunflower & Safflower Oil, Lutein, Zeaxanthin & Black Currant for Dry Eyes & Healthy Vision Support – Non-GMO, Gluten-Free, Berry Flavor, 30 Servings</p><p>$28.34 ($0.94 / Count)</p><a href="https://www.amazon.com/dp/B0CGRYBQ2J?tag=eloabder-20&linkCode=osi&th=1&psc=1">View Product</a></div><div class="product"><a href="https://www.amazon.com/dp/B07Y6Q6TFF?tag=eloabder-20&linkCode=osi&th=1&psc=1"><img src="https://m.media-amazon.com/images/I/518zmodQYgL._SL500_.jpg" alt="Product Image"></a><p>UpNourish AREDS 2+ - Advanced Eye Vitamin Supplement for Macular Health and Dry Eye - Lutein, Zeaxanthin, Saffron, Astaxanthin & DHA - Supports Eye Strain, Pressure, Night Vision - 120 softgels</p><p>$24.99 ($0.21 / Count)</p><a href="https://www.amazon.com/dp/B07Y6Q6TFF?tag=eloabder-20&linkCode=osi&th=1&psc=1">View Product</a></div><div class="product"><a href="https://www.amazon.com/dp/B07JNK257G?tag=eloabder-20&linkCode=osi&th=1&psc=1"><img src="https://m.media-amazon.com/images/I/41HuGBuDqaL._SL500_.jpg" alt="Product Image"></a><p>EyeScience Macular Health Beyond AREDS2 Formula, Advanced Ocular Vitamin - Containing Lutein, Zeaxanthin, Bilberry, and Vitamins C, D, E, and B6 (60 Day Supply)</p><p>$54.99 ($0.46 / Count)</p><a href="https://www.amazon.com/dp/B07JNK257G?tag=eloabder-20&linkCode=osi&th=1&psc=1">View Product</a></div><div class="product"><a href="https://www.amazon.com/dp/B007Z4EKQE?tag=eloabder-20&linkCode=osi&th=1&psc=1"><img src="https://m.media-amazon.com/images/I/315eIHyBj6L._SL500_.jpg" alt="Product Image"></a><p>EyePromise Restore Supplement - 60 Softgel Capsules Containing Lutein, Vitamin C, Vitamin D, Vitamin E, Omega-3 Fish Oil, and Zeaxanthin - A Patented Complete Eye Health Formula</p><p>$40.95 ($0.68 / Count)</p><a href="https://www.amazon.com/dp/B007Z4EKQE?tag=eloabder-20&linkCode=osi&th=1&psc=1">View Product</a></div><div class="product"><a href="https://www.amazon.com/dp/B004R66K9I?tag=eloabder-20&linkCode=osi&th=1&psc=1"><img src="https://m.media-amazon.com/images/I/41wdjw9An4L._SL500_.jpg" alt="Product Image"></a><p>Puritan's Pride Lutein 40 Mg with Zeaxanthin, Helps Support Eye Health*, Whole Bean, 60 Ct,</p><p>$8.08 ($0.13 / Count)</p><a href="https://www.amazon.com/dp/B004R66K9I?tag=eloabder-20&linkCode=osi&th=1&psc=1">View Product</a></div>


<div class="product"><a href="https://www.amazon.com/dp/B0C9M3VMD5?tag=eloabder-20&linkCode=osi&th=1&psc=1"><img src="https://m.media-amazon.com/images/I/51Ef845LRAL._SL500_.jpg" alt="Product Image"></a><p>Poygik Premium 420 Piece Large First Aid Kit for Home, Car, Travel, Camping, Truck, Hiking, Sports, Office, Vehicle & Outdoor Emergencies - Emergency Medical Kits, Businesses & Home Medical Supplies</p><p>$46.95 ($46.95 / Count)</p><a href="https://www.amazon.com/dp/B0C9M3VMD5?tag=eloabder-20&linkCode=osi&th=1&psc=1">View Product</a></div><div class="product"><a href="https://www.amazon.com/dp/B08127GKPR?tag=eloabder-20&linkCode=osi&th=1&psc=1"><img src="https://m.media-amazon.com/images/I/51IJV3GwkxL._SL500_.jpg" alt="Product Image"></a><p>Care Science First Aid Kit, 110 Pieces | Professional Use for Travel, Work, School, Home, Car, Survival, Camping, Hiking, and More</p><p>$9.99 ($0.09 / Count)</p><a href="https://www.amazon.com/dp/B08127GKPR?tag=eloabder-20&linkCode=osi&th=1&psc=1">View Product</a></div><div class="product"><a href="https://www.amazon.com/dp/B0B41MYSGP?tag=eloabder-20&linkCode=osi&th=1&psc=1"><img src="https://m.media-amazon.com/images/I/51TXjQQrgWL._SL500_.jpg" alt="Product Image"></a><p>Johnson & Johnson Travel Ready Portable Emergency First Aid Kit for Minor Wound Care with Assorted Adhesive Bandages, Gauze Pads & More, Ideal for Travel, Car & On-The-Go, 80 pc</p><p>$8.16 ($0.10 / Count)</p><a href="https://www.amazon.com/dp/B0B41MYSGP?tag=eloabder-20&linkCode=osi&th=1&psc=1">View Product</a></div><div class="product"><a href="https://www.amazon.com/dp/B006RNSPYM?tag=eloabder-20&linkCode=osi&th=1&psc=1"><img src="https://m.media-amazon.com/images/I/41oaygM+6-L._SL500_.jpg" alt="Product Image"></a><p>First Aid Only 9302-25M 25-Person Contractor's Emergency First Aid Kit for Home Renovation, Job Sites, and Construction Vehicles, 178 Pieces</p><p>$25.59</p><a href="https://www.amazon.com/dp/B006RNSPYM?tag=eloabder-20&linkCode=osi&th=1&psc=1">View Product</a></div><div class="product"><a href="https://www.amazon.com/dp/B07KRMQ8W6?tag=eloabder-20&linkCode=osi&th=1&psc=1"><img src="https://m.media-amazon.com/images/I/31-2HjYAfiL._SL500_.jpg" alt="Product Image"></a><p>Bactine MAX First Aid Spray - Pain Relief Cleansing Spray with 4% Lidocaine - Numbing Lidocaine Spray Kills 99.9% of Germs - Pain + Itch Relief for Minor Cuts & Scrapes, Burns & Bug Bites - 5oz</p><p>$4.42 ($0.88 / Fl Oz)</p><a href="https://www.amazon.com/dp/B07KRMQ8W6?tag=eloabder-20&linkCode=osi&th=1&psc=1">View Product</a></div><div class="product"><a href="https://www.amazon.com/dp/B096X2NK1B?tag=eloabder-20&linkCode=osi&th=1&psc=1"><img src="https://m.media-amazon.com/images/I/41Qyy+jNITL._SL500_.jpg" alt="Product Image"></a><p>330 Piece First Aid Kit, Premium Waterproof Compact Trauma Medical Kits for Any Emergencies, Ideal for Home, Office, Car, Travel, Outdoor, Camping, Hiking, Boating (Red)</p><p>$45.99 ($0.14 / Count)</p><a href="https://www.amazon.com/dp/B096X2NK1B?tag=eloabder-20&linkCode=osi&th=1&psc=1">View Product</a></div><div class="product"><a href="https://www.amazon.com/dp/B00164IIUI?tag=eloabder-20&linkCode=osi&th=1&psc=1"><img src="https://m.media-amazon.com/images/I/51vsE2VasGL._SL500_.jpg" alt="Product Image"></a><p>Neosporin Original First Aid Antibiotic Ointment with Bacitracin Zinc For Infection Protection, Wound Care Treatment & Scar Appearance Minimizer for Minor Cuts, Scrapes and Burns,.5 oz</p><p>$4.87 ($9.74 / Ounce)</p><a href="https://www.amazon.com/dp/B00164IIUI?tag=eloabder-20&linkCode=osi&th=1&psc=1">View Product</a></div><div class="product"><a href="https://www.amazon.com/dp/B0C17MKP1S?tag=eloabder-20&linkCode=osi&th=1&psc=1"><img src="https://m.media-amazon.com/images/I/41If81FeQFL._SL500_.jpg" alt="Product Image"></a><p>Mini First Aid Kit, 100 Pieces Water-Resistant Hard Shell Small Case - Perfect for Travel, Outdoor, Home, Office, Camping, Hiking, Car (Red)</p><p>$12.99 ($0.13 / Count)</p><a href="https://www.amazon.com/dp/B0C17MKP1S?tag=eloabder-20&linkCode=osi&th=1&psc=1">View Product</a></div>
<div class="product"><a href="https://www.amazon.com/dp/B007EBRA6A?tag=eloabder-20&linkCode=osi&th=1&psc=1"><img src="https://m.media-amazon.com/images/I/31XNtfz6-lL._SL500_.jpg" alt="Product Image"></a><p>Improved Medihoney Gel Wound and & Burn Dressing from Derma Sciences, 0.5 oz,</p><p>$7.99 ($15.98 / Fl Oz)</p><a href="https://www.amazon.com/dp/B007EBRA6A?tag=eloabder-20&linkCode=osi&th=1&psc=1">View Product</a></div><div class="product"><a href="https://www.amazon.com/dp/B07964SRBL?tag=eloabder-20&linkCode=osi&th=1&psc=1"><img src="https://m.media-amazon.com/images/I/31BpDfWNr6L._SL500_.jpg" alt="Product Image"></a><p>Be Smart Get Prepared SILVEX Wound Gel</p><p>$8.12 ($16.24 / Ounce)</p><a href="https://www.amazon.com/dp/B07964SRBL?tag=eloabder-20&linkCode=osi&th=1&psc=1">View Product</a></div><div class="product"><a href="https://www.amazon.com/dp/B00N2VOLF4?tag=eloabder-20&linkCode=osi&th=1&psc=1"><img src="https://m.media-amazon.com/images/I/31k3xbO6c2L._SL500_.jpg" alt="Product Image"></a><p>terrasil Wound Care 3X - Healing Ointment for Cuts, Burns, Blisters, Rashes, Scars, Bed Sores, & Diabetic Ulcers. Natural Skin Care Treatment, Dermatologist-Tested, Hypoallergenic Approved (.5oz)</p><p>$24.00 ($48.98 / Ounce)</p><a href="https://www.amazon.com/dp/B00N2VOLF4?tag=eloabder-20&linkCode=osi&th=1&psc=1">View Product</a></div><div class="product"><a href="https://www.amazon.com/dp/B019660RPG?tag=eloabder-20&linkCode=osi&th=1&psc=1"><img src="https://m.media-amazon.com/images/I/41wsMk2hIZL._SL500_.jpg" alt="Product Image"></a><p>Vashe Wound Solution OTC | Pure Hypochlorous Acid-Preserved Wound Cleanser | Home Wound Care | Non-Cytotoxic and Skin-Neutral pH | 8.5 Fl Oz</p><p>$23.99</p><a href="https://www.amazon.com/dp/B019660RPG?tag=eloabder-20&linkCode=osi&th=1&psc=1">View Product</a></div><div class="product"><a href="https://www.amazon.com/dp/B09V3GHJYF?tag=eloabder-20&linkCode=osi&th=1&psc=1"><img src="https://m.media-amazon.com/images/I/41DjaWOgweL._SL500_.jpg" alt="Product Image"></a><p>Absorbine Silver Honey Rapid Wound Repair Ointment 2oz Tube, Medical Grade Manuka Honey & MicroSilver BG</p><p>$23.36 ($11.68 / Ounce)</p><a href="https://www.amazon.com/dp/B09V3GHJYF?tag=eloabder-20&linkCode=osi&th=1&psc=1">View Product</a></div><div class="product"><a href="https://www.amazon.com/dp/B00EC6DE7Y?tag=eloabder-20&linkCode=osi&th=1&psc=1"><img src="https://m.media-amazon.com/images/I/41BlVTkyTCL._SL500_.jpg" alt="Product Image"></a><p>NeilMed Cleanse Sterile Saline Wound Wash, 6.3 Ounce</p><p>$5.98 ($1.00 / Fl Oz)</p><a href="https://www.amazon.com/dp/B00EC6DE7Y?tag=eloabder-20&linkCode=osi&th=1&psc=1">View Product</a></div><div class="product"><a href="https://www.amazon.com/dp/B07FYDFGVD?tag=eloabder-20&linkCode=osi&th=1&psc=1"><img src="https://m.media-amazon.com/images/I/515p26GgPxL._SL500_.jpg" alt="Product Image"></a><p>All Health Wound Care Kit, 40 Items | For Small to Medium Sized Wounds</p><p>$7.47</p><a href="https://www.amazon.com/dp/B07FYDFGVD?tag=eloabder-20&linkCode=osi&th=1&psc=1">View Product</a></div><div class="product"><a href="https://www.amazon.com/dp/B0019FHWPQ?tag=eloabder-20&linkCode=osi&th=1&psc=1"><img src="https://m.media-amazon.com/images/I/31Qs02lFNDL._SL500_.jpg" alt="Product Image"></a><p>Medline Skintegrity Wound Cleanser, 8 ounce Spray Bottle, for wound cleaning, debridement, removing protein, pressure injuries, infected wounds, spray can be adjusted from mist to stream,White</p><p>$9.99 ($1.25 / Ounce)</p><a href="https://www.amazon.com/dp/B0019FHWPQ?tag=eloabder-20&linkCode=osi&th=1&psc=1">View Product</a></div>
<div class="product"><a href="https://www.amazon.com/dp/B0B1N47758?tag=eloabder-20&linkCode=osi&th=1&psc=1"><img src="https://m.media-amazon.com/images/I/517wH3I79AL._SL500_.jpg" alt="Product Image"></a><p>LifeVac Yellow Travel Kit 2 Pack - Portable Suction Rescue Device, First Aid Kit for Kids and Adults, Portable Airway Suction Device for Children and Adults</p><p>$139.99 ($70.00 / Count)</p><a href="https://www.amazon.com/dp/B0B1N47758?tag=eloabder-20&linkCode=osi&th=1&psc=1">View Product</a></div>



<div class="product"><a href="https://www.amazon.com/dp/B09K1RKQS6?tag=eloabder-20&linkCode=osi&th=1&psc=1"><img src="https://m.media-amazon.com/images/I/41lzaD4UgAL._SL500_.jpg" alt="Product Image"></a><p>EarCentric EasyCharge Rechargeable Hearing Aids (Pair) for Seniors, Behind-The-Ear BTE Ear Aid PSAP digital Personal sound amplification products devices with Noise Cancellation (Beige)</p><p>$199.00</p><a href="https://www.amazon.com/dp/B09K1RKQS6?tag=eloabder-20&linkCode=osi&th=1&psc=1">View Product</a></div><div class="product"><a href="https://www.amazon.com/dp/B0BNK7XV1C?tag=eloabder-20&linkCode=osi&th=1&psc=1"><img src="https://m.media-amazon.com/images/I/41qea6gV+JL._SL500_.jpg" alt="Product Image"></a><p>BIBIED Hearing Aids, Digital Rechargeable OTC Hearing Aids for Seniors with Charging Case, Invisible Hearing Amplifier with Noise Reduction (White)</p><p>$139.99 ($70.00 / Count)</p><a href="https://www.amazon.com/dp/B0BNK7XV1C?tag=eloabder-20&linkCode=osi&th=1&psc=1">View Product</a></div>

<div class="product"><a href="https://www.amazon.com/dp/B01KOFCNP0?tag=eloabder-20&linkCode=osi&th=1&psc=1"><img src="https://m.media-amazon.com/images/I/51T7jeHIa5L._SL500_.jpg" alt="Product Image"></a><p>Depend Incontinence Guards/Incontinence Pads for Men/Bladder Control Pads, Maximum Absorbency, 104 Count (2 Packs of 52), Packaging May Vary</p><p>$25.98 ($0.25 / Count)</p><a href="https://www.amazon.com/dp/B01KOFCNP0?tag=eloabder-20&linkCode=osi&th=1&psc=1">View Product</a></div><div class="product"><a href="https://www.amazon.com/dp/B09XJHYBZ2?tag=eloabder-20&linkCode=osi&th=1&psc=1"><img src="https://m.media-amazon.com/images/I/417IAXjLWAL._SL500_.jpg" alt="Product Image"></a><p>TENA Incontinence Pads, Bladder Control & Postpartum for Women, Overnight Absorbency, Extra Coverage, Intimates - 135 Count</p><p>$59.81 ($0.44 / Count)</p><a href="https://www.amazon.com/dp/B09XJHYBZ2?tag=eloabder-20&linkCode=osi&th=1&psc=1">View Product</a></div><div class="product"><a href="https://www.amazon.com/dp/B09556SRJH?tag=eloabder-20&linkCode=osi&th=1&psc=1"><img src="https://m.media-amazon.com/images/I/518XK4z+XIL._SL500_.jpg" alt="Product Image"></a><p>Depend Fresh Protection Adult Incontinence & Postpartum Bladder Leak Underwear for Women, Disposable, Maximum, Large, Blush, 72 Count (2 Packs of 36), Packaging May Vary</p><p>$46.95 ($0.65 / Count)</p><a href="https://www.amazon.com/dp/B09556SRJH?tag=eloabder-20&linkCode=osi&th=1&psc=1">View Product</a></div><div class="product"><a href="https://www.amazon.com/dp/B0C8BQDT6R?tag=eloabder-20&linkCode=osi&th=1&psc=1"><img src="https://m.media-amazon.com/images/I/51rbgC5un8L._SL500_.jpg" alt="Product Image"></a><p>Chucks MAX Hospital Bed Pads Disposable Adult 36 x 36 Breathable Incontinence Pads - XXX-Large Pee Pads for Elderly Adults - Heavy Duty Absorbency Underpads - 400 Lbs. Patient Repositioning [20 Pads]</p><p>$34.99</p><a href="https://www.amazon.com/dp/B0C8BQDT6R?tag=eloabder-20&linkCode=osi&th=1&psc=1">View Product</a></div><div class="product"><a href="https://www.amazon.com/dp/B0CGGY6SXH?tag=eloabder-20&linkCode=osi&th=1&psc=1"><img src="https://m.media-amazon.com/images/I/41yqJlr0DzL._SL500_.jpg" alt="Product Image"></a><p>Improvia Positioning Bed Pad with Handles – Quick-Drying, 8-Handle Incontinence Bed Pads – Washable, Waterproof, Reusable Pads for Elderly, Bedridden, Transferring, & Mattress Protection, 34x52 in.</p><p>$27.99</p><a href="https://www.amazon.com/dp/B0CGGY6SXH?tag=eloabder-20&linkCode=osi&th=1&psc=1">View Product</a></div><div class="product"><a href="https://www.amazon.com/dp/B0CWVPT7D2?tag=eloabder-20&linkCode=osi&th=1&psc=1"><img src="https://m.media-amazon.com/images/I/41ZJqxR1GJL._SL500_.jpg" alt="Product Image"></a><p>BH Supplies Disposable Underpads - 23 x 23 inches (50 Count)</p><p>$12.99</p><a href="https://www.amazon.com/dp/B0CWVPT7D2?tag=eloabder-20&linkCode=osi&th=1&psc=1">View Product</a></div><div class="product"><a href="https://www.amazon.com/dp/B0C4YLGZ8Z?tag=eloabder-20&linkCode=osi&th=1&psc=1"><img src="https://m.media-amazon.com/images/I/41wYIK7Q-1L._SL500_.jpg" alt="Product Image"></a><p>9 Pcs Waterproof Incontinence Underpants Plastic Pull on Cover Pants Leak Proof Incontinence Underwear Adult Diaper Cover Incontinence Supplies Washable Incontinence Pants (Black,l)</p><p>$16.99 ($16.99 / Count)</p><a href="https://www.amazon.com/dp/B0C4YLGZ8Z?tag=eloabder-20&linkCode=osi&th=1&psc=1">View Product</a></div><div class="product"><a href="https://www.amazon.com/dp/B00KXUW2FS?tag=eloabder-20&linkCode=osi&th=1&psc=1"><img src="https://m.media-amazon.com/images/I/51nWVjuAcML._SL500_.jpg" alt="Product Image"></a><p>Always Discreet Adult Moderate Long Incontinence Pads, Up to 100% Leak-Free Protection, 54 Count (Packaging May Vary)</p><p>$13.88 ($0.26 / Count)</p><a href="https://www.amazon.com/dp/B00KXUW2FS?tag=eloabder-20&linkCode=osi&th=1&psc=1">View Product</a></div><div class="product"><a href="https://www.amazon.com/dp/B082BCSKH6?tag=eloabder-20&linkCode=osi&th=1&psc=1"><img src="https://m.media-amazon.com/images/I/31JIqX8ZTJL._SL500_.jpg" alt="Product Image"></a><p>Revive Bladder Support for Women | Discreetly Control Leaks for up to 12 Hours | Supports Stress Incontinence | Comfortable Alternative to Pads & Liners, Reusable & Easy-to-Use | 1 Pack, 31 Day Supply</p><p>$31.99 ($31.99 / Count)</p><a href="https://www.amazon.com/dp/B082BCSKH6?tag=eloabder-20&linkCode=osi&th=1&psc=1">View Product</a></div><div class="product"><a href="https://www.amazon.com/dp/B081VRG3NK?tag=eloabder-20&linkCode=osi&th=1&psc=1"><img src="https://m.media-amazon.com/images/I/51ta38t5qwL._SL500_.jpg" alt="Product Image"></a><p>Chucks Pads Disposable [50-Pack] Underpads 23x36 Incontinence Chux Pads Absorbent Fluff Protective Bed Pads, Pee Pads for Babies, Kids, Adults & Elderly | Puppy Pads Large for Training Leak Proof</p><p>$18.99 ($0.38 / Count)</p><a href="https://www.amazon.com/dp/B081VRG3NK?tag=eloabder-20&linkCode=osi&th=1&psc=1">View Product</a></div>

<div class="product"><a href="https://www.amazon.com/dp/B0CZ6PVVSP?tag=eloabder-20&linkCode=osi&th=1&psc=1"><img src="https://m.media-amazon.com/images/I/41Edr6RdDDL._SL500_.jpg" alt="Product Image"></a><p>Nieteyrue Updated Vaginial Cream Applicators (40 Packs) Disposable Dosage Markings Plastic Individually Wrapped Fit to Most Cream, Gels, Lub-ric-ants, Feminine Care Vaginial Applicators</p><p>$16.99 ($0.42 / Count)</p><a href="https://www.amazon.com/dp/B0CZ6PVVSP?tag=eloabder-20&linkCode=osi&th=1&psc=1">View Product</a></div><div class="product"><a href="https://www.amazon.com/dp/B0D2L35LLP?tag=eloabder-20&linkCode=osi&th=1&psc=1"><img src="https://m.media-amazon.com/images/I/41SAiDtZfHL._SL500_.jpg" alt="Product Image"></a><p>(16 Pcs) Hearing Aid Wax Guard Filter for Starkey Prowax Minifit Hear Clear Accessories,Starkey Prowax Filters(1.5mm) Hearing Aids Supplies,Ear Replacement Parts Cleaning Kit Tool（2 Pack）</p><p>$7.99 ($0.50 / Count)</p><a href="https://www.amazon.com/dp/B0D2L35LLP?tag=eloabder-20&linkCode=osi&th=1&psc=1">View Product</a></div>
<div class="product"><a href="https://www.amazon.com/dp/B0CDZJ9JJC?tag=eloabder-20&linkCode=osi&th=1&psc=1"><img src="https://m.media-amazon.com/images/I/51eaQ4M7l3L._SL500_.jpg" alt="Product Image"></a><p>Charmin Ultra Soft Toilet Paper 6 Mega Rolls = 24 Regular Rolls</p><p>$7.97 ($0.59 / 100 Sheets)</p><a href="https://www.amazon.com/dp/B0CDZJ9JJC?tag=eloabder-20&linkCode=osi&th=1&psc=1">View Product</a></div><div class="product"><a href="https://www.amazon.com/dp/B07BGLT25K?tag=eloabder-20&linkCode=osi&th=1&psc=1"><img src="https://m.media-amazon.com/images/I/51E4cTD1y1L._SL500_.jpg" alt="Product Image"></a><p>Scott ComfortPlus Toilet Paper, 12 Double Rolls, 231 Sheets per Roll, Septic-Safe, 1-Ply Toilet Tissue</p><p>$5.99 ($0.22 / 100 Sheets)</p><a href="https://www.amazon.com/dp/B07BGLT25K?tag=eloabder-20&linkCode=osi&th=1&psc=1">View Product</a></div><div class="product"><a href="https://www.amazon.com/dp/B0CKK43XXS?tag=eloabder-20&linkCode=osi&th=1&psc=1"><img src="https://m.media-amazon.com/images/I/51H5mXFgbsL._SL500_.jpg" alt="Product Image"></a><p>Scott Paper Towels, Choose-A-Sheet, 6 Double Rolls = 12 Regular Rolls (100 Sheets Per Roll)</p><p>$6.84 ($1.14 / 100 Sheets)</p><a href="https://www.amazon.com/dp/B0CKK43XXS?tag=eloabder-20&linkCode=osi&th=1&psc=1">View Product</a></div><div class="product"><a href="https://www.amazon.com/dp/B0BB3JGBH5?tag=eloabder-20&linkCode=osi&th=1&psc=1"><img src="https://m.media-amazon.com/images/I/51qDQ2GH7sL._SL500_.jpg" alt="Product Image"></a><p>Quilted Northern Ultra Plush Toilet Paper, 6 Mega Rolls = 24 Regular Rolls, 3X Thicker*, 3 Ply Soft Toilet Tissue</p><p>$6.98 ($0.46 / 100 Sheets)</p><a href="https://www.amazon.com/dp/B0BB3JGBH5?tag=eloabder-20&linkCode=osi&th=1&psc=1">View Product</a></div><div class="product"><a href="https://www.amazon.com/dp/B09NW81TH8?tag=eloabder-20&linkCode=osi&th=1&psc=1"><img src="https://m.media-amazon.com/images/I/31qATnww2+L._SL500_.jpg" alt="Product Image"></a><p>Angel Soft Toilet Paper, 16 Mega Rolls = 64 Regular Rolls, Soft and Strong Toilet Tissue</p><p>$12.49 ($0.24 / 100 Sheets)</p><a href="https://www.amazon.com/dp/B09NW81TH8?tag=eloabder-20&linkCode=osi&th=1&psc=1">View Product</a></div><div class="product"><a href="https://www.amazon.com/dp/B0CH8LDMMS?tag=eloabder-20&linkCode=osi&th=1&psc=1"><img src="https://m.media-amazon.com/images/I/51nChMBC32L._SL500_.jpg" alt="Product Image"></a><p>AIDEA Laundry Detergent Sheets, Eco-Friendly Laundry Detergent, Washer Sheets Detergent, No Plastic Jug, Laundry Soap Sheets For Travel, Home Washing, Fresh Scent-(160 Loads) 80 Sheets</p><p>$6.99 ($0.04 / Load)</p><a href="https://www.amazon.com/dp/B0CH8LDMMS?tag=eloabder-20&linkCode=osi&th=1&psc=1">View Product</a></div>
<div class="product"><a href="https://www.amazon.com/dp/B086PHR52V?tag=eloabder-20&linkCode=osi&th=1&psc=1"><img src="https://m.media-amazon.com/images/I/519QOCq89xL._SL500_.jpg" alt="Product Image"></a><p>Viva Naturals Elderberry with Vitamin C and Zinc for Adults - 5 in 1 Sambucus Black Elderberry Capsules with Vitamin D3 5000 IU, Elderberries Immune Support Supplement 2 Months Supply Pills</p><p>$24.95 ($0.21 / Count)</p><a href="https://www.amazon.com/dp/B086PHR52V?tag=eloabder-20&linkCode=osi&th=1&psc=1">View Product</a></div><div class="product"><a href="https://www.amazon.com/dp/B08RPB34NR?tag=eloabder-20&linkCode=osi&th=1&psc=1"><img src="https://m.media-amazon.com/images/I/51GlheVabKL._SL500_.jpg" alt="Product Image"></a><p>8 in 1 Immune Support Booster Supplement with Echinacea, Vitamin C and Zinc 50mg, Vitamin D 5000 IU, Turmeric Curcumin & Ginger, B6, Elderberry 120 Count (Pack of 2)</p><p>$27.95 ($0.23 / Count)</p><a href="https://www.amazon.com/dp/B08RPB34NR?tag=eloabder-20&linkCode=osi&th=1&psc=1">View Product</a></div><div class="product"><a href="https://www.amazon.com/dp/B07JGW2JKF?tag=eloabder-20&linkCode=osi&th=1&psc=1"><img src="https://m.media-amazon.com/images/I/412JKfC+qLL._SL500_.jpg" alt="Product Image"></a><p>Amazon Basics Adult Multivitamin, 150 Gummies, 75-Day Supply, Mixed Berry & Cherry (Previously Solimo)</p><p>$8.42 ($0.06 / Count)</p><a href="https://www.amazon.com/dp/B07JGW2JKF?tag=eloabder-20&linkCode=osi&th=1&psc=1">View Product</a></div><div class="product"><a href="https://www.amazon.com/dp/B007L0DPE0?tag=eloabder-20&linkCode=osi&th=1&psc=1"><img src="https://m.media-amazon.com/images/I/41u67LVdJFL._SL500_.jpg" alt="Product Image"></a><p>Vitafusion Womens Multivitamin Gummies, Berry Flavored Daily Vitamins for Women With Vitamins A, C, D, E, B-6 and B-12, America’s Number 1 Gummy Vitamin Brand, 75 Days Supply, 150 Count</p><p>$11.99 ($0.08 / Count)</p><a href="https://www.amazon.com/dp/B007L0DPE0?tag=eloabder-20&linkCode=osi&th=1&psc=1">View Product</a></div><div class="product"><a href="https://www.amazon.com/dp/B00DS5BGDY?tag=eloabder-20&linkCode=osi&th=1&psc=1"><img src="https://m.media-amazon.com/images/I/41zXI0XuNYL._SL500_.jpg" alt="Product Image"></a><p>Nature Made Vitamin B12 1000 mcg, Dietary Supplement for Energy Metabolism Support, 150 Softgels, 150 Day Supply</p><p>$9.98 ($0.07 / Count)</p><a href="https://www.amazon.com/dp/B00DS5BGDY?tag=eloabder-20&linkCode=osi&th=1&psc=1">View Product</a></div><div class="product"><a href="https://www.amazon.com/dp/B004U3Y8OM?tag=eloabder-20&linkCode=osi&th=1&psc=1"><img src="https://m.media-amazon.com/images/I/41FAeb-VvJL._SL500_.jpg" alt="Product Image"></a><p>Nature Made Vitamin D3 1000 IU (25 mcg), Dietary Supplement for Bone, Teeth, Muscle and Immune Health Support, 300 Softgels, 300 Day Supply</p><p>$12.35 ($0.04 / Count)</p><a href="https://www.amazon.com/dp/B004U3Y8OM?tag=eloabder-20&linkCode=osi&th=1&psc=1">View Product</a></div><div class="product"><a href="https://www.amazon.com/dp/B002QO00YO?tag=eloabder-20&linkCode=osi&th=1&psc=1"><img src="https://m.media-amazon.com/images/I/41SQ-7dbsHL._SL500_.jpg" alt="Product Image"></a><p>Nature Made Vitamin D3 2000 IU (50 mcg), Dietary Supplement for Bone, Teeth, Muscle and Immune Health Support, 90 Softgels, 90 Day Supply</p><p>$6.28 ($0.07 / Count)</p><a href="https://www.amazon.com/dp/B002QO00YO?tag=eloabder-20&linkCode=osi&th=1&psc=1">View Product</a></div><div class="product"><a href="https://www.amazon.com/dp/B09KCCVL9V?tag=eloabder-20&linkCode=osi&th=1&psc=1"><img src="https://m.media-amazon.com/images/I/419o0W0LJgL._SL500_.jpg" alt="Product Image"></a><p>Centrum Silver Women's Multivitamin for Women 50 Plus, Multivitamin/Multimineral Supplement with Vitamin D3, B Vitamins, Non-GMO Ingredients, Supports Memory and Cognition in Older Adults - 200 Ct</p><p>$15.99 ($0.08 / Count)</p><a href="https://www.amazon.com/dp/B09KCCVL9V?tag=eloabder-20&linkCode=osi&th=1&psc=1">View Product</a></div><div class="product"><a href="https://www.amazon.com/dp/B004QQ9LVS?tag=eloabder-20&linkCode=osi&th=1&psc=1"><img src="https://m.media-amazon.com/images/I/41YF4lk0WwL._SL500_.jpg" alt="Product Image"></a><p>SmartyPants Kids Multivitamin Gummies: Omega 3 Fish Oil (EPA/DHA), Vitamin D3, C, Vitamin B12, B6, Vitamin A, K & Zinc for Immune Support, Gluten Free, Three Fruit Flavors, 120 Count (30 Day Supply)</p><p>$19.81 ($0.17 / Count)</p><a href="https://www.amazon.com/dp/B004QQ9LVS?tag=eloabder-20&linkCode=osi&th=1&psc=1">View Product</a></div><div class="product"><a href="https://www.amazon.com/dp/B0000DJASY?tag=eloabder-20&linkCode=osi&th=1&psc=1"><img src="https://m.media-amazon.com/images/I/41PwuIsYASL._SL500_.jpg" alt="Product Image"></a><p>Nature Made Extra Strength Vitamin C 1000 mg, Dietary Supplement for Immune Support, 100 Tablets, 100 Day Supply</p><p>$9.50 ($0.10 / Count)</p><a href="https://www.amazon.com/dp/B0000DJASY?tag=eloabder-20&linkCode=osi&th=1&psc=1">View Product</a></div>
<div class="product"><a href="https://www.amazon.com/dp/B01DBTFO98?tag=eloabder-20&linkCode=osi&th=1&psc=1"><img src="https://m.media-amazon.com/images/I/61+VtB3+QPL._SL500_.jpg" alt="Product Image"></a><p>Turmeric Curcumin with Black Pepper Extract 1500mg - High Absorption Ultra Potent Turmeric Supplement with 95% Curcuminoids and BioPerine - Non GMO Turmeric Capsules for Joint Support - 90 Capsules</p><p>$18.79 ($0.21 / Count)</p><a href="https://www.amazon.com/dp/B01DBTFO98?tag=eloabder-20&linkCode=osi&th=1&psc=1">View Product</a></div><div class="product"><a href="https://www.amazon.com/dp/B0BG6TGKZS?tag=eloabder-20&linkCode=osi&th=1&psc=1"><img src="https://m.media-amazon.com/images/I/41aCogcx9OL._SL500_.jpg" alt="Product Image"></a><p>Clean Nutraceuticals Lions Mane 3000mg 20in1 Mushroom Supplement with Turkey Tail 2000mg Reishi 1000mg Cordyceps Chaga 1000mg Maitake Meshima Poria Cocos Shiitake Oyster Porcini Enoki 60 Count</p><p>$29.95 ($0.50 / Count)</p><a href="https://www.amazon.com/dp/B0BG6TGKZS?tag=eloabder-20&linkCode=osi&th=1&psc=1">View Product</a></div><div class="product"><a href="https://www.amazon.com/dp/B08YLTCDTN?tag=eloabder-20&linkCode=osi&th=1&psc=1"><img src="https://m.media-amazon.com/images/I/41aybXdjmLL._SL500_.jpg" alt="Product Image"></a><p>Nature's Bounty Zinc 50mg, Immune Support & Antioxidant Supplement, Promotes Skin Health 250 Caplets</p><p>$9.48 ($0.04 / Count)</p><a href="https://www.amazon.com/dp/B08YLTCDTN?tag=eloabder-20&linkCode=osi&th=1&psc=1">View Product</a></div><div class="product"><a href="https://www.amazon.com/dp/B07TK5K5TQ?tag=eloabder-20&linkCode=osi&th=1&psc=1"><img src="https://m.media-amazon.com/images/I/41S-Rt0xcrL._SL500_.jpg" alt="Product Image"></a><p>TRU NIAGEN Patented NAD+ Supplement for Anti Aging and Cell Regeneration, 300 mg Niagen, 30 Servings | Supports Cellular Energy, Brain, Muscle | Nicotinamide Riboside (NR) Take 1 Daily | 1 Bottle</p><p>$45.90 ($1.53 / Count)</p><a href="https://www.amazon.com/dp/B07TK5K5TQ?tag=eloabder-20&linkCode=osi&th=1&psc=1">View Product</a></div><div class="product"><a href="https://www.amazon.com/dp/B08HHQWBBZ?tag=eloabder-20&linkCode=osi&th=1&psc=1"><img src="https://m.media-amazon.com/images/I/51LeIP217fL._SL500_.jpg" alt="Product Image"></a><p>NutriFlair Premium Berberine HCL 1200mg, 120 Capsules - plus Pure True Ceylon Cinnamon, Berberine HCI Root Supplements Pills - immune system, healthy weight management</p><p>$26.99 ($0.22 / Count)</p><a href="https://www.amazon.com/dp/B08HHQWBBZ?tag=eloabder-20&linkCode=osi&th=1&psc=1">View Product</a></div><div class="product"><a href="https://www.amazon.com/dp/B078SH8WGC?tag=eloabder-20&linkCode=osi&th=1&psc=1"><img src="https://m.media-amazon.com/images/I/51z5QG2DZKL._SL500_.jpg" alt="Product Image"></a><p>Turmeric Curcumin with BioPerine & Ginger 95% Curcuminoids 1950mg - Black Pepper Extract for Max Absorption, Nature's Joint Support Supplement, Herbal Turmeric Pills, Vegan Non-GMO - 120 Capsules</p><p>$16.82 ($0.14 / Count)</p><a href="https://www.amazon.com/dp/B078SH8WGC?tag=eloabder-20&linkCode=osi&th=1&psc=1">View Product</a></div><div class="product"><a href="https://www.amazon.com/dp/B0000DJAQU?tag=eloabder-20&linkCode=osi&th=1&psc=1"><img src="https://m.media-amazon.com/images/I/41c7alI7ydL._SL500_.jpg" alt="Product Image"></a><p>Nature Made Fish Oil 1200 mg Softgels, Fish Oil Supplements, Omega 3 Fish Oil for Healthy Heart Support, Omega 3 Supplement with 100 Softgels, 50 Day Supply</p><p>$9.99 ($0.10 / Count)</p><a href="https://www.amazon.com/dp/B0000DJAQU?tag=eloabder-20&linkCode=osi&th=1&psc=1">View Product</a></div><div class="product"><a href="https://www.amazon.com/dp/B01BMDAVIY?tag=eloabder-20&linkCode=osi&th=1&psc=1"><img src="https://m.media-amazon.com/images/I/31KIpekdbRL._SL500_.jpg" alt="Product Image"></a><p>NatureWise Curcumin Turmeric 2250mg | 95% Curcuminoids & BioPerine Black Pepper Extract | Advanced Absorption for Joint Support [2 Month Supply - 180 Count]</p><p>$21.49 ($0.12 / Count)</p><a href="https://www.amazon.com/dp/B01BMDAVIY?tag=eloabder-20&linkCode=osi&th=1&psc=1">View Product</a></div><div class="product"><a href="https://www.amazon.com/dp/B074QHCL9Z?tag=eloabder-20&linkCode=osi&th=1&psc=1"><img src="https://m.media-amazon.com/images/I/416o-Si5NIL._SL500_.jpg" alt="Product Image"></a><p>Nature Made Turmeric Curcumin 500 mg, Herbal Supplement for Antioxidant Support, 120 Capsules, 120 Day Supply</p><p>$17.28 ($0.14 / Count)</p><a href="https://www.amazon.com/dp/B074QHCL9Z?tag=eloabder-20&linkCode=osi&th=1&psc=1">View Product</a></div><div class="product"><a href="https://www.amazon.com/dp/B0CV9JW4DS?tag=eloabder-20&linkCode=osi&th=1&psc=1"><img src="https://m.media-amazon.com/images/I/51L8z3xzNsL._SL500_.jpg" alt="Product Image"></a><p>Zoyava Dynamic Vitality Bundle, Sea Moss and Shilajit Bundle, Sea Moss 7000mg, Black Seed Oil 4000mg, Ashwagandha 2000mg, Ginger & Shilajit 9000mg, Rhodiola Rosea 1000mg, Panax Ginseng (60 Count)</p><p>$31.99 ($0.53 / Count)</p><a href="https://www.amazon.com/dp/B0CV9JW4DS?tag=eloabder-20&linkCode=osi&th=1&psc=1">View Product</a></div>
<div class="product"><a href="https://www.amazon.com/dp/B01AB4U6PI?tag=eloabder-20&linkCode=osi&th=1&psc=1"><img src="https://m.media-amazon.com/images/I/41rff0KTJnL._SL500_.jpg" alt="Product Image"></a><p>Salonpas Pain Relieving Patch for Back, Neck, Shoulder, Knee Pain and Muscle Soreness - 8 Hour Pain Relief - 60 Count</p><p>$10.34 ($0.17 / Count)</p><a href="https://www.amazon.com/dp/B01AB4U6PI?tag=eloabder-20&linkCode=osi&th=1&psc=1">View Product</a></div><div class="product"><a href="https://www.amazon.com/dp/B0CTTF514L?tag=eloabder-20&linkCode=osi&th=1&psc=1"><img src="https://m.media-amazon.com/images/I/51akRPk18aL._SL500_.jpg" alt="Product Image"></a><p>Advil Targeted Relief Pain Relieving Cream with Massage Applicator, Up to 8 Hours of Powerful Relief of Joint Pain, Lower Back Pain and Muscle Pain, 2.5 oz</p><p>$13.63 ($5.45 / Ounce)</p><a href="https://www.amazon.com/dp/B0CTTF514L?tag=eloabder-20&linkCode=osi&th=1&psc=1">View Product</a></div><div class="product"><a href="https://www.amazon.com/dp/B084ZMMVQS?tag=eloabder-20&linkCode=osi&th=1&psc=1"><img src="https://m.media-amazon.com/images/I/51yLIRFzDGL._SL500_.jpg" alt="Product Image"></a><p>Voltaren Arthritis Pain Gel for Powerful Topical Arthritis Pain Relief - NEW Easy Open Cap - 100 g x 2</p><p>$26.36 ($3.77 / Ounce)</p><a href="https://www.amazon.com/dp/B084ZMMVQS?tag=eloabder-20&linkCode=osi&th=1&psc=1">View Product</a></div><div class="product"><a href="https://www.amazon.com/dp/B01ITWHT7C?tag=eloabder-20&linkCode=osi&th=1&psc=1"><img src="https://m.media-amazon.com/images/I/41KR-44GBTL._SL500_.jpg" alt="Product Image"></a><p>Salonpas Pain Relieving Patch, LARGE, 6 Count, for Back, Neck, Shoulder, Knee Pain and Muscle Soreness, 8 Hour Pain Relief</p><p>$5.23 ($0.87 / Count)</p><a href="https://www.amazon.com/dp/B01ITWHT7C?tag=eloabder-20&linkCode=osi&th=1&psc=1">View Product</a></div><div class="product"><a href="https://www.amazon.com/dp/B0CTTPJSYP?tag=eloabder-20&linkCode=osi&th=1&psc=1"><img src="https://m.media-amazon.com/images/I/51McdhdZDjL._SL500_.jpg" alt="Product Image"></a><p>Advil Targeted Relief Pain Relieving Cream, Up to 8 Hours of Powerful Relief of Joint Pain, Lower Back Pain and Muscle Pain - 2.3 oz</p><p>$10.98 ($4.77 / Ounce)</p><a href="https://www.amazon.com/dp/B0CTTPJSYP?tag=eloabder-20&linkCode=osi&th=1&psc=1">View Product</a></div><div class="product"><a href="https://www.amazon.com/dp/B074F2H9VT?tag=eloabder-20&linkCode=osi&th=1&psc=1"><img src="https://m.media-amazon.com/images/I/31h55XAq3BL._SL500_.jpg" alt="Product Image"></a><p>Amazon Basic Care Extra Strength Pain Relief, Acetaminophen Caplets, 500 mg, 200 Count</p><p>$4.79 ($0.02 / Count)</p><a href="https://www.amazon.com/dp/B074F2H9VT?tag=eloabder-20&linkCode=osi&th=1&psc=1">View Product</a></div><div class="product"><a href="https://www.amazon.com/dp/B00HCQEYCK?tag=eloabder-20&linkCode=osi&th=1&psc=1"><img src="https://m.media-amazon.com/images/I/51D8+ZSqZvL._SL500_.jpg" alt="Product Image"></a><p>Boiron Arnicare Gel for Soothing Relief of Joint Pain, Muscle Pain, Muscle Soreness, and Swelling from Bruises or Injury - Non-greasy and Fragrance-Free - 2.6 oz</p><p>$8.32 ($3.20 / Ounce)</p><a href="https://www.amazon.com/dp/B00HCQEYCK?tag=eloabder-20&linkCode=osi&th=1&psc=1">View Product</a></div><div class="product"><a href="https://www.amazon.com/dp/B0BTMWW333?tag=eloabder-20&linkCode=osi&th=1&psc=1"><img src="https://m.media-amazon.com/images/I/515qvsGXGOL._SL500_.jpg" alt="Product Image"></a><p>Absorbine Jr. PRO Maximum Strength Lidocaine Roll-On for Fast Nerve and Muscle Pain Relief</p><p>$12.97 ($5.19 / Ounce)</p><a href="https://www.amazon.com/dp/B0BTMWW333?tag=eloabder-20&linkCode=osi&th=1&psc=1">View Product</a></div><div class="product"><a href="https://www.amazon.com/dp/B01LXFEY6H?tag=eloabder-20&linkCode=osi&th=1&psc=1"><img src="https://m.media-amazon.com/images/I/31hLnewBXIL._SL500_.jpg" alt="Product Image"></a><p>Biofreeze Pain Relief Gel, Arthritis Pain Reliver, Knee & Lower Back Pain Relief, Sore Muscle Relief, Neck Pain Relief, Pharmacist Recommended, FSA Eligible, 3 FL OZ Biofreeze Menthol Gel</p><p>$10.35 ($3.45 / Ounce)</p><a href="https://www.amazon.com/dp/B01LXFEY6H?tag=eloabder-20&linkCode=osi&th=1&psc=1">View Product</a></div><div class="product"><a href="https://www.amazon.com/dp/B000WZOJCI?tag=eloabder-20&linkCode=osi&th=1&psc=1"><img src="https://m.media-amazon.com/images/I/31jVr3ExroL._SL500_.jpg" alt="Product Image"></a><p>Sombra Warm Pain Relief Gel, 8-Ounce</p><p>$24.09 ($3.01 / Ounce)</p><a href="https://www.amazon.com/dp/B000WZOJCI?tag=eloabder-20&linkCode=osi&th=1&psc=1">View Product</a></div>
<div class="product"><a href="https://www.amazon.com/dp/B09NWH8553?tag=eloabder-20&linkCode=osi&th=1&psc=1"><img src="https://m.media-amazon.com/images/I/515vtwhdqiL._SL500_.jpg" alt="Product Image"></a><p>Johnson & Johnson All-Purpose Portable Compact First Aid Kit for Minor Cuts, Scrapes, Sprains & Burns, Ideal for Home, Car, Travel, Camping and Outdoor Emergencies, 160 pieces</p><p>$15.55</p><a href="https://www.amazon.com/dp/B09NWH8553?tag=eloabder-20&linkCode=osi&th=1&psc=1">View Product</a></div><div class="product"><a href="https://www.amazon.com/dp/B000069EYA?tag=eloabder-20&linkCode=osi&th=1&psc=1"><img src="https://m.media-amazon.com/images/I/51aUpEuI0cL._SL500_.jpg" alt="Product Image"></a><p>First Aid Only 299 Piece All-Purpose First Aid Emergency Kit (FAO-442)</p><p>$17.49</p><a href="https://www.amazon.com/dp/B000069EYA?tag=eloabder-20&linkCode=osi&th=1&psc=1">View Product</a></div><div class="product"><a href="https://www.amazon.com/dp/B076FS9RYL?tag=eloabder-20&linkCode=osi&th=1&psc=1"><img src="https://m.media-amazon.com/images/I/51A3wOry1oL._SL500_.jpg" alt="Product Image"></a><p>General Medi 160 Piece First Aid Kit Bag Refill Kit - Includes Eyewash, Instant Cold Pack, Bandages,Emergency Blanket, Moleskin Pad, Gauze - Extra Replacement Medical Supplies for First Aid</p><p>$18.95</p><a href="https://www.amazon.com/dp/B076FS9RYL?tag=eloabder-20&linkCode=osi&th=1&psc=1">View Product</a></div><div class="product"><a href="https://www.amazon.com/dp/B0CMSVYQW5?tag=eloabder-20&linkCode=osi&th=1&psc=1"><img src="https://m.media-amazon.com/images/I/51R6OcPKsiL._SL500_.jpg" alt="Product Image"></a><p>AZEN 25 Pack Gauze Rolls Bandages, 3 in x 4.1 Yards, Premium Medical Supplies & First Aid Supplies, Bandage Wrap Vet Wrap, Mummy Wraps</p><p>$6.99 ($0.28 / Count)</p><a href="https://www.amazon.com/dp/B0CMSVYQW5?tag=eloabder-20&linkCode=osi&th=1&psc=1">View Product</a></div><div class="product"><a href="https://www.amazon.com/dp/B08P28JYCR?tag=eloabder-20&linkCode=osi&th=1&psc=1"><img src="https://m.media-amazon.com/images/I/51m0p4thWvL._SL500_.jpg" alt="Product Image"></a><p>First Aid Only OSHA-Compliant All-Purpose 100-Person Emergency First Aid Kit for Home, Work, and Travel, 335 Pieces</p><p>$35.65</p><a href="https://www.amazon.com/dp/B08P28JYCR?tag=eloabder-20&linkCode=osi&th=1&psc=1">View Product</a></div><div class="product"><a href="https://www.amazon.com/dp/B08P27LHJ4?tag=eloabder-20&linkCode=osi&th=1&psc=1"><img src="https://m.media-amazon.com/images/I/41Crt9xFJOL._SL500_.jpg" alt="Product Image"></a><p>First Aid Only 91248 OSHA-Compliant All-Purpose 50-Person Emergency First Aid Kit for Home, Work, and Travel, 260 Pieces</p><p>$21.99</p><a href="https://www.amazon.com/dp/B08P27LHJ4?tag=eloabder-20&linkCode=osi&th=1&psc=1">View Product</a></div><div class="product"><a href="https://www.amazon.com/dp/B0084GX1JO?tag=eloabder-20&linkCode=osi&th=1&psc=1"><img src="https://m.media-amazon.com/images/I/31BzSButj2S._SL500_.jpg" alt="Product Image"></a><p>First Aid Only FAE-7011 SmartCompliance Refill Burn Cream Packets, 10 Count</p><p>$3.99 ($0.40 / Count)</p><a href="https://www.amazon.com/dp/B0084GX1JO?tag=eloabder-20&linkCode=osi&th=1&psc=1">View Product</a></div><div class="product"><a href="https://www.amazon.com/dp/B093JSJ2ZF?tag=eloabder-20&linkCode=osi&th=1&psc=1"><img src="https://m.media-amazon.com/images/I/51zutl8x7pS._SL500_.jpg" alt="Product Image"></a><p>Ever Ready First Aid Disposable Cold Compress Therapy Instant Ice Pack for Injuries 4.5" x 7" - 6 Pack</p><p>$8.95 ($1.49 / Count)</p><a href="https://www.amazon.com/dp/B093JSJ2ZF?tag=eloabder-20&linkCode=osi&th=1&psc=1">View Product</a></div><div class="product"><a href="https://www.amazon.com/dp/B00CEK3D8U?tag=eloabder-20&linkCode=osi&th=1&psc=1"><img src="https://m.media-amazon.com/images/I/41JFciltbaL._SL500_.jpg" alt="Product Image"></a><p>First Aid Only 18-012 Hydrocortisone Cream Packets, 12 Count</p><p>$2.49 ($6.55 / Ounce)</p><a href="https://www.amazon.com/dp/B00CEK3D8U?tag=eloabder-20&linkCode=osi&th=1&psc=1">View Product</a></div><div class="product"><a href="https://www.amazon.com/dp/B01LX9UR77?tag=eloabder-20&linkCode=osi&th=1&psc=1"><img src="https://m.media-amazon.com/images/I/51A7ljiKvAL._SL500_.jpg" alt="Product Image"></a><p>Ever Ready First Aid Self Adherent Cohesive Bandages 3" x 5 Yards - 6 Count, Rainbow Colors</p><p>$9.95 ($1.66 / Count)</p><a href="https://www.amazon.com/dp/B01LX9UR77?tag=eloabder-20&linkCode=osi&th=1&psc=1">View Product</a></div>
<div class="product"><a href="https://www.amazon.com/dp/B0D1KXV9ZS?tag=eloabder-20&linkCode=osi&th=1&psc=1"><img src="https://m.media-amazon.com/images/I/311Liu9BWoL._SL500_.jpg" alt="Product Image"></a><p>Vagisil pH Balance Daily Freshening Wipes for Feminine Hygiene in Resealable Pouch, Gynecologist Tested & Hypoallergenic, 20 Wipes (Pack of 1)</p><p>$2.97 ($0.15 / Count)</p><a href="https://www.amazon.com/dp/B0D1KXV9ZS?tag=eloabder-20&linkCode=osi&th=1&psc=1">View Product</a></div><div class="product"><a href="https://www.amazon.com/dp/B000QXH4PK?tag=eloabder-20&linkCode=osi&th=1&psc=1"><img src="https://m.media-amazon.com/images/I/41SXL+-YzcL._SL500_.jpg" alt="Product Image"></a><p>Listerine Cool Mint Pocketpaks Breath Strips Kills Bad Breath Germs, 24-Strip Pack, 3 Pack</p><p>$5.72 ($0.08 / Count)</p><a href="https://www.amazon.com/dp/B000QXH4PK?tag=eloabder-20&linkCode=osi&th=1&psc=1">View Product</a></div><div class="product"><a href="https://www.amazon.com/dp/B0C7BF3ZPK?tag=eloabder-20&linkCode=osi&th=1&psc=1"><img src="https://m.media-amazon.com/images/I/41luSMM-7GL._SL500_.jpg" alt="Product Image"></a><p>Peri Bottle for Postpartum & Perineal Care,Portable Travel Bidet for Personal Hygiene Cleaning,16.9 OZ (1Green)</p><p>$14.49 ($14.49 / Count)</p><a href="https://www.amazon.com/dp/B0C7BF3ZPK?tag=eloabder-20&linkCode=osi&th=1&psc=1">View Product</a></div><div class="product"><a href="https://www.amazon.com/dp/B091MBD3Q3?tag=eloabder-20&linkCode=osi&th=1&psc=1"><img src="https://m.media-amazon.com/images/I/51y96dNQUfL._SL500_.jpg" alt="Product Image"></a><p>GuruNanda Tongue Scraper for Adults (2 Pack) with Travel Case, 420 Medical-Grade 100% Stainless Steel Tongue Cleaner, Aids in Fresh Breath & Oral Care</p><p>$4.97 ($2.48 / Count)</p><a href="https://www.amazon.com/dp/B091MBD3Q3?tag=eloabder-20&linkCode=osi&th=1&psc=1">View Product</a></div><div class="product"><a href="https://www.amazon.com/dp/B0CR9WN3Y1?tag=eloabder-20&linkCode=osi&th=1&psc=1"><img src="https://m.media-amazon.com/images/I/51quPRWZiIL._SL500_.jpg" alt="Product Image"></a><p>G.CATACC Dental Tools, Dental Pick Teeth Cleaning Tools, Dental Hygiene Kit, Plaque Remover for Teeth, Professional Stainless Steel Tooth Scraper Plaque Tartar Cleaner - with Case</p><p>$7.96</p><a href="https://www.amazon.com/dp/B0CR9WN3Y1?tag=eloabder-20&linkCode=osi&th=1&psc=1">View Product</a></div>
<div class="product"><a href="https://www.amazon.com/dp/B09F8FZ18G?tag=eloabder-20&linkCode=osi&th=1&psc=1"><img src="https://m.media-amazon.com/images/I/51WkgqQXqCL._SL500_.jpg" alt="Product Image"></a><p>Crest 3D White Advanced Luminous Mint Teeth Whitening Toothpaste, 3.7 oz Pack of 4 - Helps Remove Surface Stains, Whitens Teeth, Strengthens Tooth Enamel, Protects Against Cavities</p><p>$14.99 ($1.01 / Ounce)</p><a href="https://www.amazon.com/dp/B09F8FZ18G?tag=eloabder-20&linkCode=osi&th=1&psc=1">View Product</a></div><div class="product"><a href="https://www.amazon.com/dp/B005PLQIQ4?tag=eloabder-20&linkCode=osi&th=1&psc=1"><img src="https://m.media-amazon.com/images/I/51DOyE1fx2L._SL500_.jpg" alt="Product Image"></a><p>Crest + Scope Complete Whitening Toothpaste - Pack of 3, 5.4 Oz Tubes - Anticavity Fluoride Toothpaste - Fresh Breath, Kills Germs - Tartar Protection, Enamel Protection - Minty Fresh Flavor</p><p>$8.99 ($0.55 / Ounce)</p><a href="https://www.amazon.com/dp/B005PLQIQ4?tag=eloabder-20&linkCode=osi&th=1&psc=1">View Product</a></div><div class="product"><a href="https://www.amazon.com/dp/B01BNHREXE?tag=eloabder-20&linkCode=osi&th=1&psc=1"><img src="https://m.media-amazon.com/images/I/41J8piWJzLL._SL500_.jpg" alt="Product Image"></a><p>Colgate Baking Soda & Peroxide Toothpaste - Whitens Teeth, Fights Cavities & Removes Stains, Brisk Mint, 6 Ounce (Pack of 2)</p><p>$3.78 ($0.32 / Ounce)</p><a href="https://www.amazon.com/dp/B01BNHREXE?tag=eloabder-20&linkCode=osi&th=1&psc=1">View Product</a></div><div class="product"><a href="https://www.amazon.com/dp/B08S8QNW2K?tag=eloabder-20&linkCode=osi&th=1&psc=1"><img src="https://m.media-amazon.com/images/I/51uFURqklfL._SL500_.jpg" alt="Product Image"></a><p>Crest Complete Active Fresh + Whitening Toothpaste, 5.5oz (Pack of 4)</p><p>$10.99 ($0.50 / Ounce)</p><a href="https://www.amazon.com/dp/B08S8QNW2K?tag=eloabder-20&linkCode=osi&th=1&psc=1">View Product</a></div><div class="product"><a href="https://www.amazon.com/dp/B0BLJ68F9R?tag=eloabder-20&linkCode=osi&th=1&psc=1"><img src="https://m.media-amazon.com/images/I/51ccJX66fBL._SL500_.jpg" alt="Product Image"></a><p>Crest Pro-Health Clean Mint Toothpaste (4.3oz) Triple Pack</p><p>$8.97 ($0.70 / Ounce)</p><a href="https://www.amazon.com/dp/B0BLJ68F9R?tag=eloabder-20&linkCode=osi&th=1&psc=1">View Product</a></div><div class="product"><a href="https://www.amazon.com/dp/B07C1ZQ5ZY?tag=eloabder-20&linkCode=osi&th=1&psc=1"><img src="https://m.media-amazon.com/images/I/41RgpjDdTeL._SL500_.jpg" alt="Product Image"></a><p>Sensodyne Repair and Protect Whitening Toothpaste, Toothpaste for Sensitive Teeth and Cavity Prevention, 3.4 oz (Pack of 2)</p><p>$12.48 ($1.84 / Ounce)</p><a href="https://www.amazon.com/dp/B07C1ZQ5ZY?tag=eloabder-20&linkCode=osi&th=1&psc=1">View Product</a></div><div class="product"><a href="https://www.amazon.com/dp/B0CQKNQ2GR?tag=eloabder-20&linkCode=osi&th=1&psc=1"><img src="https://m.media-amazon.com/images/I/414VWUZJYvL._SL500_.jpg" alt="Product Image"></a><p>Crest 3D White Advanced Teeth Whitening Toothpaste, Radiant Mint, 3.3 oz, Pack of 3</p><p>$12.97 ($1.31 / Ounce)</p><a href="https://www.amazon.com/dp/B0CQKNQ2GR?tag=eloabder-20&linkCode=osi&th=1&psc=1">View Product</a></div><div class="product"><a href="https://www.amazon.com/dp/B082F1QH7S?tag=eloabder-20&linkCode=osi&th=1&psc=1"><img src="https://m.media-amazon.com/images/I/41QujaAN0gL._SL500_.jpg" alt="Product Image"></a><p>Colgate Optic White Advanced Hydrogen Peroxide Toothpaste, Teeth Whitening Toothpaste Pack, Enamel-Safe Formula, Helps Remove Tea, Coffee, and Wine Stains, Sparkling White, 3 Pack, 3.2 oz</p><p>$12.96 ($1.35 / Ounce)</p><a href="https://www.amazon.com/dp/B082F1QH7S?tag=eloabder-20&linkCode=osi&th=1&psc=1">View Product</a></div><div class="product"><a href="https://www.amazon.com/dp/B09VK1RKM8?tag=eloabder-20&linkCode=osi&th=1&psc=1"><img src="https://m.media-amazon.com/images/I/51Kb2dMe82L._SL500_.jpg" alt="Product Image"></a><p>Arm & Hammer Advance White Toothpaste, Clean Mint Flavor, Stain Defense Technology, 6 Ounce (Pack of 4)</p><p>$13.96 ($0.58 / Ounce)</p><a href="https://www.amazon.com/dp/B09VK1RKM8?tag=eloabder-20&linkCode=osi&th=1&psc=1">View Product</a></div>
<div class="product"><a href="https://www.amazon.com/dp/B00CC6XSRC?tag=eloabder-20&linkCode=osi&th=1&psc=1"><img src="https://m.media-amazon.com/images/I/41OKKVbMN-L._SL500_.jpg" alt="Product Image"></a><p>Colgate Extra Clean Toothbrush, Medium Bulk Toothbrush Pack, Adult Medium Bristle Toothbrushes with Ergonomic Handle and Circular Cleaning Bristles, Helps Remove Surface Stains, 6 Pack</p><p>$4.96 ($0.83 / Count)</p><a href="https://www.amazon.com/dp/B00CC6XSRC?tag=eloabder-20&linkCode=osi&th=1&psc=1">View Product</a></div><div class="product"><a href="https://www.amazon.com/dp/B06XK2M3H3?tag=eloabder-20&linkCode=osi&th=1&psc=1"><img src="https://m.media-amazon.com/images/I/41tntn0c7BL._SL500_.jpg" alt="Product Image"></a><p>Oral-B Vivid Dual Action Whitening Toothbrushes, Soft, 4 Count (Packaging and Product Color May Vary)</p><p>$7.69 ($1.92 / Count)</p><a href="https://www.amazon.com/dp/B06XK2M3H3?tag=eloabder-20&linkCode=osi&th=1&psc=1">View Product</a></div><div class="product"><a href="https://www.amazon.com/dp/B01KZ6V00W?tag=eloabder-20&linkCode=osi&th=1&psc=1"><img src="https://m.media-amazon.com/images/I/51+dIaobkXL._SL500_.jpg" alt="Product Image"></a><p>Oral-B CrossAction All In One Soft Toothbrushes, Deep Plaque Removal, Rounded Bristles Gentle on Teeth, Tongue and Cheek Cleaner, Gum Stimulators, 6 Count</p><p>$17.97 ($3.00 / Count)</p><a href="https://www.amazon.com/dp/B01KZ6V00W?tag=eloabder-20&linkCode=osi&th=1&psc=1">View Product</a></div><div class="product"><a href="https://www.amazon.com/dp/B08QWYMMYL?tag=eloabder-20&linkCode=osi&th=1&psc=1"><img src="https://m.media-amazon.com/images/I/41WAFKNB0iL._SL500_.jpg" alt="Product Image"></a><p>Amazon Basics Clean Plus Toothbrushes, Soft, Full, 10 Count, Assorted Colors (Previously Solimo)</p><p>$5.28 ($0.53 / Count)</p><a href="https://www.amazon.com/dp/B08QWYMMYL?tag=eloabder-20&linkCode=osi&th=1&psc=1">View Product</a></div><div class="product"><a href="https://www.amazon.com/dp/B07S9GV83R?tag=eloabder-20&linkCode=osi&th=1&psc=1"><img src="https://m.media-amazon.com/images/I/41ziiRLsaEL._SL500_.jpg" alt="Product Image"></a><p>Colgate 360 Optic White Advanced Whitening Toothbrush, Adult Medium Toothbrush with Whitening Cups, Helps Whiten Teeth and Removes Odor Causing Bacteria, 2 Pack</p><p>$6.96 ($3.48 / Count)</p><a href="https://www.amazon.com/dp/B07S9GV83R?tag=eloabder-20&linkCode=osi&th=1&psc=1">View Product</a></div><div class="product"><a href="https://www.amazon.com/dp/B09HSS29YD?tag=eloabder-20&linkCode=osi&th=1&psc=1"><img src="https://m.media-amazon.com/images/I/41nh2h+aUpL._SL500_.jpg" alt="Product Image"></a><p>Reach Essentials Toothbrush with Toothbrush Covers, Multi-Angled Medium Bristles, Contoured Handle, Tongue Scraper, 6 Count</p><p>$3.98 ($0.66 / Count)</p><a href="https://www.amazon.com/dp/B09HSS29YD?tag=eloabder-20&linkCode=osi&th=1&psc=1">View Product</a></div><div class="product"><a href="https://www.amazon.com/dp/B08JQCZ71B?tag=eloabder-20&linkCode=osi&th=1&psc=1"><img src="https://m.media-amazon.com/images/I/41Zvcj-EvDL._SL500_.jpg" alt="Product Image"></a><p>Reach Essentials Toothbrush with Toothbrush Caps, Multi-Zoned Angled Soft Bristles, Contoured Handle, Tongue Scraper, 6 Count</p><p>$3.98 ($0.66 / Count)</p><a href="https://www.amazon.com/dp/B08JQCZ71B?tag=eloabder-20&linkCode=osi&th=1&psc=1">View Product</a></div><div class="product"><a href="https://www.amazon.com/dp/B07MH9CH76?tag=eloabder-20&linkCode=osi&th=1&psc=1"><img src="https://m.media-amazon.com/images/I/41skjrL65LL._SL500_.jpg" alt="Product Image"></a><p>Oral-B Charcoal Toothbrushes, Medium 2ct</p><p>$5.67 ($2.84 / Count)</p><a href="https://www.amazon.com/dp/B07MH9CH76?tag=eloabder-20&linkCode=osi&th=1&psc=1">View Product</a></div><div class="product"><a href="https://www.amazon.com/dp/B005LB75NI?tag=eloabder-20&linkCode=osi&th=1&psc=1"><img src="https://m.media-amazon.com/images/I/41-l+TIj4rS._SL500_.jpg" alt="Product Image"></a><p>NIMBUS Extra Soft Toothbrushes (Regular Size Head), Periodontist Design Tapered Bristles for Sensitive Teeth & Receding Gums (5 Pack, Colors May Vary)</p><p>$18.99 ($3.80 / Count)</p><a href="https://www.amazon.com/dp/B005LB75NI?tag=eloabder-20&linkCode=osi&th=1&psc=1">View Product</a></div>
<div class="product"><a href="https://www.amazon.com/dp/B00IRKRK9O?tag=eloabder-20&linkCode=osi&th=1&psc=1"><img src="https://m.media-amazon.com/images/I/51oNh1DLVjL._SL500_.jpg" alt="Product Image"></a><p>TheraBreath Fresh Breath Mouthwash, Icy Mint Flavor, Alcohol-Free, 16 Fl Oz (Pack of 2)</p><p>$15.34 ($0.48 / Fl Oz)</p><a href="https://www.amazon.com/dp/B00IRKRK9O?tag=eloabder-20&linkCode=osi&th=1&psc=1">View Product</a></div><div class="product"><a href="https://www.amazon.com/dp/B08MFWB9DY?tag=eloabder-20&linkCode=osi&th=1&psc=1"><img src="https://m.media-amazon.com/images/I/41EFMnoVtWL._SL500_.jpg" alt="Product Image"></a><p>Listerine Cool Mint Mouthwash, Kills 99.9% of Germs That Cause Bad Breath, Plaque and Gingivitis, Antiseptic, Cool Mint Flavor, 1 L (Pack of 2)</p><p>$21.98 ($0.33 / Count)</p><a href="https://www.amazon.com/dp/B08MFWB9DY?tag=eloabder-20&linkCode=osi&th=1&psc=1">View Product</a></div><div class="product"><a href="https://www.amazon.com/dp/B0126XBQK6?tag=eloabder-20&linkCode=osi&th=1&psc=1"><img src="https://m.media-amazon.com/images/I/41nVZBcG4uL._SL500_.jpg" alt="Product Image"></a><p>Crest Pro-Health Advanced Mouthwash, Alcohol Free, Extra Whitening, Energizing Mint Flavor, 946 mL (32 fl oz)</p><p>$7.32 ($0.23 / Fl Oz)</p><a href="https://www.amazon.com/dp/B0126XBQK6?tag=eloabder-20&linkCode=osi&th=1&psc=1">View Product</a></div><div class="product"><a href="https://www.amazon.com/dp/B0B5Y2G4HH?tag=eloabder-20&linkCode=osi&th=1&psc=1"><img src="https://m.media-amazon.com/images/I/41KhoumiQGL._SL500_.jpg" alt="Product Image"></a><p>Listerine Freshburst Antiseptic Mouthwash for Bad Breath, Kills 99% of Germs That Cause Bad Breath & Fight Plaque & Gingivitis, ADA Accepted Mouthwash, Spearmint, 1 L, Pack of 2</p><p>$13.96 ($0.21 / Fl Oz)</p><a href="https://www.amazon.com/dp/B0B5Y2G4HH?tag=eloabder-20&linkCode=osi&th=1&psc=1">View Product</a></div><div class="product"><a href="https://www.amazon.com/dp/B09HH8SDR6?tag=eloabder-20&linkCode=osi&th=1&psc=1"><img src="https://m.media-amazon.com/images/I/31hUvGiWasL._SL500_.jpg" alt="Product Image"></a><p>Amazon Basics Antiseptic Mouthwash, Blue Mint, 1 Litre, 33.8 Fluid Ounces, 1-Pack (Previously Solimo)</p><p>$6.24 ($0.18 / Fl Oz)</p><a href="https://www.amazon.com/dp/B09HH8SDR6?tag=eloabder-20&linkCode=osi&th=1&psc=1">View Product</a></div><div class="product"><a href="https://www.amazon.com/dp/B003CP12O8?tag=eloabder-20&linkCode=osi&th=1&psc=1"><img src="https://m.media-amazon.com/images/I/41q24Q+sXGL._SL500_.jpg" alt="Product Image"></a><p>Crest Pro Health Multi-Protection Mouthwash with CPC (Cetylpyridinium Chloride), Clean Mint, 1L (33.8 fl oz)</p><p>$4.97 ($0.05 / Fl Oz)</p><a href="https://www.amazon.com/dp/B003CP12O8?tag=eloabder-20&linkCode=osi&th=1&psc=1">View Product</a></div><div class="product"><a href="https://www.amazon.com/dp/B0B5Y7KCS8?tag=eloabder-20&linkCode=osi&th=1&psc=1"><img src="https://m.media-amazon.com/images/I/51Dmtgp-2ZL._SL500_.jpg" alt="Product Image"></a><p>Listerine Total Care Anticavity Fluoride Mouthwash, Kills 99.9% of Germs That cause Bad Breath and Prevents Cavities, Fresh Mint Flavor, 1L (Pack of 2)</p><p>$15.96 ($0.24 / Fl Oz)</p><a href="https://www.amazon.com/dp/B0B5Y7KCS8?tag=eloabder-20&linkCode=osi&th=1&psc=1">View Product</a></div><div class="product"><a href="https://www.amazon.com/dp/B001ET76AI?tag=eloabder-20&linkCode=osi&th=1&psc=1"><img src="https://m.media-amazon.com/images/I/516FU3AGpJL._SL500_.jpg" alt="Product Image"></a><p>TheraBreath Fresh Breath Mouthwash, Mild Mint Flavor, Alcohol-Free, 16 Fl Oz (2-Pack)</p><p>$15.34 ($0.48 / Fl Oz)</p><a href="https://www.amazon.com/dp/B001ET76AI?tag=eloabder-20&linkCode=osi&th=1&psc=1">View Product</a></div><div class="product"><a href="https://www.amazon.com/dp/B0C881GLNM?tag=eloabder-20&linkCode=osi&th=1&psc=1"><img src="https://m.media-amazon.com/images/I/51C2ohy2RWL._SL500_.jpg" alt="Product Image"></a><p>Crest Pro-Health Advanced Mouthwash, Alcohol Free, Multi-Protection, Fresh Mint, 1 L (33.8 fl oz), Pack of 2</p><p>$10.97 ($0.16 / Fl Oz)</p><a href="https://www.amazon.com/dp/B0C881GLNM?tag=eloabder-20&linkCode=osi&th=1&psc=1">View Product</a></div>
<div class="product"><a href="https://www.amazon.com/dp/B0828J5DJ3?tag=eloabder-20&linkCode=osi&th=1&psc=1"><img src="https://m.media-amazon.com/images/I/419pebc+HXL._SL500_.jpg" alt="Product Image"></a><p>Edge Shaving Gel for Men, Sensitive Skin with Aloe, 7oz (3 Pack) - Shaving Gel For Men That Moisturizes, Protects, and Soothes To Help Reduce Skin Irritation (Packaging May Vary)</p><p>$9.71 ($0.46 / Ounce)</p><a href="https://www.amazon.com/dp/B0828J5DJ3?tag=eloabder-20&linkCode=osi&th=1&psc=1">View Product</a></div><div class="product"><a href="https://www.amazon.com/dp/B00NERPNYE?tag=eloabder-20&linkCode=osi&th=1&psc=1"><img src="https://m.media-amazon.com/images/I/41W0Es9KyqL._SL500_.jpg" alt="Product Image"></a><p>Gillette Series 3X Action Shave Gel, Sensitive Twin Pack, 7 Oz (Pack of 2)</p><p>$5.97 ($0.43 / Fl Oz)</p><a href="https://www.amazon.com/dp/B00NERPNYE?tag=eloabder-20&linkCode=osi&th=1&psc=1">View Product</a></div><div class="product"><a href="https://www.amazon.com/dp/B00O4QAF9C?tag=eloabder-20&linkCode=osi&th=1&psc=1"><img src="https://m.media-amazon.com/images/I/41RVD6l-hrL._SL500_.jpg" alt="Product Image"></a><p>NIVEA MEN Sensitive Shave Gel with Vitamin E, Soothing Chamomile and Witch Hazel Extracts, No Drying Alcohols, 3 Pack of 7 Oz Cans</p><p>$12.29 ($0.59 / Ounce)</p><a href="https://www.amazon.com/dp/B00O4QAF9C?tag=eloabder-20&linkCode=osi&th=1&psc=1">View Product</a></div><div class="product"><a href="https://www.amazon.com/dp/B001KYQF3Q?tag=eloabder-20&linkCode=osi&th=1&psc=1"><img src="https://m.media-amazon.com/images/I/31s+x9rJ-qL._SL500_.jpg" alt="Product Image"></a><p>eos Shea Better Shaving Cream- Pomegranate Raspberry, Women's Shave Cream, Skin Care, Doubles as an In-Shower Lotion, 24-Hour Hydration, 7 fl oz</p><p>$3.97 ($0.57 / Fl Oz)</p><a href="https://www.amazon.com/dp/B001KYQF3Q?tag=eloabder-20&linkCode=osi&th=1&psc=1">View Product</a></div><div class="product"><a href="https://www.amazon.com/dp/B001E5E9RK?tag=eloabder-20&linkCode=osi&th=1&psc=1"><img src="https://m.media-amazon.com/images/I/515y2aCFbpL._SL500_.jpg" alt="Product Image"></a><p>Gillette Foamy Shaving Cream, Sensitive Skin, 11 Ounce (Pack of 12)</p><p>$16.74 ($0.25 / Ounce)</p><a href="https://www.amazon.com/dp/B001E5E9RK?tag=eloabder-20&linkCode=osi&th=1&psc=1">View Product</a></div><div class="product"><a href="https://www.amazon.com/dp/B01ALAVIK4?tag=eloabder-20&linkCode=osi&th=1&psc=1"><img src="https://m.media-amazon.com/images/I/41VmDEGM01L._SL500_.jpg" alt="Product Image"></a><p>Gillette Satin Care Ultra Sensitive Shave Gel for Women, Pack of 2, 7oz Each, Frangrance Free</p><p>$5.27 ($0.38 / Fl Oz)</p><a href="https://www.amazon.com/dp/B01ALAVIK4?tag=eloabder-20&linkCode=osi&th=1&psc=1">View Product</a></div><div class="product"><a href="https://www.amazon.com/dp/B00MW3AIHI?tag=eloabder-20&linkCode=osi&th=1&psc=1"><img src="https://m.media-amazon.com/images/I/51Bxum4jbHL._SL500_.jpg" alt="Product Image"></a><p>Barbasol Thick and Rich Shaving Cream, Original 10 oz (Pack of 2)</p><p>$12.47 ($0.12 / Ounce)</p><a href="https://www.amazon.com/dp/B00MW3AIHI?tag=eloabder-20&linkCode=osi&th=1&psc=1">View Product</a></div><div class="product"><a href="https://www.amazon.com/dp/B00005338S?tag=eloabder-20&linkCode=osi&th=1&psc=1"><img src="https://m.media-amazon.com/images/I/31tOr1F5ErL._SL500_.jpg" alt="Product Image"></a><p>Gillette Foamy Regular Shaving Foam, 2 oz</p><p>$1.29 ($0.64 / Ounce)</p><a href="https://www.amazon.com/dp/B00005338S?tag=eloabder-20&linkCode=osi&th=1&psc=1">View Product</a></div><div class="product"><a href="https://www.amazon.com/dp/B00Q1L9Q0W?tag=eloabder-20&linkCode=osi&th=1&psc=1"><img src="https://m.media-amazon.com/images/I/41m5NDPkYuL._SL500_.jpg" alt="Product Image"></a><p>Barbasol Thick & Rich Shaving Cream, Original 10 oz (Value Pack of 3)</p><p>$14.50 ($4.83 / Count)</p><a href="https://www.amazon.com/dp/B00Q1L9Q0W?tag=eloabder-20&linkCode=osi&th=1&psc=1">View Product</a></div>
<div class="product"><a href="https://www.amazon.com/dp/B01H4KQYJY?tag=eloabder-20&linkCode=osi&th=1&psc=1"><img src="https://m.media-amazon.com/images/I/41p2XO+cG8S._SL500_.jpg" alt="Product Image"></a><p>Dorco 100 Piece Prime Double Edge Razor Blades</p><p>$11.25 ($0.11 / Count)</p><a href="https://www.amazon.com/dp/B01H4KQYJY?tag=eloabder-20&linkCode=osi&th=1&psc=1">View Product</a></div><div class="product"><a href="https://www.amazon.com/dp/B07CZCQ481?tag=eloabder-20&linkCode=osi&th=1&psc=1"><img src="https://m.media-amazon.com/images/I/51fV12qs95L._SL500_.jpg" alt="Product Image"></a><p>Amazon Basics 5-Blade MotionSphere Razor for Men with Dual Lubrication and Precision Trimmer, Handle & 16 Cartridges, Cartridges fit, Razor Handles only, 17 Piece Set, Black</p><p>$20.99 ($1.31 / Count)</p><a href="https://www.amazon.com/dp/B07CZCQ481?tag=eloabder-20&linkCode=osi&th=1&psc=1">View Product</a></div><div class="product"><a href="https://www.amazon.com/dp/B0039LMTAQ?tag=eloabder-20&linkCode=osi&th=1&psc=1"><img src="https://m.media-amazon.com/images/I/51tkDAVkmCL._SL500_.jpg" alt="Product Image"></a><p>Gillette Venus Sensitive Women's Disposable Razors - Single Package of 3 Razors</p><p>$6.94</p><a href="https://www.amazon.com/dp/B0039LMTAQ?tag=eloabder-20&linkCode=osi&th=1&psc=1">View Product</a></div><div class="product"><a href="https://www.amazon.com/dp/B0787JNN97?tag=eloabder-20&linkCode=osi&th=1&psc=1"><img src="https://m.media-amazon.com/images/I/41H+SqazA0L._SL500_.jpg" alt="Product Image"></a><p>BIC Soleil Smooth Colors Women's Disposable Razors With Aloe Vera and vitamin E Lubricating Strip for Enhanced Glide, With 3 Blades, 14 Count</p><p>$14.75 ($1.05 / Count)</p><a href="https://www.amazon.com/dp/B0787JNN97?tag=eloabder-20&linkCode=osi&th=1&psc=1">View Product</a></div><div class="product"><a href="https://www.amazon.com/dp/B0001LQGPG?tag=eloabder-20&linkCode=osi&th=1&psc=1"><img src="https://m.media-amazon.com/images/I/51V5N3IVEwL._SL500_.jpg" alt="Product Image"></a><p>Gillette Sensor3 Sensitive Men's Disposable Razor, 4 Razors</p><p>$6.97 ($1.74 / Count)</p><a href="https://www.amazon.com/dp/B0001LQGPG?tag=eloabder-20&linkCode=osi&th=1&psc=1">View Product</a></div><div class="product"><a href="https://www.amazon.com/dp/B000R2WYYQ?tag=eloabder-20&linkCode=osi&th=1&psc=1"><img src="https://m.media-amazon.com/images/I/51EexRfTCRL._SL500_.jpg" alt="Product Image"></a><p>BIC Single Blade Razor, Sensitive, 12 ct</p><p>$3.32 ($0.28 / Count)</p><a href="https://www.amazon.com/dp/B000R2WYYQ?tag=eloabder-20&linkCode=osi&th=1&psc=1">View Product</a></div><div class="product"><a href="https://www.amazon.com/dp/B07CYN88NJ?tag=eloabder-20&linkCode=osi&th=1&psc=1"><img src="https://m.media-amazon.com/images/I/41w0Vc7n8wL._SL500_.jpg" alt="Product Image"></a><p>Amazon Basics 5-Blade Razor for Women, Handle, 12 Cartridges & Shower Hanger (Cartridges fit Amazon Basics Razor Handles only) 14 Piece Set, Blue</p><p>$20.38 ($1.70 / Count)</p><a href="https://www.amazon.com/dp/B07CYN88NJ?tag=eloabder-20&linkCode=osi&th=1&psc=1">View Product</a></div><div class="product"><a href="https://www.amazon.com/dp/B0CP6JTQ4X?tag=eloabder-20&linkCode=osi&th=1&psc=1"><img src="https://m.media-amazon.com/images/I/51XrHMi-S5L._SL500_.jpg" alt="Product Image"></a><p>Gillette Sensor3 Comfort Men's Disposable Razors, 12 Razors</p><p>$14.97 ($1.25 / Count)</p><a href="https://www.amazon.com/dp/B0CP6JTQ4X?tag=eloabder-20&linkCode=osi&th=1&psc=1">View Product</a></div><div class="product"><a href="https://www.amazon.com/dp/B07DZYGDSF?tag=eloabder-20&linkCode=osi&th=1&psc=1"><img src="https://m.media-amazon.com/images/I/51mFm+GwEZL._SL500_.jpg" alt="Product Image"></a><p>Gillette Fusion ProGlide Razors, Men 1 Gillette Razor, 4 Razor Blade Refills, Shields Against Skin Irritation</p><p>$19.99 ($4.00 / Count)</p><a href="https://www.amazon.com/dp/B07DZYGDSF?tag=eloabder-20&linkCode=osi&th=1&psc=1">View Product</a></div><div class="product"><a href="https://www.amazon.com/dp/B003EMNITQ?tag=eloabder-20&linkCode=osi&th=1&psc=1"><img src="https://m.media-amazon.com/images/I/41aNcEj3ViL._SL500_.jpg" alt="Product Image"></a><p>Gillette Venus ComfortGlide White Tea Women's Razor Blade Refills, 6 Count</p><p>$21.97 ($3.66 / Count)</p><a href="https://www.amazon.com/dp/B003EMNITQ?tag=eloabder-20&linkCode=osi&th=1&psc=1">View Product</a></div>
<div class="product"><a href="https://www.amazon.com/dp/B072J2ZBPY?tag=eloabder-20&linkCode=osi&th=1&psc=1"><img src="https://m.media-amazon.com/images/I/41Th2KQyzlL._SL500_.jpg" alt="Product Image"></a><p>Degree Men UltraClear Antiperspirant Deodorant Black + White 72-Hour Sweat & Odor Protection Antiperspirant For Men With MotionSense Technology 2.7 Ounce (Pack of 4)</p><p>$19.73 ($1.83 / Ounce)</p><a href="https://www.amazon.com/dp/B072J2ZBPY?tag=eloabder-20&linkCode=osi&th=1&psc=1">View Product</a></div><div class="product"><a href="https://www.amazon.com/dp/B07GB3NVN1?tag=eloabder-20&linkCode=osi&th=1&psc=1"><img src="https://m.media-amazon.com/images/I/31BnXaLnMWL._SL500_.jpg" alt="Product Image"></a><p>Native Deodorant Contains Naturally Derived Ingredients, 72 Hour Odor Control | Deodorant for Women and Men, Aluminum Free with Baking Soda, Coconut Oil and Shea Butter | Coconut & Vanilla</p><p>$12.97 ($4.89 / Ounce)</p><a href="https://www.amazon.com/dp/B07GB3NVN1?tag=eloabder-20&linkCode=osi&th=1&psc=1">View Product</a></div><div class="product"><a href="https://www.amazon.com/dp/B00TPRG5D0?tag=eloabder-20&linkCode=osi&th=1&psc=1"><img src="https://m.media-amazon.com/images/I/61Ezqbe7QUL._SL500_.jpg" alt="Product Image"></a><p>Degree Men Original Antiperspirant Deodorant Cool Rush Twin Pack 48-Hour Sweat & Odor Protection Antiperspirant For Men 2.7 oz</p><p>$6.27 ($1.16 / Ounce)</p><a href="https://www.amazon.com/dp/B00TPRG5D0?tag=eloabder-20&linkCode=osi&th=1&psc=1">View Product</a></div><div class="product"><a href="https://www.amazon.com/dp/B08ZH6P1NY?tag=eloabder-20&linkCode=osi&th=1&psc=1"><img src="https://m.media-amazon.com/images/I/51D2Klixa3L._SL500_.jpg" alt="Product Image"></a><p>Speed Stick Men's Deodorant, Regular, 3 Ounce, 4 Pack</p><p>$8.97 ($0.75 / Ounce)</p><a href="https://www.amazon.com/dp/B08ZH6P1NY?tag=eloabder-20&linkCode=osi&th=1&psc=1">View Product</a></div><div class="product"><a href="https://www.amazon.com/dp/B0080PEM3S?tag=eloabder-20&linkCode=osi&th=1&psc=1"><img src="https://m.media-amazon.com/images/I/61a+r3V48HL._SL500_.jpg" alt="Product Image"></a><p>Degree Advanced Protection Antiperspirant Deodorant White Flowers & Lychee for 72-Hour Sweat & Odor Control for Women, with Body Heat Activated Technology, 2.6 oz</p><p>$4.99 ($1.92 / Ounce)</p><a href="https://www.amazon.com/dp/B0080PEM3S?tag=eloabder-20&linkCode=osi&th=1&psc=1">View Product</a></div><div class="product"><a href="https://www.amazon.com/dp/B002VUAM46?tag=eloabder-20&linkCode=osi&th=1&psc=1"><img src="https://m.media-amazon.com/images/I/51+tUdTWg0L._SL500_.jpg" alt="Product Image"></a><p>Degree Men Antiperspirant Deodorant Adventure Freshness and Odor Protection Deodorant for Men 2.7 Oz, (Pack of 4) Woodsy, Stick</p><p>$10.38 ($0.96 / Ounce)</p><a href="https://www.amazon.com/dp/B002VUAM46?tag=eloabder-20&linkCode=osi&th=1&psc=1">View Product</a></div><div class="product"><a href="https://www.amazon.com/dp/B01HTJTPZA?tag=eloabder-20&linkCode=osi&th=1&psc=1"><img src="https://m.media-amazon.com/images/I/618IrjjMkUL._SL500_.jpg" alt="Product Image"></a><p>Dove Advanced Care Antiperspirant Deodorant Stick Cool Essentials 4 ct for helping your skin barrier repair after shaving 72 hour odor control and sweat protection with Pro Ceramide Technology 2.6 oz</p><p>$16.98 ($1.63 / Ounce)</p><a href="https://www.amazon.com/dp/B01HTJTPZA?tag=eloabder-20&linkCode=osi&th=1&psc=1">View Product</a></div><div class="product"><a href="https://www.amazon.com/dp/B08NYHVJ5N?tag=eloabder-20&linkCode=osi&th=1&psc=1"><img src="https://m.media-amazon.com/images/I/51s98nEidOL._SL500_.jpg" alt="Product Image"></a><p>Old Spice Aluminum Free Deodorant for Men, High Endurance Sport, 24/7 Odor Protection, 3 Oz Each, (Pack Of 3)</p><p>$14.43 ($3.61 / Count)</p><a href="https://www.amazon.com/dp/B08NYHVJ5N?tag=eloabder-20&linkCode=osi&th=1&psc=1">View Product</a></div><div class="product"><a href="https://www.amazon.com/dp/B01HTJTMF8?tag=eloabder-20&linkCode=osi&th=1&psc=1"><img src="https://m.media-amazon.com/images/I/61k+x5yZyML._SL500_.jpg" alt="Product Image"></a><p>Dove Men + Care Antiperspirant Deodorant, 72hr Sweat & Odor Protection, Vitamin E, Triple Moisturizer, 4 Pack</p><p>$18.48 ($1.71 / Ounce)</p><a href="https://www.amazon.com/dp/B01HTJTMF8?tag=eloabder-20&linkCode=osi&th=1&psc=1">View Product</a></div><div class="product"><a href="https://www.amazon.com/dp/B08WYXNVQ7?tag=eloabder-20&linkCode=osi&th=1&psc=1"><img src="https://m.media-amazon.com/images/I/31n90+gYyKL._SL500_.jpg" alt="Product Image"></a><p>SALT & STONE Natural Deodorant - Santal & Vetiver | Extra Strength Natural Deodorant for Women & Men | Aluminum Free with Seaweed Extracts, Shea Butter & Probiotics | Free From Parabens & Sulfates</p><p>$20.00 ($7.69 / Ounce)</p><a href="https://www.amazon.com/dp/B08WYXNVQ7?tag=eloabder-20&linkCode=osi&th=1&psc=1">View Product</a></div>

<div class="product"><a href="https://www.amazon.com/dp/B00ADRH2OM?tag=eloabder-20&linkCode=osi&th=1&psc=1"><img src="https://m.media-amazon.com/images/I/413WPcPNDbL._SL500_.jpg" alt="Product Image"></a><p>OGX Thick & Full + Biotin & Collagen Volumizing Shampoo, Nutrient-Infused Hair Shampoo with Vitamin B7 Biotin Gives Hair Volume & Body for 72+ Hours, Sulfate-Free Surfactants, 13 fl. oz</p><p>$6.97 ($0.54 / Fl Oz)</p><a href="https://www.amazon.com/dp/B00ADRH2OM?tag=eloabder-20&linkCode=osi&th=1&psc=1">View Product</a></div><div class="product"><a href="https://www.amazon.com/dp/B082YG62JM?tag=eloabder-20&linkCode=osi&th=1&psc=1"><img src="https://m.media-amazon.com/images/I/31c5qlF0nYL._SL500_.jpg" alt="Product Image"></a><p>Acure Shampoo 100% Vegan, Ultra Hydrating Moisture & Omega Fatty Acids, , Yellow Argan Oil & Pumpkin, 8 Fl Oz</p><p>$9.99 ($1.25 / Fl Oz)</p><a href="https://www.amazon.com/dp/B082YG62JM?tag=eloabder-20&linkCode=osi&th=1&psc=1">View Product</a></div><div class="product"><a href="https://www.amazon.com/dp/B008J2GP9G?tag=eloabder-20&linkCode=osi&th=1&psc=1"><img src="https://m.media-amazon.com/images/I/31BkIKu3HgL._SL500_.jpg" alt="Product Image"></a><p>OGX Renewing + Argan Oil of Morocco Shampoo, Damage Repair Shampoo & Argan Oil to Help Strengthen & Repair Dry, Damaged Hair, Paraben-Free, Sulfate-Free Surfactants, 25.4 fl. oz</p><p>$12.28 ($0.48 / Fl Oz)</p><a href="https://www.amazon.com/dp/B008J2GP9G?tag=eloabder-20&linkCode=osi&th=1&psc=1">View Product</a></div><div class="product"><a href="https://www.amazon.com/dp/B00AINMFAC?tag=eloabder-20&linkCode=osi&th=1&psc=1"><img src="https://m.media-amazon.com/images/I/41D7x04cFtL._SL500_.jpg" alt="Product Image"></a><p>Nizoral Anti-Dandruff Shampoo with 1% Ketoconazole, Fresh Scent, 7 Fl Oz</p><p>$15.88 ($2.27 / Fl Oz)</p><a href="https://www.amazon.com/dp/B00AINMFAC?tag=eloabder-20&linkCode=osi&th=1&psc=1">View Product</a></div><div class="product"><a href="https://www.amazon.com/dp/B082YGK39W?tag=eloabder-20&linkCode=osi&th=1&psc=1"><img src="https://m.media-amazon.com/images/I/31ZzE6IMgGL._SL500_.jpg" alt="Product Image"></a><p>Acure Vivacious Volume Shampoo | Revitalize and Volumize: Mint and Echinacea Infused Regimen for Fine, Fragile Hair, 8 Fl Oz</p><p>$6.39</p><a href="https://www.amazon.com/dp/B082YGK39W?tag=eloabder-20&linkCode=osi&th=1&psc=1">View Product</a></div><div class="product"><a href="https://www.amazon.com/dp/B00OO0J9UY?tag=eloabder-20&linkCode=osi&th=1&psc=1"><img src="https://m.media-amazon.com/images/I/6111IvzP9vL._SL500_.jpg" alt="Product Image"></a><p>SheaMoisture Intensive Hydration Shampoo for Dry, Damaged Hair Manuka Honey and Mafura Oil Sulfate-Free 13 oz</p><p>$9.68 ($0.74 / Fl Oz)</p><a href="https://www.amazon.com/dp/B00OO0J9UY?tag=eloabder-20&linkCode=osi&th=1&psc=1">View Product</a></div><div class="product"><a href="https://www.amazon.com/dp/B08RG1LQGL?tag=eloabder-20&linkCode=osi&th=1&psc=1"><img src="https://m.media-amazon.com/images/I/31leNyYQAaL._SL500_.jpg" alt="Product Image"></a><p>365 By Whole Foods Market, Moisture & Shine Shampoo Lavender, 32 Fl Oz</p><p>$8.10 ($0.25 / Fl Oz)</p><a href="https://www.amazon.com/dp/B08RG1LQGL?tag=eloabder-20&linkCode=osi&th=1&psc=1">View Product</a></div><div class="product"><a href="https://www.amazon.com/dp/B08RG15SLJ?tag=eloabder-20&linkCode=osi&th=1&psc=1"><img src="https://m.media-amazon.com/images/I/413+ccliIaL._SL500_.jpg" alt="Product Image"></a><p>365 by Whole Foods Market, Volume & Thick Shampoo Rosemary Mint, 32 Fl Oz</p><p>$11.49 ($0.36 / Fl Oz)</p><a href="https://www.amazon.com/dp/B08RG15SLJ?tag=eloabder-20&linkCode=osi&th=1&psc=1">View Product</a></div>
<div class="product"><a href="https://www.amazon.com/dp/B0048F38DY?tag=eloabder-20&linkCode=osi&th=1&psc=1"><img src="https://m.media-amazon.com/images/I/41GrHa75nWL._SL500_.jpg" alt="Product Image"></a><p>OGX Renewing + Argan Oil of Morocco Conditioner, Repair Conditioner & Argan Oil Helps Strengthen & Repair Dry, Damaged Hair, Paraben-Free, Sulfate-Free Surfactants, 13 fl. oz</p><p>$6.97 ($0.54 / Fl Oz)</p><a href="https://www.amazon.com/dp/B0048F38DY?tag=eloabder-20&linkCode=osi&th=1&psc=1">View Product</a></div><div class="product"><a href="https://www.amazon.com/dp/B00OVQO66S?tag=eloabder-20&linkCode=osi&th=1&psc=1"><img src="https://m.media-amazon.com/images/I/61S7x6GUaFL._SL500_.jpg" alt="Product Image"></a><p>SheaMoisture Conditioner Intensive Hydration for Dry, Damaged Hair Manuka Honey and Mafura Oil to Nourish and Soften Hair 13 oz</p><p>$9.68 ($0.74 / Fl Oz)</p><a href="https://www.amazon.com/dp/B00OVQO66S?tag=eloabder-20&linkCode=osi&th=1&psc=1">View Product</a></div><div class="product"><a href="https://www.amazon.com/dp/B00ADR6M2U?tag=eloabder-20&linkCode=osi&th=1&psc=1"><img src="https://m.media-amazon.com/images/I/41m-SPUM-nL._SL500_.jpg" alt="Product Image"></a><p>OGX Thick & Full + Biotin & Collagen Volumizing Conditioner, Nutrient-Infused Conditioner with Vitamin B7 Biotin Gives Hair Volume & Body for 72+ Hours, Sulfate-Free Surfactants, 13 fl. Oz</p><p>$6.97 ($0.54 / Fl Oz)</p><a href="https://www.amazon.com/dp/B00ADR6M2U?tag=eloabder-20&linkCode=osi&th=1&psc=1">View Product</a></div><div class="product"><a href="https://www.amazon.com/dp/B000TG850M?tag=eloabder-20&linkCode=osi&th=1&psc=1"><img src="https://m.media-amazon.com/images/I/31TYCRS9xuL._SL500_.jpg" alt="Product Image"></a><p>OGX Nourishing + Coconut Milk Conditioner, Hydrating & Restoring Conditioner Moisturizes for Soft Hair After the First Use, Parabens-Free, Sulfate-Free Surfactants, 13 fl. Oz</p><p>$6.97 ($0.54 / Fl Oz)</p><a href="https://www.amazon.com/dp/B000TG850M?tag=eloabder-20&linkCode=osi&th=1&psc=1">View Product</a></div><div class="product"><a href="https://www.amazon.com/dp/B008OL3VW6?tag=eloabder-20&linkCode=osi&th=1&psc=1"><img src="https://m.media-amazon.com/images/I/31tIRt0xMJL._SL500_.jpg" alt="Product Image"></a><p>Avalon Organics Therapy Thickening Conditioner, Biotin B-Complex, 32 Oz</p><p>$17.38 ($0.54 / Ounce)</p><a href="https://www.amazon.com/dp/B008OL3VW6?tag=eloabder-20&linkCode=osi&th=1&psc=1">View Product</a></div><div class="product"><a href="https://www.amazon.com/dp/B0128QFSPK?tag=eloabder-20&linkCode=osi&th=1&psc=1"><img src="https://m.media-amazon.com/images/I/31lrVfnasLL._SL500_.jpg" alt="Product Image"></a><p>OGX Quenching + Coconut Curls Curl-Defining Conditioner, Nourishing Curly Hair Conditioner with Coconut /Citrus Oil & Honey, Paraben-Free with Sulfate-Free Surfactants, 13oz</p><p>$6.97 ($0.54 / Fl Oz)</p><a href="https://www.amazon.com/dp/B0128QFSPK?tag=eloabder-20&linkCode=osi&th=1&psc=1">View Product</a></div><div class="product"><a href="https://www.amazon.com/dp/B00V6GPXZO?tag=eloabder-20&linkCode=osi&th=1&psc=1"><img src="https://m.media-amazon.com/images/I/41PW2fckFML._SL500_.jpg" alt="Product Image"></a><p>SheaMoisture Conditioner 100% Pure Jamaican Black Castor Oil to Intensely Smooth and Nourish Hair with Shea Butter, Peppermint and Apple Cider Vinegar 13 oz</p><p>$9.68 ($0.74 / Fl Oz)</p><a href="https://www.amazon.com/dp/B00V6GPXZO?tag=eloabder-20&linkCode=osi&th=1&psc=1">View Product</a></div><div class="product"><a href="https://www.amazon.com/dp/B000VEJVCI?tag=eloabder-20&linkCode=osi&th=1&psc=1"><img src="https://m.media-amazon.com/images/I/21qrX8H4+-L._SL500_.jpg" alt="Product Image"></a><p>Paul Mitchell The Conditioner Original Leave-In, Balances Moisture, For All Hair Types, 16.9 fl. oz.</p><p>$21.00 ($1.24 / Fl Oz)</p><a href="https://www.amazon.com/dp/B000VEJVCI?tag=eloabder-20&linkCode=osi&th=1&psc=1">View Product</a></div>
<div class="product"><a href="https://www.amazon.com/dp/B0BZGRCBY4?tag=eloabder-20&linkCode=osi&th=1&psc=1"><img src="https://m.media-amazon.com/images/I/31qfcnEuzhL._SL500_.jpg" alt="Product Image"></a><p>eos Shea Better Body Lotion- Fresh & Cozy, 24-Hour Moisture Skin Care, Lightweight & Non-Greasy, Made with Natural Shea, Vegan, 16 Fl Oz (Pack of 1)</p><p>$8.98 ($0.56 / Fl Oz)</p><a href="https://www.amazon.com/dp/B0BZGRCBY4?tag=eloabder-20&linkCode=osi&th=1&psc=1">View Product</a></div>

<div class="product"><a href="https://www.amazon.com/dp/B0719GRD5R?tag=eloabder-20&linkCode=osi&th=1&psc=1"><img src="https://m.media-amazon.com/images/I/41YE7bBHNCL._SL500_.jpg" alt="Product Image"></a><p>Clean & Clear Deep Action Exfoliating Cleanser with Pro-Vitamin B5, Gentle Exfoliating Daily Face Scrub Cleans Deep Down to the Pore for Soft, Smooth, Hydrated Skin, Oil Free Face Wash, 7 FL OZ</p><p>$5.32 ($0.76 / Fl Oz)</p><a href="https://www.amazon.com/dp/B0719GRD5R?tag=eloabder-20&linkCode=osi&th=1&psc=1">View Product</a></div><div class="product"><a href="https://www.amazon.com/dp/B088S1685Y?tag=eloabder-20&linkCode=osi&th=1&psc=1"><img src="https://m.media-amazon.com/images/I/310l8Je7mSL._SL500_.jpg" alt="Product Image"></a><p>Neutrogena Skin Balancing Milky Cleanser with 2% Polyhydroxy Acid (PHA), Soothing & Moisturizing Face Wash for Dry & Sensitive Skin, Paraben-Free, Soap-Free, Sulfate-Free, 6.3 oz</p><p>$3.94 ($0.63 / Fl Oz)</p><a href="https://www.amazon.com/dp/B088S1685Y?tag=eloabder-20&linkCode=osi&th=1&psc=1">View Product</a></div><div class="product"><a href="https://www.amazon.com/dp/B000NWDSAE?tag=eloabder-20&linkCode=osi&th=1&psc=1"><img src="https://m.media-amazon.com/images/I/41X+HuMzv9L._SL500_.jpg" alt="Product Image"></a><p>Neutrogena Oil-Free Acne Face Scrub, 2% Salicylic Acid Acne Treatment Medicine, Daily Face Wash to help Prevent Breakouts, Oil Free Exfoliating Facial Cleanser for Acne-Prone Skin, 4.2 fl. oz</p><p>$7.29 ($1.73 / Fl Oz)</p><a href="https://www.amazon.com/dp/B000NWDSAE?tag=eloabder-20&linkCode=osi&th=1&psc=1">View Product</a></div><div class="product"><a href="https://www.amazon.com/dp/B000052ZB5?tag=eloabder-20&linkCode=osi&th=1&psc=1"><img src="https://m.media-amazon.com/images/I/31ItNDNYdIL._SL500_.jpg" alt="Product Image"></a><p>Neutrogena Deep Clean Daily Facial Cream Cleanser with Beta Hydroxy Acid to Remove Dirt, Oil & Makeup, Alcohol-Free, Oil-Free & Non-Comedogenic, 7 fl. oz</p><p>$6.49 ($0.87 / Fl Oz)</p><a href="https://www.amazon.com/dp/B000052ZB5?tag=eloabder-20&linkCode=osi&th=1&psc=1">View Product</a></div><div class="product"><a href="https://www.amazon.com/dp/B00006FE2Z?tag=eloabder-20&linkCode=osi&th=1&psc=1"><img src="https://m.media-amazon.com/images/I/310Nwq030fL._SL500_.jpg" alt="Product Image"></a><p>Neutrogena Deep Clean Gentle Daily Facial Scrub, Oil-Free Cleanser, 4.2 Fl Oz</p><p>$6.49 ($1.55 / Fl Oz)</p><a href="https://www.amazon.com/dp/B00006FE2Z?tag=eloabder-20&linkCode=osi&th=1&psc=1">View Product</a></div>

<div class="product"><a href="https://www.amazon.com/dp/B087781VTJ?tag=eloabder-20&linkCode=osi&th=1&psc=1"><img src="https://m.media-amazon.com/images/I/31OkRWcr12L._SL500_.jpg" alt="Product Image"></a><p>PURELL Advanced Hand Sanitizer Refreshing Gel, Clean Scent, 1 Liter Pump Bottle (Pack of 1) - 9632-04-CMR</p><p>$11.24 ($0.33 / Fl Oz)</p><a href="https://www.amazon.com/dp/B087781VTJ?tag=eloabder-20&linkCode=osi&th=1&psc=1">View Product</a></div><div class="product"><a href="https://www.amazon.com/dp/B0889WWM49?tag=eloabder-20&linkCode=osi&th=1&psc=1"><img src="https://m.media-amazon.com/images/I/51KTBSE1ZwL._SL500_.jpg" alt="Product Image"></a><p>Germ-X Original Hand Sanitizer, Moisturizing Gel with Vitamin E, Instant and No Rinse Formula, Back to School Supplies College, 8 Fl Oz Pump Bottle (Pack of 12)</p><p>$23.04 ($0.24 / Fl Oz)</p><a href="https://www.amazon.com/dp/B0889WWM49?tag=eloabder-20&linkCode=osi&th=1&psc=1">View Product</a></div><div class="product"><a href="https://www.amazon.com/dp/B08XZS6BGG?tag=eloabder-20&linkCode=osi&th=1&psc=1"><img src="https://m.media-amazon.com/images/I/51XpsRtfkiL._SL500_.jpg" alt="Product Image"></a><p>PURELL Advanced Hand Sanitizer Naturals with Plant Based Alcohol, Citrus Scent, 8 fl oz Pump Bottle (Pack of 4), 9626-06-ECDECO</p><p>$14.99 ($0.47 / Fl Oz)</p><a href="https://www.amazon.com/dp/B08XZS6BGG?tag=eloabder-20&linkCode=osi&th=1&psc=1">View Product</a></div><div class="product"><a href="https://www.amazon.com/dp/B08VL1MXNZ?tag=eloabder-20&linkCode=osi&th=1&psc=1"><img src="https://m.media-amazon.com/images/I/41EMtmcLMxL._SL500_.jpg" alt="Product Image"></a><p>PURELL PRIME DEFENSE Advanced Hand Sanitizer, 85%, Maximum Strength Formula, 12 fl oz Pump Bottles (Pack of 4) - 3699-06-EC2</p><p>$27.99 ($0.58 / Fl Oz)</p><a href="https://www.amazon.com/dp/B08VL1MXNZ?tag=eloabder-20&linkCode=osi&th=1&psc=1">View Product</a></div><div class="product"><a href="https://www.amazon.com/dp/B08R15JGNX?tag=eloabder-20&linkCode=osi&th=1&psc=1"><img src="https://m.media-amazon.com/images/I/41YXo-hwuXL._SL500_.jpg" alt="Product Image"></a><p>Amazon Basic Care - Aloe Vera Hand Sanitizer 62%, 12 fl oz (Pack of 6)</p><p>$15.09 ($0.21 / Fl Oz)</p><a href="https://www.amazon.com/dp/B08R15JGNX?tag=eloabder-20&linkCode=osi&th=1&psc=1">View Product</a></div><div class="product"><a href="https://www.amazon.com/dp/B08R14XP4D?tag=eloabder-20&linkCode=osi&th=1&psc=1"><img src="https://m.media-amazon.com/images/I/415ogBNctoL._SL500_.jpg" alt="Product Image"></a><p>Amazon Basic Care - Original Hand Sanitizer 62%, 12 fl oz (Pack of 6)</p><p>$19.95 ($0.28 / Fl Oz)</p><a href="https://www.amazon.com/dp/B08R14XP4D?tag=eloabder-20&linkCode=osi&th=1&psc=1">View Product</a></div><div class="product"><a href="https://www.amazon.com/dp/B00U2KYUAY?tag=eloabder-20&linkCode=osi&th=1&psc=1"><img src="https://m.media-amazon.com/images/I/516ldzLw1iL._SL500_.jpg" alt="Product Image"></a><p>PURELL Advanced Hand Sanitizer Soothing Gel, Fresh Scent, 8 fl oz Pump Bottle (Pack of 4), 9674-06-ECDECO</p><p>$14.99 ($0.47 / Fl Oz)</p><a href="https://www.amazon.com/dp/B00U2KYUAY?tag=eloabder-20&linkCode=osi&th=1&psc=1">View Product</a></div>
<div class="product"><a href="https://www.amazon.com/dp/B01N7TYBKS?tag=eloabder-20&linkCode=osi&th=1&psc=1"><img src="https://m.media-amazon.com/images/I/31PicytUhxL._SL500_.jpg" alt="Product Image"></a><p>MRS. MEYER'S CLEAN DAY Hand Lotion for Dry Hands, Non-Greasy Moisturizer Made with Essential Oils, Lavender, 12 oz</p><p>$10.80 ($0.90 / Fl Oz)</p><a href="https://www.amazon.com/dp/B01N7TYBKS?tag=eloabder-20&linkCode=osi&th=1&psc=1">View Product</a></div><div class="product"><a href="https://www.amazon.com/dp/B0BYQ34X6C?tag=eloabder-20&linkCode=osi&th=1&psc=1"><img src="https://m.media-amazon.com/images/I/61e61W8P89L._SL500_.jpg" alt="Product Image"></a><p>Vaseline Hand Sanitizer Lotion 2-in-1 Hydrating Skin Care 3 Ct Moisturizes and Eliminates Bacteria with Vitamin E 8 oz</p><p>$20.97 ($0.87 / Fl Oz)</p><a href="https://www.amazon.com/dp/B0BYQ34X6C?tag=eloabder-20&linkCode=osi&th=1&psc=1">View Product</a></div><div class="product"><a href="https://www.amazon.com/dp/B07QBN245V?tag=eloabder-20&linkCode=osi&th=1&psc=1"><img src="https://m.media-amazon.com/images/I/31N7vGLuV0L._SL500_.jpg" alt="Product Image"></a><p>Jergens Lavender Body Butter Body and Hand Lotion, Moisturizer for Women, 7 Fl Oz (Pack of 1), with Essential Oils for Indulgent Moisturization White</p><p>$7.72 ($1.10 / Fl Oz)</p><a href="https://www.amazon.com/dp/B07QBN245V?tag=eloabder-20&linkCode=osi&th=1&psc=1">View Product</a></div><div class="product"><a href="https://www.amazon.com/dp/B001PBOKRM?tag=eloabder-20&linkCode=osi&th=1&psc=1"><img src="https://m.media-amazon.com/images/I/31NR+HKsONL._SL500_.jpg" alt="Product Image"></a><p>Jergens Original Scent Dry Skin Lotion, Body and Hand Moisturizer for Long Lasting Skin Hydration, with HYDRALUCENCE blend and Cherry Almond Essence, 32 Ounce</p><p>$10.47 ($0.33 / Fl Oz)</p><a href="https://www.amazon.com/dp/B001PBOKRM?tag=eloabder-20&linkCode=osi&th=1&psc=1">View Product</a></div><div class="product"><a href="https://www.amazon.com/dp/B0CGR35JRD?tag=eloabder-20&linkCode=osi&th=1&psc=1"><img src="https://m.media-amazon.com/images/I/31ALnyy+p6L._SL500_.jpg" alt="Product Image"></a><p>Jergens Hand and Body Lotion, Ultra Healing Dry Skin Moisturizer, Fragrance Free Lotion, Sensitive Skin Lotion, 21 Oz</p><p>$7.47 ($0.36 / Fl Oz)</p><a href="https://www.amazon.com/dp/B0CGR35JRD?tag=eloabder-20&linkCode=osi&th=1&psc=1">View Product</a></div>
<div class="product"><a href="https://www.amazon.com/dp/B0BQWYRXPT?tag=eloabder-20&linkCode=osi&th=1&psc=1"><img src="https://m.media-amazon.com/images/I/411xH4LwE1L._SL500_.jpg" alt="Product Image"></a><p>Dermoplast Wound Wipes Medicated First Aid Cloths, Analgesic & Antiseptic Wipes for Treating Minor Cuts, Scrapes and Burns on The Go, Sting Free Formula, 10 Individual Cloths (Packaging May Vary)</p><p>$9.99 ($1.00 / Count)</p><a href="https://www.amazon.com/dp/B0BQWYRXPT?tag=eloabder-20&linkCode=osi&th=1&psc=1">View Product</a></div><div class="product"><a href="https://www.amazon.com/dp/B0057Z24WK?tag=eloabder-20&linkCode=osi&th=1&psc=1"><img src="https://m.media-amazon.com/images/I/41Np605ZC3L._SL500_.jpg" alt="Product Image"></a><p>BZK Antiseptic Towelettes, 100 Count (Pack of 1)</p><p>$7.97 ($0.08 / Count)</p><a href="https://www.amazon.com/dp/B0057Z24WK?tag=eloabder-20&linkCode=osi&th=1&psc=1">View Product</a></div><div class="product"><a href="https://www.amazon.com/dp/B07K335Y78?tag=eloabder-20&linkCode=osi&th=1&psc=1"><img src="https://m.media-amazon.com/images/I/31qFUEO9IjL._SL500_.jpg" alt="Product Image"></a><p>McKesson Obstetrical Antiseptic Towelettes Wipes, Sterile, Individual Packet, Clean Scent, 100 Count, 1 Pack</p><p>$7.20 ($0.07 / Count)</p><a href="https://www.amazon.com/dp/B07K335Y78?tag=eloabder-20&linkCode=osi&th=1&psc=1">View Product</a></div><div class="product"><a href="https://www.amazon.com/dp/B08S399VWH?tag=eloabder-20&linkCode=osi&th=1&psc=1"><img src="https://m.media-amazon.com/images/I/41dtXFAXLeL._SL500_.jpg" alt="Product Image"></a><p>Nurture XL Antibacterial Body & Hand Wipes | Alcohol-Free Antiseptic Wet Sanitizer Towelettes for Germ Removal, Disinfecting Skin, Sanitizing Hands |Cleaning Cloths | Adults & Baby | Thick & Strong</p><p>$44.95 ($0.15 / Count)</p><a href="https://www.amazon.com/dp/B08S399VWH?tag=eloabder-20&linkCode=osi&th=1&psc=1">View Product</a></div><div class="product"><a href="https://www.amazon.com/dp/B01N362TQ6?tag=eloabder-20&linkCode=osi&th=1&psc=1"><img src="https://m.media-amazon.com/images/I/31GuJZ7KbVL._SL500_.jpg" alt="Product Image"></a><p>McKesson Benzalkonium Chloride Towelettes, Antiseptic Cleansing, Individual Packet, 100 Count, 1 Pack</p><p>$7.78 ($0.08 / Count)</p><a href="https://www.amazon.com/dp/B01N362TQ6?tag=eloabder-20&linkCode=osi&th=1&psc=1">View Product</a></div><div class="product"><a href="https://www.amazon.com/dp/B06XS38XH6?tag=eloabder-20&linkCode=osi&th=1&psc=1"><img src="https://m.media-amazon.com/images/I/41P5yr0gl-L._SL500_.jpg" alt="Product Image"></a><p>Care Touch Alcohol Wipes Individually Wrapped - Prep Pads with 70% Isopropyl Alcohol, Great for Home, Medical & First Aid Kits Sterilized, Antiseptic 2-Ply Swabs 400 Count</p><p>$8.99 ($0.02 / Count)</p><a href="https://www.amazon.com/dp/B06XS38XH6?tag=eloabder-20&linkCode=osi&th=1&psc=1">View Product</a></div>
<div class="product"><a href="https://www.amazon.com/dp/B00006IDL6?tag=eloabder-20&linkCode=osi&th=1&psc=1"><img src="https://m.media-amazon.com/images/I/51SFTNQg7-L._SL500_.jpg" alt="Product Image"></a><p>Band-Aid Brand Flexible Fabric Adhesive Bandages for Wound Care and First Aid, All One Size, 100 Count</p><p>$8.48 ($0.08 / Count)</p><a href="https://www.amazon.com/dp/B00006IDL6?tag=eloabder-20&linkCode=osi&th=1&psc=1">View Product</a></div><div class="product"><a href="https://www.amazon.com/dp/B0BGH1YQC6?tag=eloabder-20&linkCode=osi&th=1&psc=1"><img src="https://m.media-amazon.com/images/I/51xvWhwfAnL._SL500_.jpg" alt="Product Image"></a><p>Amazon Basic Care Flexible Fabric Adhesive Bandages, First Aid and Wound Care Supplies, Assorted Sizes, 100 Count</p><p>$5.80 ($0.06 / Count)</p><a href="https://www.amazon.com/dp/B0BGH1YQC6?tag=eloabder-20&linkCode=osi&th=1&psc=1">View Product</a></div><div class="product"><a href="https://www.amazon.com/dp/B000GCPW8C?tag=eloabder-20&linkCode=osi&th=1&psc=1"><img src="https://m.media-amazon.com/images/I/51vXh4MmDrL._SL500_.jpg" alt="Product Image"></a><p>Band-Aid Brand Tru-Stay Adhesive Pads, Large Sterile Bandages for Wound Care, Large Size, 10 ct</p><p>$3.56 ($0.36 / Count)</p><a href="https://www.amazon.com/dp/B000GCPW8C?tag=eloabder-20&linkCode=osi&th=1&psc=1">View Product</a></div><div class="product"><a href="https://www.amazon.com/dp/B09N1PJFH4?tag=eloabder-20&linkCode=osi&th=1&psc=1"><img src="https://m.media-amazon.com/images/I/414tb0lZk2L._SL500_.jpg" alt="Product Image"></a><p>Band-Aid Brand Adhesive Bandages for Sensitive Skin, Hypoallergenic First Aid Bandages with Painless Removal, Stays on When Wet & Suitable for Eczema Prone Skin, Extra Large Size, 7 ct</p><p>$3.35 ($0.48 / Count)</p><a href="https://www.amazon.com/dp/B09N1PJFH4?tag=eloabder-20&linkCode=osi&th=1&psc=1">View Product</a></div><div class="product"><a href="https://www.amazon.com/dp/B08JH93SHW?tag=eloabder-20&linkCode=osi&th=1&psc=1"><img src="https://m.media-amazon.com/images/I/51mp6AFuzlL._SL500_.jpg" alt="Product Image"></a><p>CURAD Performance Series Ironman Antibacterial Bandages, Extreme Hold Adhesive Technology, Finger & Knuckle Bandages, Flexible Fabric, Variety Pack with Assorted Sizes & Colors, 50 Count</p><p>$6.97 ($0.14 / Count)</p><a href="https://www.amazon.com/dp/B08JH93SHW?tag=eloabder-20&linkCode=osi&th=1&psc=1">View Product</a></div><div class="product"><a href="https://www.amazon.com/dp/B07K31T5SC?tag=eloabder-20&linkCode=osi&th=1&psc=1"><img src="https://m.media-amazon.com/images/I/415PIj3D6HL._SL500_.jpg" alt="Product Image"></a><p>McKesson Adhesive Bandages, Sterile, Fabric Patch, 2 in x 3 in, 50 Count, 1 Pack</p><p>$8.30 ($0.17 / Count)</p><a href="https://www.amazon.com/dp/B07K31T5SC?tag=eloabder-20&linkCode=osi&th=1&psc=1">View Product</a></div><div class="product"><a href="https://www.amazon.com/dp/B01N6T0XHP?tag=eloabder-20&linkCode=osi&th=1&psc=1"><img src="https://m.media-amazon.com/images/I/31VmxqprYDL._SL500_.jpg" alt="Product Image"></a><p>Curad Assorted Bandages Variety Pack 300 Pieces, Including Antibacterial, Heavy Duty, Fabric, and Waterproof Bandages</p><p>$11.99 ($0.04 / Count)</p><a href="https://www.amazon.com/dp/B01N6T0XHP?tag=eloabder-20&linkCode=osi&th=1&psc=1">View Product</a></div><div class="product"><a href="https://www.amazon.com/dp/B0895DYMGL?tag=eloabder-20&linkCode=osi&th=1&psc=1"><img src="https://m.media-amazon.com/images/I/41hesAQJS3L._SL500_.jpg" alt="Product Image"></a><p>12 Pack Self Adherent Cohesive Wrap Bandages 2 Inches X 5 Yards,First Aid Tape, Elastic Self Adhesive Tape, Athletic, Sports wrap Tape, Bandage Wrap for Sports, Wrist, Skin Colour Athletic Tape</p><p>$8.99 ($0.75 / Count)</p><a href="https://www.amazon.com/dp/B0895DYMGL?tag=eloabder-20&linkCode=osi&th=1&psc=1">View Product</a></div><div class="product"><a href="https://www.amazon.com/dp/B0CKVN8SBL?tag=eloabder-20&linkCode=osi&th=1&psc=1"><img src="https://m.media-amazon.com/images/I/51LrlyDltUL._SL500_.jpg" alt="Product Image"></a><p>AZEN 8 Pack Self Adhesive Bandage Wrap, 2" X 5 Yards Elastic Cohesive Bandage Wrap, Skin Color Athletic Tape, Vet Wrap, Ankle Tape, Tattoo Grip Tape Wrap</p><p>$6.99 ($1.16 / Count)</p><a href="https://www.amazon.com/dp/B0CKVN8SBL?tag=eloabder-20&linkCode=osi&th=1&psc=1">View Product</a></div><div class="product"><a href="https://www.amazon.com/dp/B085V69JPM?tag=eloabder-20&linkCode=osi&th=1&psc=1"><img src="https://m.media-amazon.com/images/I/51zRkg4pCNL._SL500_.jpg" alt="Product Image"></a><p>Nexcare Max Hold Waterproof Bandages, Helps waterproof, dirtproof, and germproof your wounds, 60 ct</p><p>$7.49 ($0.12 / Count)</p><a href="https://www.amazon.com/dp/B085V69JPM?tag=eloabder-20&linkCode=osi&th=1&psc=1">View Product</a></div>




<div class="product"><a href="https://www.amazon.com/dp/B079HXLZGY?tag=eloabder-20&linkCode=osi&th=1&psc=1"><img src="https://m.media-amazon.com/images/I/51O0z0rymgL._SL500_.jpg" alt="Product Image"></a><p>Amazon Basic Care Nighttime Sleep Aid Tablets for Adults, Doxylamine Succinate 25 mg, 96 Count</p><p>$12.59 ($0.13 / Count)</p><a href="https://www.amazon.com/dp/B079HXLZGY?tag=eloabder-20&linkCode=osi&th=1&psc=1">View Product</a></div><div class="product"><a href="https://www.amazon.com/dp/B00NJ1BQZA?tag=eloabder-20&linkCode=osi&th=1&psc=1"><img src="https://m.media-amazon.com/images/I/41q8bT3bu0L._SL500_.jpg" alt="Product Image"></a><p>Relaxium Sleep Aid for Adults, Melatonin 5mg with Magnesium Glycinate, Sleep-Promoting Valerest & Ashwagandha, Non-Habit Forming Sleep Supplement, 60 Capsules, 30-Day Supply</p><p>$29.99 ($0.50 / count)</p><a href="https://www.amazon.com/dp/B00NJ1BQZA?tag=eloabder-20&linkCode=osi&th=1&psc=1">View Product</a></div><div class="product"><a href="https://www.amazon.com/dp/B0848WCZFM?tag=eloabder-20&linkCode=osi&th=1&psc=1"><img src="https://m.media-amazon.com/images/I/41Rzyzjg2UL._SL500_.jpg" alt="Product Image"></a><p>HealthA2Z Sleep Aid, Diphenhydramine Softgels, 50mg, Supports Deeper, Restful Sleeping, Non Habit-Forming (250 Counts)</p><p>$9.85 ($0.04 / Count)</p><a href="https://www.amazon.com/dp/B0848WCZFM?tag=eloabder-20&linkCode=osi&th=1&psc=1">View Product</a></div><div class="product"><a href="https://www.amazon.com/dp/B08H766XS8?tag=eloabder-20&linkCode=osi&th=1&psc=1"><img src="https://m.media-amazon.com/images/I/4117Yuu9uhL._SL500_.jpg" alt="Product Image"></a><p>RXZELL Sleep Aid, Diphenhydramine HCl 50mg, 220 Softgels - Fall Asleep Faster, Deeper Restful Sleeping, Non Habit-Forming</p><p>$9.98 ($0.05 / Count)</p><a href="https://www.amazon.com/dp/B08H766XS8?tag=eloabder-20&linkCode=osi&th=1&psc=1">View Product</a></div><div class="product"><a href="https://www.amazon.com/dp/B07BZW88NY?tag=eloabder-20&linkCode=osi&th=1&psc=1"><img src="https://m.media-amazon.com/images/I/51HD9BxwlWL._SL500_.jpg" alt="Product Image"></a><p>Kirkland Signature Sleep Aid, 192 Tablets</p><p>$13.95 ($0.07 / Count)</p><a href="https://www.amazon.com/dp/B07BZW88NY?tag=eloabder-20&linkCode=osi&th=1&psc=1">View Product</a></div><div class="product"><a href="https://www.amazon.com/dp/B08Y74HSSH?tag=eloabder-20&linkCode=osi&th=1&psc=1"><img src="https://m.media-amazon.com/images/I/41WtHEKTuML._SL500_.jpg" alt="Product Image"></a><p>ZzzQuil ULTRA, Sleep Aid, Nighttime Sleep Aid, 25 mg Doxylamine Succinate, From Makers of Nyquil, Non- Habit Forming, Fall Asleep Fast, Stay Asleep Longer, 48 Count</p><p>$19.63 ($0.41 / Count)</p><a href="https://www.amazon.com/dp/B08Y74HSSH?tag=eloabder-20&linkCode=osi&th=1&psc=1">View Product</a></div><div class="product"><a href="https://www.amazon.com/dp/B01683HFGY?tag=eloabder-20&linkCode=osi&th=1&psc=1"><img src="https://m.media-amazon.com/images/I/51hFnh0pfXL._SL500_.jpg" alt="Product Image"></a><p>Unisom SleepTabs, Nighttime Sleep-aid, Doxylamine Succinate, 80 Tablets</p><p>$13.98 ($0.17 / Count)</p><a href="https://www.amazon.com/dp/B01683HFGY?tag=eloabder-20&linkCode=osi&th=1&psc=1">View Product</a></div><div class="product"><a href="https://www.amazon.com/dp/B099JXNWYL?tag=eloabder-20&linkCode=osi&th=1&psc=1"><img src="https://m.media-amazon.com/images/I/41K+tJ73J2L._SL500_.jpg" alt="Product Image"></a><p>12-in-1 Melatonin Capsules - Melatonin 5mg Natural Sleep Aids for Adults - Magnesium Glycinate 500mg, Ashwagandha, L Theanine, Valerian Root, GABA, 5-HTP, Sleep Supplement for Adults, Pack of 1</p><p>$21.95 ($0.24 / Count)</p><a href="https://www.amazon.com/dp/B099JXNWYL?tag=eloabder-20&linkCode=osi&th=1&psc=1">View Product</a></div><div class="product"><a href="https://www.amazon.com/dp/B07PXT5LYR?tag=eloabder-20&linkCode=osi&th=1&psc=1"><img src="https://m.media-amazon.com/images/I/41Pu3C1zvML._SL500_.jpg" alt="Product Image"></a><p>Nature's Bounty Sleep3 Melatonin 10mg, Maximum Strength 100% Drug Free Sleep Aid, Dietary Supplement, L-Theanine & Nighttime Herbal Blend Time Release Technology, 60 Tri-Layered Tablets</p><p>$13.07 ($0.22 / Count)</p><a href="https://www.amazon.com/dp/B07PXT5LYR?tag=eloabder-20&linkCode=osi&th=1&psc=1">View Product</a></div>
<div class="product"><a href="https://www.amazon.com/dp/B00HE66ZUC?tag=eloabder-20&linkCode=osi&th=1&psc=1"><img src="https://m.media-amazon.com/images/I/510MmBSuAfL._SL500_.jpg" alt="Product Image"></a><p>GoodSense Allergy Relief Loratadine Tablets 10 mg, Compare to Claritin, Antihistamine, 24 Hour Allergy Relief, 365 Count</p><p>$12.99 ($0.04 / Count)</p><a href="https://www.amazon.com/dp/B00HE66ZUC?tag=eloabder-20&linkCode=osi&th=1&psc=1">View Product</a></div><div class="product"><a href="https://www.amazon.com/dp/B07S1BZXVW?tag=eloabder-20&linkCode=osi&th=1&psc=1"><img src="https://m.media-amazon.com/images/I/41KfCe6maEL._SL500_.jpg" alt="Product Image"></a><p>HealthA2Z® Allergy Relief | Cetirizine 10mg | All Day Allergy Relief | Indoor & Outdoor | Relief from Itchy Throat, Sneezing, Runny Noses (250 count (pack of 1))</p><p>$8.75 ($0.04 / Count)</p><a href="https://www.amazon.com/dp/B07S1BZXVW?tag=eloabder-20&linkCode=osi&th=1&psc=1">View Product</a></div><div class="product"><a href="https://www.amazon.com/dp/B074F19XB8?tag=eloabder-20&linkCode=osi&th=1&psc=1"><img src="https://m.media-amazon.com/images/I/412oY-CSVJL._SL500_.jpg" alt="Product Image"></a><p>Amazon Basic Care Complete Allergy Relief, Diphenhydramine HCl 25 mg, Relieves Symptoms, Antihistamine Tablets, 400 Count</p><p>$7.67 ($0.02 / Count)</p><a href="https://www.amazon.com/dp/B074F19XB8?tag=eloabder-20&linkCode=osi&th=1&psc=1">View Product</a></div><div class="product"><a href="https://www.amazon.com/dp/B074F18H5N?tag=eloabder-20&linkCode=osi&th=1&psc=1"><img src="https://m.media-amazon.com/images/I/41SMpawpNjL._SL500_.jpg" alt="Product Image"></a><p>Amazon Basic Care Allergy Relief Loratadine Tablets 10 mg, 300 Count</p><p>$16.54 ($0.06 / Count)</p><a href="https://www.amazon.com/dp/B074F18H5N?tag=eloabder-20&linkCode=osi&th=1&psc=1">View Product</a></div><div class="product"><a href="https://www.amazon.com/dp/B087CBHR9W?tag=eloabder-20&linkCode=osi&th=1&psc=1"><img src="https://m.media-amazon.com/images/I/41+XRnnkAXL._SL500_.jpg" alt="Product Image"></a><p>HealthA2Z Fexofenadine Hydrochloride 180mg, Antihistamine for Allergy Relief, Non-Drowsy, 24-Hour Antihistamine for Allergy Relief (120 Count (Pack of 1))</p><p>$21.25 ($0.18 / Count)</p><a href="https://www.amazon.com/dp/B087CBHR9W?tag=eloabder-20&linkCode=osi&th=1&psc=1">View Product</a></div><div class="product"><a href="https://www.amazon.com/dp/B083VVT61S?tag=eloabder-20&linkCode=osi&th=1&psc=1"><img src="https://m.media-amazon.com/images/I/41BJ8O5m3RL._SL500_.jpg" alt="Product Image"></a><p>Amazon Basic Care 24 Hour Allergy Relief, Levocetirizine Dihydrochloride Tablets, 5 mg, Antihistamine, Relieves Sneezing, Runny Nose, Itchy Nose or Throat and Itchy, Watery Eyes, 80 Count</p><p>$20.72 ($0.26 / Count)</p><a href="https://www.amazon.com/dp/B083VVT61S?tag=eloabder-20&linkCode=osi&th=1&psc=1">View Product</a></div><div class="product"><a href="https://www.amazon.com/dp/B08JVPNBGM?tag=eloabder-20&linkCode=osi&th=1&psc=1"><img src="https://m.media-amazon.com/images/I/41ZLXQU2qNL._SL500_.jpg" alt="Product Image"></a><p>Zyrtec 24 Hour Allergy Relief Tablets, Indoor & Outdoor Allergy Medicine with 10 mg Cetirizine HCl per Antihistamine Tablet, Relief of Allergies, 60 ct</p><p>$22.81 ($0.38 / Count)</p><a href="https://www.amazon.com/dp/B08JVPNBGM?tag=eloabder-20&linkCode=osi&th=1&psc=1">View Product</a></div><div class="product"><a href="https://www.amazon.com/dp/B087Z6TKD9?tag=eloabder-20&linkCode=osi&th=1&psc=1"><img src="https://m.media-amazon.com/images/I/41hMESBq3wL._SL500_.jpg" alt="Product Image"></a><p>HealthA2Z® Allergy Relief | Loratadine 10mg | Antihistamine | Non-Drowsy | Relief from Itchy Throat, Sneezing, Runny Noses | 24-Hours Allergy Medicine (300 Tablets)</p><p>$13.25 ($0.04 / Count)</p><a href="https://www.amazon.com/dp/B087Z6TKD9?tag=eloabder-20&linkCode=osi&th=1&psc=1">View Product</a></div><div class="product"><a href="https://www.amazon.com/dp/B074F145Y1?tag=eloabder-20&linkCode=osi&th=1&psc=1"><img src="https://m.media-amazon.com/images/I/41QxbjhcCML._SL500_.jpg" alt="Product Image"></a><p>Amazon Basic Care 24 Hour Allergy Relief, Cetirizine Hydrochloride Tablets, 10 mg, 300 Count</p><p>$25.87 ($0.09 / Count)</p><a href="https://www.amazon.com/dp/B074F145Y1?tag=eloabder-20&linkCode=osi&th=1&psc=1">View Product</a></div><div class="product"><a href="https://www.amazon.com/dp/B07HD64D4G?tag=eloabder-20&linkCode=osi&th=1&psc=1"><img src="https://m.media-amazon.com/images/I/51fjuo22JXL._SL500_.jpg" alt="Product Image"></a><p>HealthCareAisle Allergy Relief - Fexofenadine Hydrochloride Tablets USP, 180 mg – 90 Tablets – Allergy Medication, Non-Drowsy 24-Hour Allergy Relief</p><p>$12.71 ($0.14 / Count)</p><a href="https://www.amazon.com/dp/B07HD64D4G?tag=eloabder-20&linkCode=osi&th=1&psc=1">View Product</a></div>
<div class="product"><a href="https://www.amazon.com/dp/B012ROWNS8?tag=eloabder-20&linkCode=osi&th=1&psc=1"><img src="https://m.media-amazon.com/images/I/51cxYFhISYL._SL500_.jpg" alt="Product Image"></a><p>Boiron Chestal Honey Adult Cold and Cough Syrup for Nasal and Chest Congestion, Runny Nose, and Sore Throat Relief - 6.7 Fl oz</p><p>$11.70 ($1.75 / Fl Oz)</p><a href="https://www.amazon.com/dp/B012ROWNS8?tag=eloabder-20&linkCode=osi&th=1&psc=1">View Product</a></div><div class="product"><a href="https://www.amazon.com/dp/B000WAWN8K?tag=eloabder-20&linkCode=osi&th=1&psc=1"><img src="https://m.media-amazon.com/images/I/41MhHkkpCQL._SL500_.jpg" alt="Product Image"></a><p>Zicam Cold Remedy Zinc Rapidmelts, Citrus Flavor, 25 Count (Pack of 1)</p><p>$10.98 ($0.44 / Count)</p><a href="https://www.amazon.com/dp/B000WAWN8K?tag=eloabder-20&linkCode=osi&th=1&psc=1">View Product</a></div><div class="product"><a href="https://www.amazon.com/dp/B08836KTVQ?tag=eloabder-20&linkCode=osi&th=1&psc=1"><img src="https://m.media-amazon.com/images/I/51kNMcIeJPL._SL500_.jpg" alt="Product Image"></a><p>Mucinex Fast-Max Cold and Flu & Nightshift Severe Cold and Flu Medicine for Adults, Over-the-Counter Medication Combo Pack for Sore Throat Relief, Decongestant, Cough & Cold Medicines, 2 x 6 Fl Oz</p><p>$16.78 ($1.40 / Fl Oz)</p><a href="https://www.amazon.com/dp/B08836KTVQ?tag=eloabder-20&linkCode=osi&th=1&psc=1">View Product</a></div><div class="product"><a href="https://www.amazon.com/dp/B019DL5KCO?tag=eloabder-20&linkCode=osi&th=1&psc=1"><img src="https://m.media-amazon.com/images/I/51i-U6pGMjL._SL500_.jpg" alt="Product Image"></a><p>Coricidin HBP Decongestant-Free Cough and Cold Medicine - Specially Designed Relief for High Blood Pressure, Cough, Runny Nose, Sneezing and Cold Symptoms (16 Count)</p><p>$8.99 ($0.56 / Count)</p><a href="https://www.amazon.com/dp/B019DL5KCO?tag=eloabder-20&linkCode=osi&th=1&psc=1">View Product</a></div><div class="product"><a href="https://www.amazon.com/dp/B009ITR4EY?tag=eloabder-20&linkCode=osi&th=1&psc=1"><img src="https://m.media-amazon.com/images/I/5108J1lmIxL._SL500_.jpg" alt="Product Image"></a><p>Tylenol Cold + Flu Severe Medicine Caplets for Fever, Pain, Cough & Congestion, 24 ct.</p><p>$7.67 ($0.32 / Count)</p><a href="https://www.amazon.com/dp/B009ITR4EY?tag=eloabder-20&linkCode=osi&th=1&psc=1">View Product</a></div><div class="product"><a href="https://www.amazon.com/dp/B000XTO9CI?tag=eloabder-20&linkCode=osi&th=1&psc=1"><img src="https://m.media-amazon.com/images/I/51oNP4G9-7L._SL500_.jpg" alt="Product Image"></a><p>Nature's Way Umcka Cold Plus Flu Berry - 20 Chewables</p><p>$13.03 ($0.65 / Count)</p><a href="https://www.amazon.com/dp/B000XTO9CI?tag=eloabder-20&linkCode=osi&th=1&psc=1">View Product</a></div><div class="product"><a href="https://www.amazon.com/dp/B01FCDDEUC?tag=eloabder-20&linkCode=osi&th=1&psc=1"><img src="https://m.media-amazon.com/images/I/51tvGxyWfdL._SL500_.jpg" alt="Product Image"></a><p>Genexa Kids' Cold Crush | Multi-Symptom Cough & Cold Relief for Children | Delicious Organic Acai Berry Flavor | Certified Organic & Non-GMO | Homeopathic Remedy Made Clean | 60 Chewable Tablets</p><p>$14.99 ($0.25 / Count)</p><a href="https://www.amazon.com/dp/B01FCDDEUC?tag=eloabder-20&linkCode=osi&th=1&psc=1">View Product</a></div><div class="product"><a href="https://www.amazon.com/dp/B01FCDI70Y?tag=eloabder-20&linkCode=osi&th=1&psc=1"><img src="https://m.media-amazon.com/images/I/51XEbZuRk2L._SL500_.jpg" alt="Product Image"></a><p>Genexa Cold Crush | Multi-Symptom Cough & Cold Relief for Adults | Delicious Organic Acai Berry Flavor | Certified Organic & Non-GMO | Homeopathic Remedy Made Clean | 60 Chewable Tablets</p><p>$15.99 ($0.27 / Count)</p><a href="https://www.amazon.com/dp/B01FCDI70Y?tag=eloabder-20&linkCode=osi&th=1&psc=1">View Product</a></div><div class="product"><a href="https://www.amazon.com/dp/B085PSBV9B?tag=eloabder-20&linkCode=osi&th=1&psc=1"><img src="https://m.media-amazon.com/images/I/31xr+2nG29L._SL500_.jpg" alt="Product Image"></a><p>Earthley Wellness, Cough-B-Gone, Natural Herbal Formula, Cold and Cough Remedy, Removes Extra Mucus, Soothes Sore Throats, Promotes Lung Health, and Detoxification, Cough Be Gone (2oz, Kids)</p><p>$24.99 ($12.50 / Ounce)</p><a href="https://www.amazon.com/dp/B085PSBV9B?tag=eloabder-20&linkCode=osi&th=1&psc=1">View Product</a></div><div class="product"><a href="https://www.amazon.com/dp/B01DZ0CN6A?tag=eloabder-20&linkCode=osi&th=1&psc=1"><img src="https://m.media-amazon.com/images/I/41DVIB8+QVL._SL500_.jpg" alt="Product Image"></a><p>Hyland's Baby Mucus and Cold Relief, Daytime Baby Cold Medicine, Infant Cold and Cough Remedy, Decongestant, 4 Fluid Ounce</p><p>$7.01 ($1.75 / Fl Oz)</p><a href="https://www.amazon.com/dp/B01DZ0CN6A?tag=eloabder-20&linkCode=osi&th=1&psc=1">View Product</a></div>
<div class="product"><a href="https://www.amazon.com/dp/B0C21ZLQNC?tag=eloabder-20&linkCode=osi&th=1&psc=1"><img src="https://m.media-amazon.com/images/I/51mKzlUJ2mL._SL500_.jpg" alt="Product Image"></a><p>Physician's CHOICE Digestive Enzymes - Multi Enzymes, Organic Prebiotics & Probiotics for Digestive Health & Gut Health - Meal Time Discomfort Relief & Bloating - Dual Action Approach - 60 CT</p><p>$19.97 ($0.33 / Count)</p><a href="https://www.amazon.com/dp/B0C21ZLQNC?tag=eloabder-20&linkCode=osi&th=1&psc=1">View Product</a></div><div class="product"><a href="https://www.amazon.com/dp/B072YHM6S2?tag=eloabder-20&linkCode=osi&th=1&psc=1"><img src="https://m.media-amazon.com/images/I/41pyv2KOFDL._SL500_.jpg" alt="Product Image"></a><p>Zenwise Health Digestive Enzymes - Probiotic Multi Enzymes with Probiotics and Prebiotics for Digestive Health and Bloating Relief for Women and Men, Daily Enzymes for Gut and Digestion - 60 Count</p><p>$18.97 ($0.32 / Count)</p><a href="https://www.amazon.com/dp/B072YHM6S2?tag=eloabder-20&linkCode=osi&th=1&psc=1">View Product</a></div><div class="product"><a href="https://www.amazon.com/dp/B079H53D2B?tag=eloabder-20&linkCode=osi&th=1&psc=1"><img src="https://m.media-amazon.com/images/I/51Y4b2nfCYL._SL500_.jpg" alt="Product Image"></a><p>Physician's Choice Probiotics 60 Billion CFU - 10 Strains + Organic Prebiotics - Immune, Digestive & Gut Health - Supports Occasional Constipation, Diarrhea, Gas & Bloating - for Women & Men - 30ct</p><p>$23.97 ($0.80 / Count)</p><a href="https://www.amazon.com/dp/B079H53D2B?tag=eloabder-20&linkCode=osi&th=1&psc=1">View Product</a></div><div class="product"><a href="https://www.amazon.com/dp/B0007IQMVG?tag=eloabder-20&linkCode=osi&th=1&psc=1"><img src="https://m.media-amazon.com/images/I/41LbuIg0j9L._SL500_.jpg" alt="Product Image"></a><p>Digestive Advantage IBS Probiotics For Women and Men, Probiotics For Digestive Health & Intensive Bowel Support with Digestive Enzymes For Gut Health, Occasional Bloating & Immune Support, 96 Capsules</p><p>$23.18 ($0.24 / Count)</p><a href="https://www.amazon.com/dp/B0007IQMVG?tag=eloabder-20&linkCode=osi&th=1&psc=1">View Product</a></div><div class="product"><a href="https://www.amazon.com/dp/B012RFVHSO?tag=eloabder-20&linkCode=osi&th=1&psc=1"><img src="https://m.media-amazon.com/images/I/51As5g4VfnL._SL500_.jpg" alt="Product Image"></a><p>OLLY Probiotic + Prebiotic Gummy, Digestive Support and Gut Health, 500 Million CFUs, Fiber, Adult Chewable Supplement for Men and Women, Peach, 30 Day Supply - 30 Count</p><p>$12.49 ($0.42 / Count)</p><a href="https://www.amazon.com/dp/B012RFVHSO?tag=eloabder-20&linkCode=osi&th=1&psc=1">View Product</a></div><div class="product"><a href="https://www.amazon.com/dp/B01ND16K2I?tag=eloabder-20&linkCode=osi&th=1&psc=1"><img src="https://m.media-amazon.com/images/I/518cYvTBjlL._SL500_.jpg" alt="Product Image"></a><p>Digestive Advantage Probiotics For Digestive Health, Daily Probiotics For Women & Men, Supports Gut Health, Occasional Bloating & Diarrhea, Minor Abdominal Discomfort, & Immune Support, 80ct Capsules</p><p>$21.99 ($6.25 / Ounce)</p><a href="https://www.amazon.com/dp/B01ND16K2I?tag=eloabder-20&linkCode=osi&th=1&psc=1">View Product</a></div><div class="product"><a href="https://www.amazon.com/dp/B08Y66H6B7?tag=eloabder-20&linkCode=osi&th=1&psc=1"><img src="https://m.media-amazon.com/images/I/51zpwlruLzL._SL500_.jpg" alt="Product Image"></a><p>Culturelle Pro Strength Daily Probiotics For Digestive Health (2 Month Supply) with Prebiotics for Women & Men, Supports Occasional Diarrhea, Gas & Bloating, Gluten & Soy Free, 60 Count</p><p>$30.99 ($0.52 / Count)</p><a href="https://www.amazon.com/dp/B08Y66H6B7?tag=eloabder-20&linkCode=osi&th=1&psc=1">View Product</a></div><div class="product"><a href="https://www.amazon.com/dp/B0014CVXMW?tag=eloabder-20&linkCode=osi&th=1&psc=1"><img src="https://m.media-amazon.com/images/I/417nIjuQeVL._SL500_.jpg" alt="Product Image"></a><p>Nature's Bounty Acidophilus Probiotic, Daily Probiotic Supplement, Supports Digestive Health, 1 Pack, 120 Tablets</p><p>$7.74 ($0.06 / Count)</p><a href="https://www.amazon.com/dp/B0014CVXMW?tag=eloabder-20&linkCode=osi&th=1&psc=1">View Product</a></div><div class="product"><a href="https://www.amazon.com/dp/B001TH7K0G?tag=eloabder-20&linkCode=osi&th=1&psc=1"><img src="https://m.media-amazon.com/images/I/41nbiJxKRNL._SL500_.jpg" alt="Product Image"></a><p>Metamucil 3-in-1 Fiber Capsules, Daily Psyllium Husk Fiber Supplement, Fiber Capsules for Digestive Health, Plant-Based Psyllium Husk Fiber Capsules, #1 Doctor Recommended Fiber Brand, 300ct Capsules</p><p>$29.11 ($0.10 / Count)</p><a href="https://www.amazon.com/dp/B001TH7K0G?tag=eloabder-20&linkCode=osi&th=1&psc=1">View Product</a></div>
<div class="product"><a href="https://www.amazon.com/dp/B004PVLWW0?tag=eloabder-20&linkCode=osi&th=1&psc=1"><img src="https://m.media-amazon.com/images/I/41MNYerfHQL._SL500_.jpg" alt="Product Image"></a><p>DHT BLOCKER - Hair Growth Supplement for Genetic Thinning for Men and Women | Approved* by American Hair Loss Association | Guaranteed, Backed by 20 Years of Experience in Hair Loss Treatment Clinics</p><p>$43.90 ($0.37 / Count)</p><a href="https://www.amazon.com/dp/B004PVLWW0?tag=eloabder-20&linkCode=osi&th=1&psc=1">View Product</a></div><div class="product"><a href="https://www.amazon.com/dp/B00M6I5SNI?tag=eloabder-20&linkCode=osi&th=1&psc=1"><img src="https://m.media-amazon.com/images/I/51c0-S5TYBL._SL500_.jpg" alt="Product Image"></a><p>Rogaine Women's 5% Minoxidil Foam, Topical Once-A-Day Hair Loss Treatment for Women to Regrow Fuller, Thicker Hair, Unscented, 4-Month Supply, 2 x 2.11 oz</p><p>$47.28 ($22.41 / Ounce)</p><a href="https://www.amazon.com/dp/B00M6I5SNI?tag=eloabder-20&linkCode=osi&th=1&psc=1">View Product</a></div><div class="product"><a href="https://www.amazon.com/dp/B0012BNVE8?tag=eloabder-20&linkCode=osi&th=1&psc=1"><img src="https://m.media-amazon.com/images/I/51AbEqW79jL._SL500_.jpg" alt="Product Image"></a><p>Men's Rogaine 5% Minoxidil Topical Aerosol Hair Regrowth Treatment Foam, 3 Month Supply (Each Can 2.11 Ounce - 60 Gram)</p><p>$51.82 ($8.19 / Ounce)</p><a href="https://www.amazon.com/dp/B0012BNVE8?tag=eloabder-20&linkCode=osi&th=1&psc=1">View Product</a></div><div class="product"><a href="https://www.amazon.com/dp/B00M6I5SMY?tag=eloabder-20&linkCode=osi&th=1&psc=1"><img src="https://m.media-amazon.com/images/I/415RcmGI84L._SL500_.jpg" alt="Product Image"></a><p>Rogaine 5% Minoxidil Foam, Topical Once-A-Day Hair Loss Treatment for Women to Regrow Fuller, Thicker Hair, Unscented, 2-Month Supply, 2.11 oz</p><p>$28.26 ($13.39 / Ounce)</p><a href="https://www.amazon.com/dp/B00M6I5SMY?tag=eloabder-20&linkCode=osi&th=1&psc=1">View Product</a></div><div class="product"><a href="https://www.amazon.com/dp/B019ZZB3O2?tag=eloabder-20&linkCode=osi&th=1&psc=1"><img src="https://m.media-amazon.com/images/I/413jmbWcG3L._SL500_.jpg" alt="Product Image"></a><p>SugarbearPRO Hair Vitamin Extra Strength 6000mcg Biotin, Longer-Looking Hair Gummy for Women & Men,B12, MSM, Inositol, Omega 3, Elderberry, Growth, USA Patent Design, Kosher Halal Vegan 2 Month Supply</p><p>$38.99 ($0.65 / Count)</p><a href="https://www.amazon.com/dp/B019ZZB3O2?tag=eloabder-20&linkCode=osi&th=1&psc=1">View Product</a></div><div class="product"><a href="https://www.amazon.com/dp/B0000Y8H3S?tag=eloabder-20&linkCode=osi&th=1&psc=1"><img src="https://m.media-amazon.com/images/I/41HVx2izbyL._SL500_.jpg" alt="Product Image"></a><p>Men's Rogaine Extra Strength 5% Minoxidil Topical Solution for Thin Hair, Hair Loss Treatment to Regrow Fuller, Thicker Hair, 3-Month Supply, 3 x 2 fl. oz</p><p>$55.99 ($9.33 / Fl Oz)</p><a href="https://www.amazon.com/dp/B0000Y8H3S?tag=eloabder-20&linkCode=osi&th=1&psc=1">View Product</a></div><div class="product"><a href="https://www.amazon.com/dp/B08FGZSW8L?tag=eloabder-20&linkCode=osi&th=1&psc=1"><img src="https://m.media-amazon.com/images/I/41zpZ6a7pwL._SL500_.jpg" alt="Product Image"></a><p>WEEM Hair Skin and Nails Gummies - Supports healthy hair - Vegan biotin Vitamins for Women & Men Supports Faster Hair Growth, Stronger Nails, Healthy Skin, Extra Strength (1)</p><p>$29.95 ($0.50 / Count)</p><a href="https://www.amazon.com/dp/B08FGZSW8L?tag=eloabder-20&linkCode=osi&th=1&psc=1">View Product</a></div><div class="product"><a href="https://www.amazon.com/dp/B09LSLLF6M?tag=eloabder-20&linkCode=osi&th=1&psc=1"><img src="https://m.media-amazon.com/images/I/51KUcMGYOaL._SL500_.jpg" alt="Product Image"></a><p>Biotin and Collagen Vitamins + Keratin with Folate - Hair Loss Treatments for Women & Men - Hair, Skin and Nails Supplements for Hair Growth & Postpartum Support - GMO Free & Gluten Free (120 Caps)</p><p>$24.99 ($0.21 / Count)</p><a href="https://www.amazon.com/dp/B09LSLLF6M?tag=eloabder-20&linkCode=osi&th=1&psc=1">View Product</a></div><div class="product"><a href="https://www.amazon.com/dp/B00BMLOKHU?tag=eloabder-20&linkCode=osi&th=1&psc=1"><img src="https://m.media-amazon.com/images/I/41NZ8vQtHtL._SL500_.jpg" alt="Product Image"></a><p>Rogaine Women's 2% Minoxidil Topical Solution for Womens Hair Thinning and Loss & Hair Regrowth, 3-Month Supply, 4 Piece Set, Unscented, 6 Fl Oz</p><p>$56.35 ($9.39 / Fl Oz)</p><a href="https://www.amazon.com/dp/B00BMLOKHU?tag=eloabder-20&linkCode=osi&th=1&psc=1">View Product</a></div><div class="product"><a href="https://www.amazon.com/dp/B0BWZTV1V7?tag=eloabder-20&linkCode=osi&th=1&psc=1"><img src="https://m.media-amazon.com/images/I/41R4tp1Hq3L._SL500_.jpg" alt="Product Image"></a><p>Nature's Bounty Hair Growth Supplement, 1 Per Day, Clinically Shown to Support Thicker, Fuller Hair, with Biotin, Silicon & Arginine, 30 Capsules</p><p>$16.98 ($0.57 / Count)</p><a href="https://www.amazon.com/dp/B0BWZTV1V7?tag=eloabder-20&linkCode=osi&th=1&psc=1">View Product</a></div>
<div class="product"><a href="https://www.amazon.com/dp/B091NJQ29P?tag=eloabder-20&linkCode=osi&th=1&psc=1"><img src="https://m.media-amazon.com/images/I/31b6zrb8KuL._SL500_.jpg" alt="Product Image"></a><p>Good Molecules Yerba Mate Wake Up Eye Gel - Yerba Mate, Hyaluronic Acid and Caffeine to Hydrate, Minimize Puffiness and Swelling - Skincare for Face</p><p>$6.00 ($12.00 / Fl Oz)</p><a href="https://www.amazon.com/dp/B091NJQ29P?tag=eloabder-20&linkCode=osi&th=1&psc=1">View Product</a></div><div class="product"><a href="https://www.amazon.com/dp/B0BNLRSCRR?tag=eloabder-20&linkCode=osi&th=1&psc=1"><img src="https://m.media-amazon.com/images/I/41IMVQnA5uL._SL500_.jpg" alt="Product Image"></a><p>Blink Eye Drops for Dry Eyes, Triple Care Lubricant Eye Drops, Instantly Soothing, Moisturizing & Extra Long-Lasting Hydrating Eye Care for Moderate to Severe Dry Eye Symptom Relief, 0.34 fl oz</p><p>$12.37 ($36.38 / Fl Oz)</p><a href="https://www.amazon.com/dp/B0BNLRSCRR?tag=eloabder-20&linkCode=osi&th=1&psc=1">View Product</a></div><div class="product"><a href="https://www.amazon.com/dp/B08DG3C22G?tag=eloabder-20&linkCode=osi&th=1&psc=1"><img src="https://m.media-amazon.com/images/I/51NCnFVfYTL._SL500_.jpg" alt="Product Image"></a><p>Celor Under Eye Patches for Puffy Eyes and Dark Circles - Eye Masks with Amino Acids & Collagen, Eye Care for Wrinkles - Birthday Gift for Women - Skincare Self Care - USA Tested (20 Pairs)</p><p>$9.99 ($0.50 / Count)</p><a href="https://www.amazon.com/dp/B08DG3C22G?tag=eloabder-20&linkCode=osi&th=1&psc=1">View Product</a></div><div class="product"><a href="https://www.amazon.com/dp/B07BVYZL88?tag=eloabder-20&linkCode=osi&th=1&psc=1"><img src="https://m.media-amazon.com/images/I/41Nyltw77SL._SL500_.jpg" alt="Product Image"></a><p>LUMIFY Redness Reliever Eye Drops 0.25 Ounce (7.5mL)</p><p>$21.48 ($84.90 / Fl Oz)</p><a href="https://www.amazon.com/dp/B07BVYZL88?tag=eloabder-20&linkCode=osi&th=1&psc=1">View Product</a></div><div class="product"><a href="https://www.amazon.com/dp/B00CWY8O1O?tag=eloabder-20&linkCode=osi&th=1&psc=1"><img src="https://m.media-amazon.com/images/I/41GAeXziMYL._SL500_.jpg" alt="Product Image"></a><p>RoC Multi Correxion 5 in 1 Anti-Aging Eye Cream for Puffiness, Under Eye Bags & Dark Circles, Skin Care Treatment with Shea Butter, (.5 oz) with Night Cream Packette (Packaging May Vary)</p><p>$18.80 ($37.60 / Fl Oz)</p><a href="https://www.amazon.com/dp/B00CWY8O1O?tag=eloabder-20&linkCode=osi&th=1&psc=1">View Product</a></div><div class="product"><a href="https://www.amazon.com/dp/B0B1MFMS7W?tag=eloabder-20&linkCode=osi&th=1&psc=1"><img src="https://m.media-amazon.com/images/I/41BGKrFfFxL._SL500_.jpg" alt="Product Image"></a><p>CorneaCare Rest: Self Heating Warm Compress for Eyes | Heated Eye Mask for Fast Relief of Dry Eyes | No Microwave Needed | Eye Treatment Products for Dry Eye Relief | 30 Count | FSA & HSA Eligible</p><p>$35.00 ($1.17 / Count)</p><a href="https://www.amazon.com/dp/B0B1MFMS7W?tag=eloabder-20&linkCode=osi&th=1&psc=1">View Product</a></div><div class="product"><a href="https://www.amazon.com/dp/B0CQ2VBK8M?tag=eloabder-20&linkCode=osi&th=1&psc=1"><img src="https://m.media-amazon.com/images/I/61yjNxVwmgL._SL500_.jpg" alt="Product Image"></a><p>Under Eye Patches for Dark Circles and Puffy Eyes (30 Pairs), Marine Collagen Eye Gel Pads for Puffiness with Vitamin C, Hyaluronic Acid, and Pearl Extract, Eye Mask for Dark Circles and Puffiness</p><p>$19.95 ($0.66 / Count)</p><a href="https://www.amazon.com/dp/B0CQ2VBK8M?tag=eloabder-20&linkCode=osi&th=1&psc=1">View Product</a></div>
<div class="product"><a href="https://www.amazon.com/dp/B072N7WRHS?tag=eloabder-20&linkCode=osi&th=1&psc=1"><img src="https://m.media-amazon.com/images/I/413f-GdLNQL._SL500_.jpg" alt="Product Image"></a><p>Renu Contact Lens Solution Advanced Formula Multipurpose Lens Cleaner for Eye Contacts, Cleaning, Moisturizing and Disinfecting Care for Soft & Silicon Hydrogel Lenses, 12 Fl Oz (Pack of 2)</p><p>$14.96 ($0.62 / Fl Oz)</p><a href="https://www.amazon.com/dp/B072N7WRHS?tag=eloabder-20&linkCode=osi&th=1&psc=1">View Product</a></div><div class="product"><a href="https://www.amazon.com/dp/B09WRB83MX?tag=eloabder-20&linkCode=osi&th=1&psc=1"><img src="https://m.media-amazon.com/images/I/418Hy6lumfL._SL500_.jpg" alt="Product Image"></a><p>Biotrue Hydration Plus Contact Lens Solution, Multi-Purpose Solution for Soft Contact Lenses, Lens Case Included, 10 FL OZ (Pack of 2)</p><p>$18.99 ($0.95 / Fl Oz)</p><a href="https://www.amazon.com/dp/B09WRB83MX?tag=eloabder-20&linkCode=osi&th=1&psc=1">View Product</a></div><div class="product"><a href="https://www.amazon.com/dp/B00EALX660?tag=eloabder-20&linkCode=osi&th=1&psc=1"><img src="https://m.media-amazon.com/images/I/51nm-B778HL._SL500_.jpg" alt="Product Image"></a><p>Bausch & Lomb Sensitive Eyes Contact Lens Solution, Sensitive Eyes Solution for Soft Contact & Gas Permeable Lenses, Saline Solution with Potassium, 12 Fl Oz (Pack of 2)</p><p>$6.99 ($0.29 / Fl Oz)</p><a href="https://www.amazon.com/dp/B00EALX660?tag=eloabder-20&linkCode=osi&th=1&psc=1">View Product</a></div><div class="product"><a href="https://www.amazon.com/dp/B086TPW1WP?tag=eloabder-20&linkCode=osi&th=1&psc=1"><img src="https://m.media-amazon.com/images/I/51qNhUL2EvL._SL500_.jpg" alt="Product Image"></a><p>Renu Contact Lens Solution Multipurpose Disinfectant, Advanced Formula Lens Cleaner, Cleans & Moisturizes Soft & Silicon Hydrogel Lenses, Multi-Pack 16 Fl Oz (Pack of 2) + 2 Fl Oz Travel Size</p><p>$19.99 ($0.59 / Ounce)</p><a href="https://www.amazon.com/dp/B086TPW1WP?tag=eloabder-20&linkCode=osi&th=1&psc=1">View Product</a></div><div class="product"><a href="https://www.amazon.com/dp/B010GD3NUY?tag=eloabder-20&linkCode=osi&th=1&psc=1"><img src="https://m.media-amazon.com/images/I/51J4K0ac2IL._SL500_.jpg" alt="Product Image"></a><p>Clear Care Plus Cleaning Solution with Lens Case, Twin Pack, Multi, 12 Oz, Pack of 2</p><p>$17.49 ($0.73 / Fl Oz)</p><a href="https://www.amazon.com/dp/B010GD3NUY?tag=eloabder-20&linkCode=osi&th=1&psc=1">View Product</a></div><div class="product"><a href="https://www.amazon.com/dp/B072N7WNTK?tag=eloabder-20&linkCode=osi&th=1&psc=1"><img src="https://m.media-amazon.com/images/I/4109e6u0vfL._SL500_.jpg" alt="Product Image"></a><p>Renu Contact Lens Solution Multipurpose Disinfectant, Advanced Formula Lens Cleaner, Cleans & Moisturizes Soft & Silicon Hydrogel Lenses, 12 Fl Oz</p><p>$8.58 ($0.72 / Fl Oz)</p><a href="https://www.amazon.com/dp/B072N7WNTK?tag=eloabder-20&linkCode=osi&th=1&psc=1">View Product</a></div><div class="product"><a href="https://www.amazon.com/dp/B001V9QLYI?tag=eloabder-20&linkCode=osi&th=1&psc=1"><img src="https://m.media-amazon.com/images/I/41LQd8ELOOL._SL500_.jpg" alt="Product Image"></a><p>Boston Advance Contact Lens Solution by Bausch+ Lomb, for Gas Permeable Contact Lenses, 1 Fl Oz (Packaging May Vary)</p><p>$9.48</p><a href="https://www.amazon.com/dp/B001V9QLYI?tag=eloabder-20&linkCode=osi&th=1&psc=1">View Product</a></div><div class="product"><a href="https://www.amazon.com/dp/B001LFF5WG?tag=eloabder-20&linkCode=osi&th=1&psc=1"><img src="https://m.media-amazon.com/images/I/41yeo4z2YQL._SL500_.jpg" alt="Product Image"></a><p>Boston Simplus Contact Lens Solution, for Gas Permeable Contact Lenses, 3.5 Fl Oz</p><p>$9.58 ($2.74 / Fl Oz)</p><a href="https://www.amazon.com/dp/B001LFF5WG?tag=eloabder-20&linkCode=osi&th=1&psc=1">View Product</a></div><div class="product"><a href="https://www.amazon.com/dp/B018KC4G2C?tag=eloabder-20&linkCode=osi&th=1&psc=1"><img src="https://m.media-amazon.com/images/I/41f3UfFJoWL._SL500_.jpg" alt="Product Image"></a><p>Biotrue Contact Lens Solution, Multi-Purpose Solution for Soft Contact Lenses, Lens Case Included, 2 FL OZ</p><p>$3.43 ($1.72 / Fl Oz)</p><a href="https://www.amazon.com/dp/B018KC4G2C?tag=eloabder-20&linkCode=osi&th=1&psc=1">View Product</a></div><div class="product"><a href="https://www.amazon.com/dp/B01DP74HR6?tag=eloabder-20&linkCode=osi&th=1&psc=1"><img src="https://m.media-amazon.com/images/I/41262O5xYEL._SL500_.jpg" alt="Product Image"></a><p>Biotrue Contact Lens Solution, Multi-Purpose Solution for Soft Contact Lenses, Lens Case Included, 4 FL OZ</p><p>$4.86 ($1.22 / Fl Oz)</p><a href="https://www.amazon.com/dp/B01DP74HR6?tag=eloabder-20&linkCode=osi&th=1&psc=1">View Product</a></div>
<div class="product"><a href="https://www.amazon.com/dp/B09XW9LBLF?tag=eloabder-20&linkCode=osi&th=1&psc=1"><img src="https://m.media-amazon.com/images/I/51n47pJYTJL._SL500_.jpg" alt="Product Image"></a><p>Arm & Hammer Simply Saline Daily Care Nasal Mist 4.4oz, Saline Nasal Spray, Drug-Free, 3-Pack</p><p>$13.67 ($1.04 / Ounce)</p><a href="https://www.amazon.com/dp/B09XW9LBLF?tag=eloabder-20&linkCode=osi&th=1&psc=1">View Product</a></div><div class="product"><a href="https://www.amazon.com/dp/B088WMFYMJ?tag=eloabder-20&linkCode=osi&th=1&psc=1"><img src="https://m.media-amazon.com/images/I/517b8NFQwCL._SL500_.jpg" alt="Product Image"></a><p>Flonase Allergy Relief Nasal Spray, 24 Hour Non Drowsy Allergy Medicine, Metered Nasal Spray - 72 Sprays - Fall and Seasonal Allergy Relief</p><p>$17.48 ($46.00 / Fl Oz)</p><a href="https://www.amazon.com/dp/B088WMFYMJ?tag=eloabder-20&linkCode=osi&th=1&psc=1">View Product</a></div><div class="product"><a href="https://www.amazon.com/dp/B082DMRQRK?tag=eloabder-20&linkCode=osi&th=1&psc=1"><img src="https://m.media-amazon.com/images/I/51Jdsg2qhIL._SL500_.jpg" alt="Product Image"></a><p>HealthA2Z® Fluticasone Propionate Nasal Sprays | Allery Relief Spray | Runny Nose | Nasal Congestion | Sneezing | Itchy Watery Eyes | 24 Hour Allergy Relief | (2 Packs)</p><p>$24.75 ($22.92 / Fl Oz)</p><a href="https://www.amazon.com/dp/B082DMRQRK?tag=eloabder-20&linkCode=osi&th=1&psc=1">View Product</a></div><div class="product"><a href="https://www.amazon.com/dp/B0B59NJFNX?tag=eloabder-20&linkCode=osi&th=1&psc=1"><img src="https://m.media-amazon.com/images/I/51RAk5kegDL._SL500_.jpg" alt="Product Image"></a><p>Astepro Nasal Spray, 24-Hour Allergy Relief, Steroid-Free Antihistamine, Nasal Congestion, Runny & Itchy Nose, For Adults and Children 6 Years and Older, 200 Metered Sprays (1 Bottle)</p><p>$34.95 ($34.60 / Fl Oz)</p><a href="https://www.amazon.com/dp/B0B59NJFNX?tag=eloabder-20&linkCode=osi&th=1&psc=1">View Product</a></div><div class="product"><a href="https://www.amazon.com/dp/B08ZF4QDKG?tag=eloabder-20&linkCode=osi&th=1&psc=1"><img src="https://m.media-amazon.com/images/I/41QbiS5l98L._SL500_.jpg" alt="Product Image"></a><p>Amazon Basic Care Maximum Strength 12 Hour Nasal Spray, Oxymetazoline HCl Solution, Congestion Relief, Cold and Allergy Medicine, Decongestant, 1 Fl Oz (Pack of 1)</p><p>$3.99</p><a href="https://www.amazon.com/dp/B08ZF4QDKG?tag=eloabder-20&linkCode=osi&th=1&psc=1">View Product</a></div><div class="product"><a href="https://www.amazon.com/dp/B098PY8KGP?tag=eloabder-20&linkCode=osi&th=1&psc=1"><img src="https://m.media-amazon.com/images/I/41BksBu+y6L._SL500_.jpg" alt="Product Image"></a><p>Amazon Basic Care 24-Hour Allergy Relief Nasal Spray, Fluticasone Propionate (Glucocorticoid), 50 mcg, Full Prescription Strength, Non-Drowsy, 0.62 fl oz (Pack of 1)</p><p>$13.11 ($21.15 / Fl Oz)</p><a href="https://www.amazon.com/dp/B098PY8KGP?tag=eloabder-20&linkCode=osi&th=1&psc=1">View Product</a></div><div class="product"><a href="https://www.amazon.com/dp/B07MLTLN74?tag=eloabder-20&linkCode=osi&th=1&psc=1"><img src="https://m.media-amazon.com/images/I/41sFNiAjpkL._SL500_.jpg" alt="Product Image"></a><p>Amazon Basic Care No Drip Severe Congestion Nasal Pump Mist Spray, 12 Hour Relief, Oxymetazoline HCl, Maximum Strength Plus Menthol, Steroid Free, 1 fl oz (Pack of 1)</p><p>$6.99</p><a href="https://www.amazon.com/dp/B07MLTLN74?tag=eloabder-20&linkCode=osi&th=1&psc=1">View Product</a></div><div class="product"><a href="https://www.amazon.com/dp/B07MLTLN75?tag=eloabder-20&linkCode=osi&th=1&psc=1"><img src="https://m.media-amazon.com/images/I/41g+3os1psL._SL500_.jpg" alt="Product Image"></a><p>Amazon Basic Care No Drip Nasal Spray, 12 Hour Nasal Decongestant, Pump Mist, Oxymetazoline HCl, Cold and Allergy Nasal Spray, 1 fl oz (Pack of 1)</p><p>$5.79</p><a href="https://www.amazon.com/dp/B07MLTLN75?tag=eloabder-20&linkCode=osi&th=1&psc=1">View Product</a></div><div class="product"><a href="https://www.amazon.com/dp/B09J19Q189?tag=eloabder-20&linkCode=osi&th=1&psc=1"><img src="https://m.media-amazon.com/images/I/513rHNbyUxL._SL500_.jpg" alt="Product Image"></a><p>Flonase Allergy Relief Nasal Spray, 24-Hour Non-Drowsy Multi-Symptom Relief - 72 Sprays plus Bonus Pack of Tissues</p><p>$17.49</p><a href="https://www.amazon.com/dp/B09J19Q189?tag=eloabder-20&linkCode=osi&th=1&psc=1">View Product</a></div>
<div class="product"><a href="https://www.amazon.com/dp/B001FWXKTA?tag=eloabder-20&linkCode=osi&th=1&psc=1"><img src="https://m.media-amazon.com/images/I/31Rb8V-nAVL._SL500_.jpg" alt="Product Image"></a><p>Vicks Warm Mist Humidifier Small to Large Room for Baby, Kids and Adults, 1 Gallon Tank</p><p>$42.99</p><a href="https://www.amazon.com/dp/B001FWXKTA?tag=eloabder-20&linkCode=osi&th=1&psc=1">View Product</a></div>



<div class="product"><a href="https://www.amazon.com/dp/B01NCMJPOQ?tag=eloabder-20&linkCode=osi&th=1&psc=1"><img src="https://m.media-amazon.com/images/I/413cE2SHNeL._SL500_.jpg" alt="Product Image"></a><p>Lee Beauty Professional Callus Remover for Feet - Original, Powerful Formulation - Extra Strength Gel, Home Pedicure Foot Spa Results - Cracked & Dead Dry Skin Supplies - 8 Oz</p><p>$14.99 ($1.87 / Ounce)</p><a href="https://www.amazon.com/dp/B01NCMJPOQ?tag=eloabder-20&linkCode=osi&th=1&psc=1">View Product</a></div><div class="product"><a href="https://www.amazon.com/dp/B07Z6CG253?tag=eloabder-20&linkCode=osi&th=1&psc=1"><img src="https://m.media-amazon.com/images/I/41pgtZmmDcL._SL500_.jpg" alt="Product Image"></a><p>Okay Himalayan Pink Salt Detoxifying Foot Soak With & Tea Tree Oil, lavender, 20 Ounce</p><p>$9.99 ($0.50 / Ounce)</p><a href="https://www.amazon.com/dp/B07Z6CG253?tag=eloabder-20&linkCode=osi&th=1&psc=1">View Product</a></div><div class="product"><a href="https://www.amazon.com/dp/B07HRYCWQZ?tag=eloabder-20&linkCode=osi&th=1&psc=1"><img src="https://m.media-amazon.com/images/I/41foQatg2ZL._SL500_.jpg" alt="Product Image"></a><p>Extra Strength Callus Remover for Feet - Callus Remover Gel Foot Scrubber for Dead Skin - Professional Pedicure Foot Spa Essential, 6oz</p><p>$8.95</p><a href="https://www.amazon.com/dp/B07HRYCWQZ?tag=eloabder-20&linkCode=osi&th=1&psc=1">View Product</a></div><div class="product"><a href="https://www.amazon.com/dp/B00LE99PA2?tag=eloabder-20&linkCode=osi&th=1&psc=1"><img src="https://m.media-amazon.com/images/I/518ViTgYdGL._SL500_.jpg" alt="Product Image"></a><p>Amopé Pedi Perfect Electric Callus Remover Foot File w/ Diamond Crystals, Pedicure Tool for Feet, Removes Hard & Dead Skin, Feet Scrubber & Buffer, Splashproof, w/ Extra Coarse Roller Head, 1 Count</p><p>$19.88</p><a href="https://www.amazon.com/dp/B00LE99PA2?tag=eloabder-20&linkCode=osi&th=1&psc=1">View Product</a></div><div class="product"><a href="https://www.amazon.com/dp/B09NF6QX1G?tag=eloabder-20&linkCode=osi&th=1&psc=1"><img src="https://m.media-amazon.com/images/I/41HuNW0tjuL._SL500_.jpg" alt="Product Image"></a><p>Nervive Nerve Care, Pain Relieving Roll On Liquid, Max Strength No-Mess Topical Pain Reliever with Lidocaine and Menthol for Toes, Feet, Fingers, Hands, Legs & Arms, 2.5oz</p><p>$11.28 ($4.51 / Ounce)</p><a href="https://www.amazon.com/dp/B09NF6QX1G?tag=eloabder-20&linkCode=osi&th=1&psc=1">View Product</a></div>
<div class="product"><a href="https://www.amazon.com/dp/B004D24818?tag=eloabder-20&linkCode=osi&th=1&psc=1"><img src="https://m.media-amazon.com/images/I/41bHH-v8WsL._SL500_.jpg" alt="Product Image"></a><p>Neutrogena Retinol Eye Cream for Dark Circles, Rapid Wrinkle Repair, Daily Anti-Aging Under Eye Cream with Retinol & Hyaluronic Acid to Fight Fine Lines, Wrinkles, & Dark Spots, 0.5 fl. oz</p><p>$17.55 ($35.10 / Fl Oz)</p><a href="https://www.amazon.com/dp/B004D24818?tag=eloabder-20&linkCode=osi&th=1&psc=1">View Product</a></div><div class="product"><a href="https://www.amazon.com/dp/B01D1DR514?tag=eloabder-20&linkCode=osi&th=1&psc=1"><img src="https://m.media-amazon.com/images/I/31xMIASoSRL._SL500_.jpg" alt="Product Image"></a><p>e.l.f. SKIN Holy Hydration! Eye Cream, Rich Hydrating Eye Cream For Minimizing Dark Circles, Infused With Hyaluronic Acid, Vegan & Cruelty-free</p><p>$10.00 ($18.87 / Ounce)</p><a href="https://www.amazon.com/dp/B01D1DR514?tag=eloabder-20&linkCode=osi&th=1&psc=1">View Product</a></div><div class="product"><a href="https://www.amazon.com/dp/B0CRM6KKK5?tag=eloabder-20&linkCode=osi&th=1&psc=1"><img src="https://m.media-amazon.com/images/I/21nz5wmE0lL._SL500_.jpg" alt="Product Image"></a><p>Eight Saints Wonder-fill Plumping Eye Cream, Natural and Organic Anti Aging Under Eye Cream to Plump Skin, Reduce Wrinkles, Fine Lines, and Under Eye Bags, Dark Circles Under Eye Treatment, 0.5 Ounces</p><p>$38.00 ($76.00 / Ounce)</p><a href="https://www.amazon.com/dp/B0CRM6KKK5?tag=eloabder-20&linkCode=osi&th=1&psc=1">View Product</a></div>


<div class="product"><a href="https://www.amazon.com/dp/B099J2SWXV?tag=eloabder-20&linkCode=osi&th=1&psc=1"><img src="https://m.media-amazon.com/images/I/51XFs0dRjpL._SL500_.jpg" alt="Product Image"></a><p>Dymatize ISO100 Hydrolyzed Protein Powder, 100% Whey Isolate Protein, 25g of Protein, 5.5g BCAAs, Gluten Free, Fast Absorbing, Easy Digesting, Gourmet Vanilla, 20 servings</p><p>$27.96 ($1.30 / Ounce)</p><a href="https://www.amazon.com/dp/B099J2SWXV?tag=eloabder-20&linkCode=osi&th=1&psc=1">View Product</a></div><div class="product"><a href="https://www.amazon.com/dp/B000QSNYGI?tag=eloabder-20&linkCode=osi&th=1&psc=1"><img src="https://m.media-amazon.com/images/I/418FT93kkzL._SL500_.jpg" alt="Product Image"></a><p>Optimum Nutrition Gold Standard 100% Whey Protein Powder, Double Rich Chocolate, 5 Pound (Packaging May Vary)</p><p>$73.33 ($0.92 / Ounce)</p><a href="https://www.amazon.com/dp/B000QSNYGI?tag=eloabder-20&linkCode=osi&th=1&psc=1">View Product</a></div><div class="product"><a href="https://www.amazon.com/dp/B013MRPPL6?tag=eloabder-20&linkCode=osi&th=1&psc=1"><img src="https://m.media-amazon.com/images/I/51fmY5QAcGL._SL500_.jpg" alt="Product Image"></a><p>Equip Foods Prime Protein - Grass Fed Beef Protein Powder Isolate - Paleo and Keto Friendly, Gluten Free Carnivore Protein Powder - Chocolate, 1.7 Pounds - Helps Build and Repair Tissue</p><p>$67.99 ($2.50 / Ounce)</p><a href="https://www.amazon.com/dp/B013MRPPL6?tag=eloabder-20&linkCode=osi&th=1&psc=1">View Product</a></div><div class="product"><a href="https://www.amazon.com/dp/B00J074W7Q?tag=eloabder-20&linkCode=osi&th=1&psc=1"><img src="https://m.media-amazon.com/images/I/417tUIFuGVL._SL500_.jpg" alt="Product Image"></a><p>Orgain Organic Vegan Protein Powder, Vanilla Bean - 21g Plant Protein, 4g Prebiotic Fiber, No Lactose Ingredients, No Added Sugar, Non-GMO, For Shakes & Smoothies, 2.03 lb (Packaging May Vary)</p><p>$26.34 ($0.81 / Ounce)</p><a href="https://www.amazon.com/dp/B00J074W7Q?tag=eloabder-20&linkCode=osi&th=1&psc=1">View Product</a></div><div class="product"><a href="https://www.amazon.com/dp/B06Y5ZG66K?tag=eloabder-20&linkCode=osi&th=1&psc=1"><img src="https://m.media-amazon.com/images/I/51Lyzdfa4oL._SL500_.jpg" alt="Product Image"></a><p>Premier Protein Powder, Chocolate Milkshake, 30g Protein, 1g Sugar, 100% Whey Protein, Keto Friendly, No Soy Ingredients, Gluten Free, 17 Servings, 23.9 Ounce (Pack of 1)</p><p>$25.18 ($1.03 / Ounce)</p><a href="https://www.amazon.com/dp/B06Y5ZG66K?tag=eloabder-20&linkCode=osi&th=1&psc=1">View Product</a></div><div class="product"><a href="https://www.amazon.com/dp/B0BJLBD427?tag=eloabder-20&linkCode=osi&th=1&psc=1"><img src="https://m.media-amazon.com/images/I/51YnBZqOwCL._SL500_.jpg" alt="Product Image"></a><p>Body Fortress Super Advanced Whey Protein Powder, Chocolate, Immune Support (1), Vitamins C & D Plus Zinc, 1.78 lbs (Packaging May Vary)</p><p>$22.98 ($0.81 / Ounce)</p><a href="https://www.amazon.com/dp/B0BJLBD427?tag=eloabder-20&linkCode=osi&th=1&psc=1">View Product</a></div><div class="product"><a href="https://www.amazon.com/dp/B07PXNNFGT?tag=eloabder-20&linkCode=osi&th=1&psc=1"><img src="https://m.media-amazon.com/images/I/51Fw9Wm0sGL._SL500_.jpg" alt="Product Image"></a><p>Orgain Organic Vegan Protein + 50 Superfoods Powder, Vanilla Bean - 21g Plant Based Protein, 8g Prebiotic Fiber, No Lactose Ingredients, Gluten Free, No Added Sugar, Non-GMO, 2.02 lb</p><p>$29.99 ($0.93 / Ounce)</p><a href="https://www.amazon.com/dp/B07PXNNFGT?tag=eloabder-20&linkCode=osi&th=1&psc=1">View Product</a></div><div class="product"><a href="https://www.amazon.com/dp/B00EACSHF4?tag=eloabder-20&linkCode=osi&th=1&psc=1"><img src="https://m.media-amazon.com/images/I/41D4SI8q0mL._SL500_.jpg" alt="Product Image"></a><p>Dymatize Elite 100% Whey Protein Powder, 25g Protein, 5.5g BCAAs & 2.7g L-Leucine, Quick Absorbing & Fast Digesting for Optimal Muscle Recovery, Gourmet Vanilla, 5 Pound, 67 Servings</p><p>$67.49 ($0.84 / Ounce)</p><a href="https://www.amazon.com/dp/B00EACSHF4?tag=eloabder-20&linkCode=osi&th=1&psc=1">View Product</a></div><div class="product"><a href="https://www.amazon.com/dp/B00J074W94?tag=eloabder-20&linkCode=osi&th=1&psc=1"><img src="https://m.media-amazon.com/images/I/41jXWg1fe6L._SL500_.jpg" alt="Product Image"></a><p>Orgain Organic Vegan Protein Powder, Creamy Chocolate Fudge - 21g Plant Protein, 7g Prebiotic Fiber, Low Net Carb, No Lactose Ingredients, No Added Sugar, Non-GMO, For Shakes & Smoothies, 2.03 lb</p><p>$30.49 ($0.94 / Ounce)</p><a href="https://www.amazon.com/dp/B00J074W94?tag=eloabder-20&linkCode=osi&th=1&psc=1">View Product</a></div><div class="product"><a href="https://www.amazon.com/dp/B002DYIZHG?tag=eloabder-20&linkCode=osi&th=1&psc=1"><img src="https://m.media-amazon.com/images/I/41JLcuooSqL._SL500_.jpg" alt="Product Image"></a><p>Optimum Nutrition Gold Standard 100% Whey Protein Powder, Extreme Milk Chocolate, 2 Pound (Pack of 1) (Packaging May Vary)</p><p>$35.47 ($1.11 / Ounce)</p><a href="https://www.amazon.com/dp/B002DYIZHG?tag=eloabder-20&linkCode=osi&th=1&psc=1">View Product</a></div>
<div class="product"><a href="https://www.amazon.com/dp/B019GU4ILQ?tag=eloabder-20&linkCode=osi&th=1&psc=1"><img src="https://m.media-amazon.com/images/I/51QLnQIgtZL._SL500_.jpg" alt="Product Image"></a><p>Nuun Sport Electrolyte Tablets for Proactive Hydration, Mixed Citrus Berry Flavors, 4 Pack (40 Servings)</p><p>$21.80 ($0.54 / Count)</p><a href="https://www.amazon.com/dp/B019GU4ILQ?tag=eloabder-20&linkCode=osi&th=1&psc=1">View Product</a></div><div class="product"><a href="https://www.amazon.com/dp/B07DX89ZHN?tag=eloabder-20&linkCode=osi&th=1&psc=1"><img src="https://m.media-amazon.com/images/I/41INqodQzYL._SL500_.jpg" alt="Product Image"></a><p>Sports Research Triple Strength Omega 3 Fish Oil - Burpless Fish Oil Supplement w/EPA & DHA Fatty Acids from Single-Source Wild Alaska Pollock - 1250 mg, 90 ct</p><p>$26.95 ($0.30 / Count)</p><a href="https://www.amazon.com/dp/B07DX89ZHN?tag=eloabder-20&linkCode=osi&th=1&psc=1">View Product</a></div><div class="product"><a href="https://www.amazon.com/dp/B0892R2K3P?tag=eloabder-20&linkCode=osi&th=1&psc=1"><img src="https://m.media-amazon.com/images/I/41Ru5Hoi+JL._SL500_.jpg" alt="Product Image"></a><p>BARE PERFORMANCE NUTRITION, BPN G.1.M Go One More Sport, Endurance Training Fuel, Fruit Punch, Superior Carbohydrate Source & Electrolyte Formula, Reduce Fatigue, 25 Servings</p><p>$39.99 ($1.92 / Ounce)</p><a href="https://www.amazon.com/dp/B0892R2K3P?tag=eloabder-20&linkCode=osi&th=1&psc=1">View Product</a></div><div class="product"><a href="https://www.amazon.com/dp/B000GISTZ4?tag=eloabder-20&linkCode=osi&th=1&psc=1"><img src="https://m.media-amazon.com/images/I/41oF8bNCKHL._SL500_.jpg" alt="Product Image"></a><p>Optimum Nutrition Gold Standard 100% Whey Protein Powder, Vanilla Ice Cream, 2 Pound (Pack of 1) (Packaging May Vary)</p><p>$35.34 ($1.10 / Ounce)</p><a href="https://www.amazon.com/dp/B000GISTZ4?tag=eloabder-20&linkCode=osi&th=1&psc=1">View Product</a></div><div class="product"><a href="https://www.amazon.com/dp/B0CCJZVJYG?tag=eloabder-20&linkCode=osi&th=1&psc=1"><img src="https://m.media-amazon.com/images/I/41tfAgk2pvL._SL500_.jpg" alt="Product Image"></a><p>Sports Research Creatine Monohydrate - Gain Lean Muscle, Improve Performance and Strength and Support Workout Recovery - 5 g Micronized Creatine - 1.1LBS</p><p>$27.95 ($1.58 / Ounce)</p><a href="https://www.amazon.com/dp/B0CCJZVJYG?tag=eloabder-20&linkCode=osi&th=1&psc=1">View Product</a></div><div class="product"><a href="https://www.amazon.com/dp/B0BSNZLT17?tag=eloabder-20&linkCode=osi&th=1&psc=1"><img src="https://m.media-amazon.com/images/I/41nQChd8nGL._SL500_.jpg" alt="Product Image"></a><p>Animal Pak - Convenient All-in-One Vitamin & Supplement Pack - Zinc, Vitamins C, B, D, Amino Acids and More - Sports Nutrition Performance Mulitvitamin for Women & Men - Updated Version - 44 Count</p><p>$39.94 ($0.91 / Count)</p><a href="https://www.amazon.com/dp/B0BSNZLT17?tag=eloabder-20&linkCode=osi&th=1&psc=1">View Product</a></div><div class="product"><a href="https://www.amazon.com/dp/B002DYIZEE?tag=eloabder-20&linkCode=osi&th=1&psc=1"><img src="https://m.media-amazon.com/images/I/41bCZ4N2pdL._SL500_.jpg" alt="Product Image"></a><p>Optimum Nutrition Micronized Creatine Monohydrate Powder, Unflavored, Keto Friendly, 60 Servings (Packaging May Vary)</p><p>$20.45 ($1.93 / Ounce)</p><a href="https://www.amazon.com/dp/B002DYIZEE?tag=eloabder-20&linkCode=osi&th=1&psc=1">View Product</a></div><div class="product"><a href="https://www.amazon.com/dp/B0013OWAB4?tag=eloabder-20&linkCode=osi&th=1&psc=1"><img src="https://m.media-amazon.com/images/I/41rmB5rTj8L._SL500_.jpg" alt="Product Image"></a><p>NOW Sports Nutrition, Whey Protein Isolate, 25 g With BCAAs, Unflavored Powder, 1.2-Pound</p><p>$28.95 ($1.51 / Ounce)</p><a href="https://www.amazon.com/dp/B0013OWAB4?tag=eloabder-20&linkCode=osi&th=1&psc=1">View Product</a></div><div class="product"><a href="https://www.amazon.com/dp/B001LXMUW6?tag=eloabder-20&linkCode=osi&th=1&psc=1"><img src="https://m.media-amazon.com/images/I/413hbtz4hkL._SL500_.jpg" alt="Product Image"></a><p>NOW Sports Nutrition, ZMA (Zinc, Magnesium and Vitamin B-6), Enhanced Absorption, Sports Recovery*, 180 Capsules</p><p>$24.53 ($0.14 / Count)</p><a href="https://www.amazon.com/dp/B001LXMUW6?tag=eloabder-20&linkCode=osi&th=1&psc=1">View Product</a></div><div class="product"><a href="https://www.amazon.com/dp/B07BVJ858K?tag=eloabder-20&linkCode=osi&th=1&psc=1"><img src="https://m.media-amazon.com/images/I/510iuVavSBL._SL500_.jpg" alt="Product Image"></a><p>C4 Ripped Sport Pre Workout Powder Arctic Snow Cone - NSF Certified for Sport + Sugar Free Preworkout Energy Supplement for Men & Women - 135mg Caffeine + Weight Loss - 30 Servings</p><p>$22.94 ($2.64 / Ounce)</p><a href="https://www.amazon.com/dp/B07BVJ858K?tag=eloabder-20&linkCode=osi&th=1&psc=1">View Product</a></div>
<div class="product"><a href="https://www.amazon.com/dp/B078SJH4V3?tag=eloabder-20&linkCode=osi&th=1&psc=1"><img src="https://m.media-amazon.com/images/I/41Jdxoi2qyL._SL500_.jpg" alt="Product Image"></a><p>Turmeric Curcumin with BioPerine & Ginger 95% Curcuminoids 1950mg - Black Pepper Extract for Max Absorption, Nature's Joint Support Supplement, Herbal Turmeric Pills, Vegan Non-GMO - 60 Capsules</p><p>$12.82 ($0.21 / Count)</p><a href="https://www.amazon.com/dp/B078SJH4V3?tag=eloabder-20&linkCode=osi&th=1&psc=1">View Product</a></div><div class="product"><a href="https://www.amazon.com/dp/B01NCUJPBF?tag=eloabder-20&linkCode=osi&th=1&psc=1"><img src="https://m.media-amazon.com/images/I/418t59tc2oL._SL500_.jpg" alt="Product Image"></a><p>Liver Cleanse and Detox & Repair Formula - Herbal Liver Support Supplement with Milk Thistle Dandelion Root & Artichoke Extract for Liver Health - Silymarin Milk Thistle Liver Detox Capsules</p><p>$22.77 ($0.33 / Count)</p><a href="https://www.amazon.com/dp/B01NCUJPBF?tag=eloabder-20&linkCode=osi&th=1&psc=1">View Product</a></div><div class="product"><a href="https://www.amazon.com/dp/B07FSWJ5QR?tag=eloabder-20&linkCode=osi&th=1&psc=1"><img src="https://m.media-amazon.com/images/I/41PO8m1VIWL._SL500_.jpg" alt="Product Image"></a><p>Herbal Roots Organic Whole Bulb Garlic Pills - Potent Extra Strength | 600 mg - 60 Organic Vegan Capsules</p><p>$23.99 ($0.40 / Count)</p><a href="https://www.amazon.com/dp/B07FSWJ5QR?tag=eloabder-20&linkCode=osi&th=1&psc=1">View Product</a></div><div class="product"><a href="https://www.amazon.com/dp/B07W7N8SLX?tag=eloabder-20&linkCode=osi&th=1&psc=1"><img src="https://m.media-amazon.com/images/I/51G0BB4e-AL._SL500_.jpg" alt="Product Image"></a><p>Turmeric Curcumin with BioPerine 95% Standardized Curcuminoids 1950mg - Black Pepper Extract for Max Absorption, Nature's Joint Support Supplement, Herbal Turmeric Pills, Vegan Non-GMO - 240 Capsules</p><p>$26.32 ($0.11 / Count)</p><a href="https://www.amazon.com/dp/B07W7N8SLX?tag=eloabder-20&linkCode=osi&th=1&psc=1">View Product</a></div><div class="product"><a href="https://www.amazon.com/dp/B00HG0YZMG?tag=eloabder-20&linkCode=osi&th=1&psc=1"><img src="https://m.media-amazon.com/images/I/41VJNay0ZCL._SL500_.jpg" alt="Product Image"></a><p>Quality of Life Premium Kinoko Platinum AHCC Herbal Supplement, 750mg of AHCC per Capsule, for Immune Support, Liver Function, Maintains Natural Killer Cell Activity, 1 Pack, 60 Veggie Capsules</p><p>$74.96 ($1.25 / Count)</p><a href="https://www.amazon.com/dp/B00HG0YZMG?tag=eloabder-20&linkCode=osi&th=1&psc=1">View Product</a></div><div class="product"><a href="https://www.amazon.com/dp/B000RP5Q70?tag=eloabder-20&linkCode=osi&th=1&psc=1"><img src="https://m.media-amazon.com/images/I/31URCaNT8sL._SL500_.jpg" alt="Product Image"></a><p>Source Naturals Wellness Formula Bio-Aligned Vitamins & Herbal Defense for Immune System Support - Dietary Supplement & Immunity Booster - 60 Capsules</p><p>$9.63 ($0.16 / Count)</p><a href="https://www.amazon.com/dp/B000RP5Q70?tag=eloabder-20&linkCode=osi&th=1&psc=1">View Product</a></div><div class="product"><a href="https://www.amazon.com/dp/B0BNWDY2G7?tag=eloabder-20&linkCode=osi&th=1&psc=1"><img src="https://m.media-amazon.com/images/I/41fiG9I387L._SL500_.jpg" alt="Product Image"></a><p>Carlyle Turmeric Curcumin Supplement 2400mg | 180 Powder Capsules | Herbal Formula | Non-GMO, Gluten Free</p><p>$9.89 ($0.05 / Count)</p><a href="https://www.amazon.com/dp/B0BNWDY2G7?tag=eloabder-20&linkCode=osi&th=1&psc=1">View Product</a></div><div class="product"><a href="https://www.amazon.com/dp/B09QCTW4Z1?tag=eloabder-20&linkCode=osi&th=1&psc=1"><img src="https://m.media-amazon.com/images/I/51SwkLX9yzL._SL500_.jpg" alt="Product Image"></a><p>Turmeric Tablets 2600mg with Black Pepper & Ginger - 95% Curcumin Extract 180 and (3 Month) High Strength Active Supplements Not Capsules,by New Leaf</p><p>$14.95 ($0.08 / Count)</p><a href="https://www.amazon.com/dp/B09QCTW4Z1?tag=eloabder-20&linkCode=osi&th=1&psc=1">View Product</a></div><div class="product"><a href="https://www.amazon.com/dp/B07TMQ3RW8?tag=eloabder-20&linkCode=osi&th=1&psc=1"><img src="https://m.media-amazon.com/images/I/51rnnuvcjaL._SL500_.jpg" alt="Product Image"></a><p>HCL HERBAL CODE LABS Turmeric Boswellia Extract Supplement 2000 mg – Strong Natural Joint Support Pills – Extra Strength Boswellia Serrata with Turmeric Curcumin Powder 90 Capsules</p><p>$22.88 ($0.25 / Count)</p><a href="https://www.amazon.com/dp/B07TMQ3RW8?tag=eloabder-20&linkCode=osi&th=1&psc=1">View Product</a></div>
<div class="product"><a href="https://www.amazon.com/dp/B00YMSLT88?tag=eloabder-20&linkCode=osi&th=1&psc=1"><img src="https://m.media-amazon.com/images/I/41S95x-3xaL._SL500_.jpg" alt="Product Image"></a><p>Nature Made Multivitamin Tablets with Iron, Multivitamin for Women and Men for Daily Nutritional Support, 130 Tablets, 130 Day Supply</p><p>$11.99 ($0.09 / Count)</p><a href="https://www.amazon.com/dp/B00YMSLT88?tag=eloabder-20&linkCode=osi&th=1&psc=1">View Product</a></div><div class="product"><a href="https://www.amazon.com/dp/B00FOTMGTU?tag=eloabder-20&linkCode=osi&th=1&psc=1"><img src="https://m.media-amazon.com/images/I/41PtIQlINuL._SL500_.jpg" alt="Product Image"></a><p>THORNE Basic Nutrients 2/Day - Comprehensive Daily Multivitamin with Optimal Bioavailability - Vitamin and Mineral Formula - Gluten-Free, Dairy-Free, Soy-Free - 60 Capsules - 30 Servings</p><p>$32.00 ($0.53 / Count)</p><a href="https://www.amazon.com/dp/B00FOTMGTU?tag=eloabder-20&linkCode=osi&th=1&psc=1">View Product</a></div><div class="product"><a href="https://www.amazon.com/dp/B097S1GQ5B?tag=eloabder-20&linkCode=osi&th=1&psc=1"><img src="https://m.media-amazon.com/images/I/41XR1ndDxdL._SL500_.jpg" alt="Product Image"></a><p>Primal Harvest Multivitamin for Women and Men Vitamin A, Vitamin C, Vitamin D and E, Vitamin B12, B6, Biotin, Zinc Supplements, 30 Capsules</p><p>$29.95 ($1.00 / Count )</p><a href="https://www.amazon.com/dp/B097S1GQ5B?tag=eloabder-20&linkCode=osi&th=1&psc=1">View Product</a></div><div class="product"><a href="https://www.amazon.com/dp/B09BVYY7XR?tag=eloabder-20&linkCode=osi&th=1&psc=1"><img src="https://m.media-amazon.com/images/I/41y16Rsk2tL._SL500_.jpg" alt="Product Image"></a><p>Centrum Adult Multivitamin/Multimineral Supplement with Antioxidants, Zinc, Vitamin D3 and B Vitamins, Gluten Free, Non-GMO Ingredients - 200 Count</p><p>$12.12 ($0.06 / Count)</p><a href="https://www.amazon.com/dp/B09BVYY7XR?tag=eloabder-20&linkCode=osi&th=1&psc=1">View Product</a></div><div class="product"><a href="https://www.amazon.com/dp/B09KF8MKB8?tag=eloabder-20&linkCode=osi&th=1&psc=1"><img src="https://m.media-amazon.com/images/I/41jL2KGnSaL._SL500_.jpg" alt="Product Image"></a><p>One A Day Men’s 50+ Healthy Advantage Multivitamin, Multivitamin for Men with Vitamins A, C, E, B6, B12, Calcium and Vitamin D, Tablet, 200 Count (Pack of 1)</p><p>$19.98 ($0.10 / Count)</p><a href="https://www.amazon.com/dp/B09KF8MKB8?tag=eloabder-20&linkCode=osi&th=1&psc=1">View Product</a></div><div class="product"><a href="https://www.amazon.com/dp/B01BGZVXC6?tag=eloabder-20&linkCode=osi&th=1&psc=1"><img src="https://m.media-amazon.com/images/I/41Jd5FzxAkL._SL500_.jpg" alt="Product Image"></a><p>Pure Encapsulations O.N.E. Multivitamin - Once Daily Multivitamin with Antioxidant Complex Metafolin, CoQ10, and Lutein to Support Vision, Cognitive Function, and Cellular Health* - 120 Capsules</p><p>$86.00 ($0.72 / Count)</p><a href="https://www.amazon.com/dp/B01BGZVXC6?tag=eloabder-20&linkCode=osi&th=1&psc=1">View Product</a></div><div class="product"><a href="https://www.amazon.com/dp/B007L0DONW?tag=eloabder-20&linkCode=osi&th=1&psc=1"><img src="https://m.media-amazon.com/images/I/41vIgYSAtXL._SL500_.jpg" alt="Product Image"></a><p>vitafusion Adult Gummy Vitamins for Men, Berry Flavored Daily Multivitamins for Men With Vitamins A, C, D, E, B6 and B12, America’s Number 1 Gummy Vitamin Brand, 75 Day Supply, 150 Count</p><p>$11.99 ($0.08 / Count)</p><a href="https://www.amazon.com/dp/B007L0DONW?tag=eloabder-20&linkCode=osi&th=1&psc=1">View Product</a></div><div class="product"><a href="https://www.amazon.com/dp/B0007YCC7S?tag=eloabder-20&linkCode=osi&th=1&psc=1"><img src="https://m.media-amazon.com/images/I/41ZeBcOfAQL._SL500_.jpg" alt="Product Image"></a><p>Rainbow Light Multivitamin for Men, Vitamin C, D & Zinc, Probiotics, Men's One Multivitamin Provides High Potency Immune Support, Non-GMO, Vegetarian, 150 Tablets</p><p>$40.79 ($0.27 / Count)</p><a href="https://www.amazon.com/dp/B0007YCC7S?tag=eloabder-20&linkCode=osi&th=1&psc=1">View Product</a></div><div class="product"><a href="https://www.amazon.com/dp/B09QBKGDLS?tag=eloabder-20&linkCode=osi&th=1&psc=1"><img src="https://m.media-amazon.com/images/I/41Xr3sSp+8L._SL500_.jpg" alt="Product Image"></a><p>ONE A DAY Womens Complete Daily Multivitamin with Vitamin A, B , C, D, and E, Calcium and Magnesium, Immune Health Support, 200 Count</p><p>$17.48 ($0.09 / Count)</p><a href="https://www.amazon.com/dp/B09QBKGDLS?tag=eloabder-20&linkCode=osi&th=1&psc=1">View Product</a></div>
<div class="product"><a href="https://www.amazon.com/dp/B000NPYY04?tag=eloabder-20&linkCode=osi&th=1&psc=1"><img src="https://m.media-amazon.com/images/I/41AB0odrkeL._SL500_.jpg" alt="Product Image"></a><p>Nature's Bounty Fish Oil, Supports Heart Health, 1200 Mg, 360 Mg Omega-3, Rapid Release Softgels, 200 Ct</p><p>$13.32 ($0.07 / Count)</p><a href="https://www.amazon.com/dp/B000NPYY04?tag=eloabder-20&linkCode=osi&th=1&psc=1">View Product</a></div><div class="product"><a href="https://www.amazon.com/dp/B0046XC528?tag=eloabder-20&linkCode=osi&th=1&psc=1"><img src="https://m.media-amazon.com/images/I/41cdANHQ68L._SL500_.jpg" alt="Product Image"></a><p>Nature Made Fish Oil 1000 mg Softgels, Fish Oil Supplements, Omega 3 Fish Oil for Healthy Heart Support, Omega 3 Supplement with 250 Softgels, 125 Day Supply</p><p>$18.29 ($0.07 / Count)</p><a href="https://www.amazon.com/dp/B0046XC528?tag=eloabder-20&linkCode=osi&th=1&psc=1">View Product</a></div><div class="product"><a href="https://www.amazon.com/dp/B01BTBZWBU?tag=eloabder-20&linkCode=osi&th=1&psc=1"><img src="https://m.media-amazon.com/images/I/41KDZ4VcuHL._SL500_.jpg" alt="Product Image"></a><p>Sports Research Triple Strength Omega 3 Fish Oil - Burpless Fish Oil Supplement w/EPA & DHA Fatty Acids from Single-Source Wild Alaska Pollock - 1250 mg, 180 ct</p><p>$52.95 ($0.29 / Count)</p><a href="https://www.amazon.com/dp/B01BTBZWBU?tag=eloabder-20&linkCode=osi&th=1&psc=1">View Product</a></div><div class="product"><a href="https://www.amazon.com/dp/B014LDT0ZM?tag=eloabder-20&linkCode=osi&th=1&psc=1"><img src="https://m.media-amazon.com/images/I/51c-3W4m1RL._SL500_.jpg" alt="Product Image"></a><p>Viva Naturals Triple Strength Omega 3 Fish Oil Supplement - 2500 mg Fish Oil with Re-Esterified Omega 3 Fatty Acids including EPA, DHA DPA - 180 Pescatarian-Friendly Softgels</p><p>$58.95 ($0.33 / Count)</p><a href="https://www.amazon.com/dp/B014LDT0ZM?tag=eloabder-20&linkCode=osi&th=1&psc=1">View Product</a></div><div class="product"><a href="https://www.amazon.com/dp/B07QHP2ZNQ?tag=eloabder-20&linkCode=osi&th=1&psc=1"><img src="https://m.media-amazon.com/images/I/41p2LIEGL3L._SL500_.jpg" alt="Product Image"></a><p>Nordic Naturals Ultimate Omega, Lemon Flavor - 210 Soft Gels - 1280 mg Omega-3 - High-Potency Omega-3 Fish Oil with EPA & DHA - Promotes Brain & Heart Health - Non-GMO - 105 Servings</p><p>$67.20 ($0.32 / Count)</p><a href="https://www.amazon.com/dp/B07QHP2ZNQ?tag=eloabder-20&linkCode=osi&th=1&psc=1">View Product</a></div><div class="product"><a href="https://www.amazon.com/dp/B01NBTJFJB?tag=eloabder-20&linkCode=osi&th=1&psc=1"><img src="https://m.media-amazon.com/images/I/41gJBxUZtcL._SL500_.jpg" alt="Product Image"></a><p>Triple Strength Omega 3 Fish Oil | 3600 mg EPA & DHA | Over 2100mg of Omega 3 Fatty Acids | 1300mg EPA + 860mg DHA | Best Essential Fatty Acids | Premium Burpless Softgel Supplements (120 Ct)</p><p>$29.95 ($0.25 / Count)</p><a href="https://www.amazon.com/dp/B01NBTJFJB?tag=eloabder-20&linkCode=osi&th=1&psc=1">View Product</a></div><div class="product"><a href="https://www.amazon.com/dp/B00CAZAU62?tag=eloabder-20&linkCode=osi&th=1&psc=1"><img src="https://m.media-amazon.com/images/I/41gdtyE2xHL._SL500_.jpg" alt="Product Image"></a><p>Dr. Tobias Omega 3 Fish Oil, 2000mg Triple Strength Omega 3 Supplement with 800mg EPA 600mg DHA Per Serving, Fish Oil Omega 3 Supplements for Heart, Brain & Immune Support, 180 Softgels, 90 Servings</p><p>$42.99 ($0.24 / Count)</p><a href="https://www.amazon.com/dp/B00CAZAU62?tag=eloabder-20&linkCode=osi&th=1&psc=1">View Product</a></div><div class="product"><a href="https://www.amazon.com/dp/B01GV4O37E?tag=eloabder-20&linkCode=osi&th=1&psc=1"><img src="https://m.media-amazon.com/images/I/41JtERQfIWL._SL500_.jpg" alt="Product Image"></a><p>Arazo Nutrition Wild Caught Omega 3 Fish Oil – 120 Soft Gels – 4,080mg High EPA 1200mg DHA 900mg Lemon Flavor Burpless Softgels</p><p>$28.95 ($0.24 / Count)</p><a href="https://www.amazon.com/dp/B01GV4O37E?tag=eloabder-20&linkCode=osi&th=1&psc=1">View Product</a></div>
<div class="product"><a href="https://www.amazon.com/dp/B09GLGC9DG?tag=eloabder-20&linkCode=osi&th=1&psc=1"><img src="https://m.media-amazon.com/images/I/51OsLLY4B6L._SL500_.jpg" alt="Product Image"></a><p>Physician's CHOICE Probiotics 60 Billion CFU - 10 Strains + Organic Prebiotics - Immune, Digestive & Gut Health - Supports Occasional Constipation, Diarrhea, Gas & Bloating - for Women & Men - 60ct</p><p>$36.97 ($0.62 / Count)</p><a href="https://www.amazon.com/dp/B09GLGC9DG?tag=eloabder-20&linkCode=osi&th=1&psc=1">View Product</a></div><div class="product"><a href="https://www.amazon.com/dp/B004JO3JTM?tag=eloabder-20&linkCode=osi&th=1&psc=1"><img src="https://m.media-amazon.com/images/I/51kOhkzzLKL._SL500_.jpg" alt="Product Image"></a><p>Nature's Bounty Acidophilus Probiotic, Daily Probiotic Supplement, Supports Digestive Health, Twin Pack, 100 Count (Pack of 2)</p><p>$14.99 ($0.07 / Count)</p><a href="https://www.amazon.com/dp/B004JO3JTM?tag=eloabder-20&linkCode=osi&th=1&psc=1">View Product</a></div><div class="product"><a href="https://www.amazon.com/dp/B071DZQLPQ?tag=eloabder-20&linkCode=osi&th=1&psc=1"><img src="https://m.media-amazon.com/images/I/51E-+x12x5L._SL500_.jpg" alt="Product Image"></a><p>NewRhythm Probiotics 50 Billion CFU 20 Strains, 60 Veggie Capsules, Targeted Release Technology, Stomach Acid Resistant, No Need for Refrigeration, Non-GMO, Gluten Free</p><p>$16.99 ($0.28 / Count)</p><a href="https://www.amazon.com/dp/B071DZQLPQ?tag=eloabder-20&linkCode=osi&th=1&psc=1">View Product</a></div><div class="product"><a href="https://www.amazon.com/dp/B00L1GHMN0?tag=eloabder-20&linkCode=osi&th=1&psc=1"><img src="https://m.media-amazon.com/images/I/41Msqs9cM9L._SL500_.jpg" alt="Product Image"></a><p>NOW Supplements, Probiotic-10™, 25 Billion, with 10 Probiotic Strains, Dairy, Soy and Gluten Free, Strain Verified, 100 Veg Capsules</p><p>$22.90 ($0.23 / Count)</p><a href="https://www.amazon.com/dp/B00L1GHMN0?tag=eloabder-20&linkCode=osi&th=1&psc=1">View Product</a></div><div class="product"><a href="https://www.amazon.com/dp/B0D5FZGY8W?tag=eloabder-20&linkCode=osi&th=1&psc=1"><img src="https://m.media-amazon.com/images/I/51gWW6a+5uL._SL500_.jpg" alt="Product Image"></a><p>URO Vaginal Probiotics for Women pH Balance with Prebiotics & Lactobacillus Probiotic Blend - Women's Vaginal Health Supplement - Promote Healthy Vaginal Odor & Vaginal Flora, 60 Count (Pack of 1)</p><p>$28.79 ($0.48 / Count)</p><a href="https://www.amazon.com/dp/B0D5FZGY8W?tag=eloabder-20&linkCode=osi&th=1&psc=1">View Product</a></div><div class="product"><a href="https://www.amazon.com/dp/B00Y8MP4G6?tag=eloabder-20&linkCode=osi&th=1&psc=1"><img src="https://m.media-amazon.com/images/I/41DODStWo4L._SL500_.jpg" alt="Product Image"></a><p>Garden of Life Once Daily Dr. Formulated Probiotics for Women 50 Billion CFU 16 Probiotic Strains with Organic Prebiotics for Digestive, Vaginal & Immune Health, Dairy Free, Shelf Stable 30 Capsules</p><p>$32.19 ($1.07 / Count)</p><a href="https://www.amazon.com/dp/B00Y8MP4G6?tag=eloabder-20&linkCode=osi&th=1&psc=1">View Product</a></div><div class="product"><a href="https://www.amazon.com/dp/B08GR12D4T?tag=eloabder-20&linkCode=osi&th=1&psc=1"><img src="https://m.media-amazon.com/images/I/413uXWNsVzL._SL500_.jpg" alt="Product Image"></a><p>Nature’s Bounty Probiotic 10, Ultra Strength Daily Probiotic Supplement, Support for Digestive, Immune and Upper Respiratory Health, 1 Pack, 30 Capsules</p><p>$12.84 ($0.43 / Count)</p><a href="https://www.amazon.com/dp/B08GR12D4T?tag=eloabder-20&linkCode=osi&th=1&psc=1">View Product</a></div><div class="product"><a href="https://www.amazon.com/dp/B09Z3TPGRZ?tag=eloabder-20&linkCode=osi&th=1&psc=1"><img src="https://m.media-amazon.com/images/I/51H4Kaf9VPL._SL500_.jpg" alt="Product Image"></a><p>Physician's Choice Probiotics - PH Balance, Digestive, UT, & Feminine Health - 50 Billion CFU - 6 Unique Strains for Women - Organic Prebiotics, Cranberry Extract+ - Probiotic - 60 CT</p><p>$36.97 ($0.62 / Count)</p><a href="https://www.amazon.com/dp/B09Z3TPGRZ?tag=eloabder-20&linkCode=osi&th=1&psc=1">View Product</a></div><div class="product"><a href="https://www.amazon.com/dp/B0811P73BT?tag=eloabder-20&linkCode=osi&th=1&psc=1"><img src="https://m.media-amazon.com/images/I/41bBVdIgYdS._SL500_.jpg" alt="Product Image"></a><p>Organic Probiotics 100 Billion CFU, Dr Formulated Probiotics for Women, Probiotics for Men and Adults, Complete Shelf Stable Probiotic Supplement with Prebiotics & Digestive Enzymes; 30 Capsules</p><p>$25.00 ($0.83 / Count)</p><a href="https://www.amazon.com/dp/B0811P73BT?tag=eloabder-20&linkCode=osi&th=1&psc=1">View Product</a></div>
<div class="product"><a href="https://www.amazon.com/dp/B0B76XSJN2?tag=eloabder-20&linkCode=osi&th=1&psc=1"><img src="https://m.media-amazon.com/images/I/419te9dWCML._SL500_.jpg" alt="Product Image"></a><p>HELIX PRIME Cod Liver Oil Extra Virgin Artic Softgels Omega 3, EPA, DHA</p><p>$40.00 ($0.67 / Count)</p><a href="https://www.amazon.com/dp/B0B76XSJN2?tag=eloabder-20&linkCode=osi&th=1&psc=1">View Product</a></div><div class="product"><a href="https://www.amazon.com/dp/B0739KKHWL?tag=eloabder-20&linkCode=osi&th=1&psc=1"><img src="https://m.media-amazon.com/images/I/41g58vrlGWL._SL500_.jpg" alt="Product Image"></a><p>Nordic Naturals Ultimate Omega, Lemon Flavor - 90 Soft Gels - 1280 mg Omega-3 - High-Potency Omega-3 Fish Oil Supplement with EPA & DHA - Promotes Brain & Heart Health - Non-GMO - 45 Servings</p><p>$34.92 ($0.39 / Count)</p><a href="https://www.amazon.com/dp/B0739KKHWL?tag=eloabder-20&linkCode=osi&th=1&psc=1">View Product</a></div><div class="product"><a href="https://www.amazon.com/dp/B003PGJM00?tag=eloabder-20&linkCode=osi&th=1&psc=1"><img src="https://m.media-amazon.com/images/I/419IYWUSY5L._SL500_.jpg" alt="Product Image"></a><p>Nature Made Triple Omega 3 6 9, Flaxseed, Safflower, & Olive Oils, Healthy Heart Support, Fish Free Omega 3 Supplement, 150 Softgels, 75 Day Supply</p><p>$30.28 ($0.20 / Count)</p><a href="https://www.amazon.com/dp/B003PGJM00?tag=eloabder-20&linkCode=osi&th=1&psc=1">View Product</a></div><div class="product"><a href="https://www.amazon.com/dp/B0CS56P75L?tag=eloabder-20&linkCode=osi&th=1&psc=1"><img src="https://m.media-amazon.com/images/I/41GI+Omt1AL._SL500_.jpg" alt="Product Image"></a><p>Triple Strength Omega 3 Fish Oil Supplements 4200mg Per Serving, 120 Softgels – Lemon Flavored – Burpless | EPA 1200mg + DHA 900mg | Deep Sea Fish</p><p>$19.95 ($0.17 / Count)</p><a href="https://www.amazon.com/dp/B0CS56P75L?tag=eloabder-20&linkCode=osi&th=1&psc=1">View Product</a></div><div class="product"><a href="https://www.amazon.com/dp/B0CWPY1XYN?tag=eloabder-20&linkCode=osi&th=1&psc=1"><img src="https://m.media-amazon.com/images/I/41S9PZKx8OL._SL500_.jpg" alt="Product Image"></a><p>Qunol Advanced Omega 3 Krill and Fish Oil Complex, 10x Better Bioavailability, One Pill Dose, 250mg EPA & DHA, Supports Brain, Eye, Heart and Joint Health, 90 Count (Pack of 1)</p><p>$26.99 ($0.30 / Count)</p><a href="https://www.amazon.com/dp/B0CWPY1XYN?tag=eloabder-20&linkCode=osi&th=1&psc=1">View Product</a></div>
<div class="product"><a href="https://www.amazon.com/dp/B09RQBHRCT?tag=eloabder-20&linkCode=osi&th=1&psc=1"><img src="https://m.media-amazon.com/images/I/417jtm1N43L._SL500_.jpg" alt="Product Image"></a><p>Vital Proteins Collagen Peptides Powder, Promotes Hair, Nail, Skin, Bone and Joint Health, Zero Sugar, Unflavored 9.33 OZ</p><p>$20.14 ($2.16 / Ounce)</p><a href="https://www.amazon.com/dp/B09RQBHRCT?tag=eloabder-20&linkCode=osi&th=1&psc=1">View Product</a></div><div class="product"><a href="https://www.amazon.com/dp/B00K6JUG4K?tag=eloabder-20&linkCode=osi&th=1&psc=1"><img src="https://m.media-amazon.com/images/I/41wLQfDnEKL._SL500_.jpg" alt="Product Image"></a><p>Vital Proteins Collagen Peptides Powder with Hyaluronic Acid and Vitamin C, Unflavored, 20 oz</p><p>$46.99 ($2.35 / Ounce)</p><a href="https://www.amazon.com/dp/B00K6JUG4K?tag=eloabder-20&linkCode=osi&th=1&psc=1">View Product</a></div><div class="product"><a href="https://www.amazon.com/dp/B07WZVX3L1?tag=eloabder-20&linkCode=osi&th=1&psc=1"><img src="https://m.media-amazon.com/images/I/41FQaGyTUlL._SL500_.jpg" alt="Product Image"></a><p>Vital Vitamins Collagen for Women & Men - Type I, II, III, V, X Multi Collagen Pills - Grass Fed, Non-GMO - 150 Capsules</p><p>$22.85 ($0.15 / Count)</p><a href="https://www.amazon.com/dp/B07WZVX3L1?tag=eloabder-20&linkCode=osi&th=1&psc=1">View Product</a></div><div class="product"><a href="https://www.amazon.com/dp/B01BHF3OMW?tag=eloabder-20&linkCode=osi&th=1&psc=1"><img src="https://m.media-amazon.com/images/I/41dMvUDFrgL._SL500_.jpg" alt="Product Image"></a><p>Micro Ingredients Multi Collagen Protein Powder, 2 Pounds – Type I,II,III,V,X with Biotin, Hyaluronic Acid, Vitamin C – Unflavored Collagen Peptides – Keto & Paleo Friendly, Easy Dissolve, Non-GMO</p><p>$49.95 ($1.56 / Ounce)</p><a href="https://www.amazon.com/dp/B01BHF3OMW?tag=eloabder-20&linkCode=osi&th=1&psc=1">View Product</a></div><div class="product"><a href="https://www.amazon.com/dp/B085GB45VK?tag=eloabder-20&linkCode=osi&th=1&psc=1"><img src="https://m.media-amazon.com/images/I/51gvq703LsL._SL500_.jpg" alt="Product Image"></a><p>Primal Harvest Collagen Powder for Women or Men Primal Collagen Peptides Powder Type I & III, 10 Oz Collagen Protein Powder for Hair, Skin, Nails (Single, Original)</p><p>$36.95 ($3.70 / Ounce)</p><a href="https://www.amazon.com/dp/B085GB45VK?tag=eloabder-20&linkCode=osi&th=1&psc=1">View Product</a></div><div class="product"><a href="https://www.amazon.com/dp/B005KG7EDU?tag=eloabder-20&linkCode=osi&th=1&psc=1"><img src="https://m.media-amazon.com/images/I/41hWRb-uSmL._SL500_.jpg" alt="Product Image"></a><p>Great Lakes Wellness Collagen Peptides Powder for Skin, Hair, Nails, Joints & Digestion - Unflavored - Quick Dissolve Hydrolyzed, Non-GMO, Keto, Kosher - 16oz - Packaging May Vary</p><p>$32.82 ($2.05 / Ounce)</p><a href="https://www.amazon.com/dp/B005KG7EDU?tag=eloabder-20&linkCode=osi&th=1&psc=1">View Product</a></div><div class="product"><a href="https://www.amazon.com/dp/B071S8D69C?tag=eloabder-20&linkCode=osi&th=1&psc=1"><img src="https://m.media-amazon.com/images/I/41E-Q4q+kWL._SL500_.jpg" alt="Product Image"></a><p>Anthony's Collagen Peptide Powder, 1 lb, Pure Hydrolyzed, Gluten Free, Keto and Paleo Friendly, Grass Fed, Unflavored, Non GMO</p><p>$22.99 ($1.44 / Ounce)</p><a href="https://www.amazon.com/dp/B071S8D69C?tag=eloabder-20&linkCode=osi&th=1&psc=1">View Product</a></div><div class="product"><a href="https://www.amazon.com/dp/B07K4SK9SY?tag=eloabder-20&linkCode=osi&th=1&psc=1"><img src="https://m.media-amazon.com/images/I/51t8W8AmaFL._SL500_.jpg" alt="Product Image"></a><p>Garden of Life Grass Fed Collagen Peptides Powder – Unflavored Collagen Powder for Women Men Hair Skin Nails Joints, Hydrolyzed Collagen Protein Supplements, Post Workout, Paleo & Keto, 28 Servings</p><p>$30.91 ($1.56 / Ounce)</p><a href="https://www.amazon.com/dp/B07K4SK9SY?tag=eloabder-20&linkCode=osi&th=1&psc=1">View Product</a></div>
<div class="product"><a href="https://www.amazon.com/dp/B07JMHNP9F?tag=eloabder-20&linkCode=osi&th=1&psc=1"><img src="https://m.media-amazon.com/images/I/616tKX8dAxL._SL500_.jpg" alt="Product Image"></a><p>Prebiotics for Advanced Gut Health - Immune System Support & Dietary Fiber - Fuels Good Bacteria Growth to Promote Digestive Health - Gas & Digestion Support - Probiotics for Men & Women - 60 Capsules</p><p>$19.97 ($0.33 / Count)</p><a href="https://www.amazon.com/dp/B07JMHNP9F?tag=eloabder-20&linkCode=osi&th=1&psc=1">View Product</a></div><div class="product"><a href="https://www.amazon.com/dp/B07VYMQF6M?tag=eloabder-20&linkCode=osi&th=1&psc=1"><img src="https://m.media-amazon.com/images/I/51Y0hMBp3NL._SL500_.jpg" alt="Product Image"></a><p>Prebiotics and Probiotic with Whole Food Enzymes for Adults Women & Men - Probiotics Lactobacillus Acidophilus - Digestive Health Capsules Shelf Stable Supplement - Non-GMO Gluten & Dairy Free -30ct</p><p>$19.97 ($0.67 / Count)</p><a href="https://www.amazon.com/dp/B07VYMQF6M?tag=eloabder-20&linkCode=osi&th=1&psc=1">View Product</a></div><div class="product"><a href="https://www.amazon.com/dp/B0BRTJ7BJ1?tag=eloabder-20&linkCode=osi&th=1&psc=1"><img src="https://m.media-amazon.com/images/I/51JFiTJs6ZL._SL500_.jpg" alt="Product Image"></a><p>Physician's CHOICE Prebiotic-Probiotic - Multi-Strain Probiotics & Synergistic Prebiotics -Designed for Digestive Health, Supporting Gut Microbiome - Powerful PrePro for Gut Health - for Women & Men</p><p>$18.97 ($0.63 / Count)</p><a href="https://www.amazon.com/dp/B0BRTJ7BJ1?tag=eloabder-20&linkCode=osi&th=1&psc=1">View Product</a></div><div class="product"><a href="https://www.amazon.com/dp/B0CPN9NK38?tag=eloabder-20&linkCode=osi&th=1&psc=1"><img src="https://m.media-amazon.com/images/I/41hL4HSQxwL._SL500_.jpg" alt="Product Image"></a><p>OLLY Probiotic + Prebiotic Gummy, Digestive Support and Gut Health, 500 Million CFUs, Fiber, Adult Chewable Supplement for Men and Women, Peach, 30 Day Supply - 60 Count</p><p>$21.35 ($0.36 / Count)</p><a href="https://www.amazon.com/dp/B0CPN9NK38?tag=eloabder-20&linkCode=osi&th=1&psc=1">View Product</a></div><div class="product"><a href="https://www.amazon.com/dp/B07GPFB6FJ?tag=eloabder-20&linkCode=osi&th=1&psc=1"><img src="https://m.media-amazon.com/images/I/41IkSyAmJOL._SL500_.jpg" alt="Product Image"></a><p>Amazon Basics Prebiotic & Probiotic Gummies, 2 Billion CFU, Blue Raspberry, 50 Count (2 per Serving) (Previously Solimo)</p><p>$9.21 ($0.18 / Count)</p><a href="https://www.amazon.com/dp/B07GPFB6FJ?tag=eloabder-20&linkCode=osi&th=1&psc=1">View Product</a></div><div class="product"><a href="https://www.amazon.com/dp/B01FICESXE?tag=eloabder-20&linkCode=osi&th=1&psc=1"><img src="https://m.media-amazon.com/images/I/41wI-mGIidL._SL500_.jpg" alt="Product Image"></a><p>Dr. Tobias Prebiotics, Supports Digestion & Gut Health, Feed Good Probiotic Bacteria, Boost Gut Immune Function, Vegan & Non-GMO Gut Health Supplements for Men and Women, 30 Capsules, 30 Servings</p><p>$25.99 ($0.87 / Count)</p><a href="https://www.amazon.com/dp/B01FICESXE?tag=eloabder-20&linkCode=osi&th=1&psc=1">View Product</a></div><div class="product"><a href="https://www.amazon.com/dp/B0CGMMYWR5?tag=eloabder-20&linkCode=osi&th=1&psc=1"><img src="https://m.media-amazon.com/images/I/414k9euXCUL._SL500_.jpg" alt="Product Image"></a><p>Horbäach Prebiotic for Men and Women | 120 Powder Pills | High Strength & Premium Quality Supplement | Non-GMO & Gluten Free Quick Release Capsules</p><p>$9.99 ($0.08 / Count)</p><a href="https://www.amazon.com/dp/B0CGMMYWR5?tag=eloabder-20&linkCode=osi&th=1&psc=1">View Product</a></div><div class="product"><a href="https://www.amazon.com/dp/B00N1G17GG?tag=eloabder-20&linkCode=osi&th=1&psc=1"><img src="https://m.media-amazon.com/images/I/418Nr2+sCOL._SL500_.jpg" alt="Product Image"></a><p>Earth's Pearl Probiotic Pearls for Women and Men - Kids Probiotic with Prebiotic Fiber - Daily Probiotic for Women and Men - 60-Day Supply of Prebiotics and Probiotics for Women and Men Probiotic</p><p>$23.87 ($0.40 / Count)</p><a href="https://www.amazon.com/dp/B00N1G17GG?tag=eloabder-20&linkCode=osi&th=1&psc=1">View Product</a></div>
<div class="product"><a href="https://www.amazon.com/dp/B00RH5K26I?tag=eloabder-20&linkCode=osi&th=1&psc=1"><img src="https://m.media-amazon.com/images/I/41bQqGtcXwL._SL500_.jpg" alt="Product Image"></a><p>Zenwise Health Digestive Enzymes - Probiotic Multi Enzymes with Probiotics and Prebiotics for Digestive Health and Bloating Relief for Women and Men, Daily Enzymes for Gut and Digestion - 180 Count</p><p>$39.97 ($0.22 / Count)</p><a href="https://www.amazon.com/dp/B00RH5K26I?tag=eloabder-20&linkCode=osi&th=1&psc=1">View Product</a></div><div class="product"><a href="https://www.amazon.com/dp/B0001T0GAE?tag=eloabder-20&linkCode=osi&th=1&psc=1"><img src="https://m.media-amazon.com/images/I/41G271GqUaL._SL500_.jpg" alt="Product Image"></a><p>NOW Supplements, Super Enzymes, Formulated with Bromelain, Ox Bile, Pancreatin and Papain, Super Enzymes,90 Capsules</p><p>$14.31 ($0.16 / Count)</p><a href="https://www.amazon.com/dp/B0001T0GAE?tag=eloabder-20&linkCode=osi&th=1&psc=1">View Product</a></div><div class="product"><a href="https://www.amazon.com/dp/B0016XGOVO?tag=eloabder-20&linkCode=osi&th=1&psc=1"><img src="https://m.media-amazon.com/images/I/41SK0PjZTZL._SL500_.jpg" alt="Product Image"></a><p>Pure Encapsulations Digestive Enzymes Ultra - Vegetarian Digestive Enzyme Supplement to Support Protein, Carb, Fiber, and Dairy Digestion* - 90 Capsules</p><p>$36.20 ($0.40 / Count)</p><a href="https://www.amazon.com/dp/B0016XGOVO?tag=eloabder-20&linkCode=osi&th=1&psc=1">View Product</a></div><div class="product"><a href="https://www.amazon.com/dp/B0009EXOUA?tag=eloabder-20&linkCode=osi&th=1&psc=1"><img src="https://m.media-amazon.com/images/I/41jQAIqtQxL._SL500_.jpg" alt="Product Image"></a><p>Source Naturals Essential Enzymes 500mg Bio-Aligned Multiple Supplement Herbal Defense for Digestion, Gas & Constipation Relief - Strong Immune System Support* - 120 Capsules</p><p>$12.94 ($0.11 / Count)</p><a href="https://www.amazon.com/dp/B0009EXOUA?tag=eloabder-20&linkCode=osi&th=1&psc=1">View Product</a></div><div class="product"><a href="https://www.amazon.com/dp/B00GSP4R6O?tag=eloabder-20&linkCode=osi&th=1&psc=1"><img src="https://m.media-amazon.com/images/I/41oaLuwaf6L._SL500_.jpg" alt="Product Image"></a><p>Pure Encapsulations Digestive Enzymes Ultra with Betaine HCl - Vegetarian Digestive Enzyme Supplement to Support Protein, Carb, Fiber, and Dairy Digestion* - 90 Capsules</p><p>$36.80 ($0.41 / Count)</p><a href="https://www.amazon.com/dp/B00GSP4R6O?tag=eloabder-20&linkCode=osi&th=1&psc=1">View Product</a></div><div class="product"><a href="https://www.amazon.com/dp/B0971P79G2?tag=eloabder-20&linkCode=osi&th=1&psc=1"><img src="https://m.media-amazon.com/images/I/41sjwVKMyyL._SL500_.jpg" alt="Product Image"></a><p>Digestive Enzymes - 800mg Blend of All 10 Most Essential Digestive and Pancreatic Enzymes (Amylase, Lipase, Bromelain, Lactase, Papain, Protease, Cellulase, Maltase, Invertase) by Double Wood</p><p>$18.95 ($0.11 / Count)</p><a href="https://www.amazon.com/dp/B0971P79G2?tag=eloabder-20&linkCode=osi&th=1&psc=1">View Product</a></div><div class="product"><a href="https://www.amazon.com/dp/B07N3X6T57?tag=eloabder-20&linkCode=osi&th=1&psc=1"><img src="https://m.media-amazon.com/images/I/41YXJ96hUCL._SL500_.jpg" alt="Product Image"></a><p>Enzymedica Digest Gold + ATPro Maximum Strength Digestive Enzymes | Prevents Bloating Gas & Indigestion, Natural Digestion Support, Multi Enzyme Amylase, Protease, Lipase & Lactase, 90 Capsules</p><p>$40.12 ($0.45 / Count)</p><a href="https://www.amazon.com/dp/B07N3X6T57?tag=eloabder-20&linkCode=osi&th=1&psc=1">View Product</a></div><div class="product"><a href="https://www.amazon.com/dp/B000Q487DC?tag=eloabder-20&linkCode=osi&th=1&psc=1"><img src="https://m.media-amazon.com/images/I/318ZKbie4-L._SL500_.jpg" alt="Product Image"></a><p>Doctor's Best Digestive Enzymes Non-GMO Vegetarian Gluten Free, 90 Veggie Caps</p><p>$21.95 ($0.24 / Count)</p><a href="https://www.amazon.com/dp/B000Q487DC?tag=eloabder-20&linkCode=osi&th=1&psc=1">View Product</a></div>
<div class="product"><a href="https://www.amazon.com/dp/B093P29P79?tag=eloabder-20&linkCode=osi&th=1&psc=1"><img src="https://m.media-amazon.com/images/I/419UA39m4vL._SL500_.jpg" alt="Product Image"></a><p>8 in 1 Immune Support with Quercetin Zinc 50mg Vitamin C 1000mg Vitamin D3 5000 IU and Elderberry Echinacea Ginger for Adults Kids - Vit D Immunity Defense Booster Supplement Veg Capsules Made in USA</p><p>$24.95 ($0.42 / Count)</p><a href="https://www.amazon.com/dp/B093P29P79?tag=eloabder-20&linkCode=osi&th=1&psc=1">View Product</a></div><div class="product"><a href="https://www.amazon.com/dp/B00MJ7VL1O?tag=eloabder-20&linkCode=osi&th=1&psc=1"><img src="https://m.media-amazon.com/images/I/41dN7-gv40L._SL500_.jpg" alt="Product Image"></a><p>Nature’s Way Sambucus Elderberry Immune Gummies, Daily Immune Support for Kids and Adults*, with Vitamin C, Vitamin D3, Zinc, Gluten Free, Vegetarian, 60 Gummies (Packaging May Vary)</p><p>$14.97 ($0.25 / Count)</p><a href="https://www.amazon.com/dp/B00MJ7VL1O?tag=eloabder-20&linkCode=osi&th=1&psc=1">View Product</a></div><div class="product"><a href="https://www.amazon.com/dp/B09ZYN6Z5R?tag=eloabder-20&linkCode=osi&th=1&psc=1"><img src="https://m.media-amazon.com/images/I/61CzAf44o4L._SL500_.jpg" alt="Product Image"></a><p>12 in 1 Premium Immune Defense Vitamins - Immune Supplement w/ Vitamin D3 5000 IU Vitamin С 1000mg Zinс 50mg - Luxe Choice for Premium Immune Support - With Echinacea Elderberry and Ginger - 120 Caps</p><p>$29.95 ($29.95 / Count)</p><a href="https://www.amazon.com/dp/B09ZYN6Z5R?tag=eloabder-20&linkCode=osi&th=1&psc=1">View Product</a></div><div class="product"><a href="https://www.amazon.com/dp/B08SCKMC3G?tag=eloabder-20&linkCode=osi&th=1&psc=1"><img src="https://m.media-amazon.com/images/I/51coRaMYZjL._SL500_.jpg" alt="Product Image"></a><p>Immune Support Supplement with Zinc Vitamin C Vitamin D 5000 IU Elderberry Ginger D3 Goldenseal - Dr Approved Immunity Vitamins for Adults Women and Men - Natural Immune System Booster Defense -120ct</p><p>$15.97 ($0.13 / Count)</p><a href="https://www.amazon.com/dp/B08SCKMC3G?tag=eloabder-20&linkCode=osi&th=1&psc=1">View Product</a></div><div class="product"><a href="https://www.amazon.com/dp/B08CBBHPTF?tag=eloabder-20&linkCode=osi&th=1&psc=1"><img src="https://m.media-amazon.com/images/I/41U8ywAfz1L._SL500_.jpg" alt="Product Image"></a><p>A Dose of Immunity Quercetin with Vitamin C and Zinc, Vitamin D, 500mg Quercetin Bromelain with Echinacea & B Vitamins, Lung Immune Support Supplement 7 in 1 Immunity Defense Booster (60 Count)</p><p>$19.95 ($0.33 / Count)</p><a href="https://www.amazon.com/dp/B08CBBHPTF?tag=eloabder-20&linkCode=osi&th=1&psc=1">View Product</a></div><div class="product"><a href="https://www.amazon.com/dp/B09HBGLZP8?tag=eloabder-20&linkCode=osi&th=1&psc=1"><img src="https://m.media-amazon.com/images/I/51MHWotEUXL._SL500_.jpg" alt="Product Image"></a><p>8 in 1 Immune Defense Support, Immunity Vitamins Supplement Booster with Zinc 50mg, Vitamin C Elderberry Vit D3 5000 IU, Turmeric Curcumin & Ginger, Echinacea - Allergy Relief for Kids Adults (2 Pack)</p><p>$27.95 ($0.23 / Count)</p><a href="https://www.amazon.com/dp/B09HBGLZP8?tag=eloabder-20&linkCode=osi&th=1&psc=1">View Product</a></div>
<div class="product"><a href="https://www.amazon.com/dp/B0CKVSGYZV?tag=eloabder-20&linkCode=osi&th=1&psc=1"><img src="https://m.media-amazon.com/images/I/41meSPQU9WL._SL500_.jpg" alt="Product Image"></a><p>Basigano Natural Dopamine Supplement for Energy, Focus, Motivation, Mental Alertness, Mood, and Stress - Non-GMO, Gluten-Free - 90 Tablets</p><p>$19.97 ($0.22 / Count)</p><a href="https://www.amazon.com/dp/B0CKVSGYZV?tag=eloabder-20&linkCode=osi&th=1&psc=1">View Product</a></div><div class="product"><a href="https://www.amazon.com/dp/B0B1VRCJ2Z?tag=eloabder-20&linkCode=osi&th=1&psc=1"><img src="https://m.media-amazon.com/images/I/31rFUBNNRlL._SL500_.jpg" alt="Product Image"></a><p>Health by Habit Energy Supplement (60 Capsules) - Natual Caffeine Blend, Vitamins B & C, Supports Energy Levels, Promotes Mental Alertness and Focus, Vegan, Non-GMO, Sugar Free (1 Pack)</p><p>$7.88 ($0.13 / Count)</p><a href="https://www.amazon.com/dp/B0B1VRCJ2Z?tag=eloabder-20&linkCode=osi&th=1&psc=1">View Product</a></div><div class="product"><a href="https://www.amazon.com/dp/B01LXX5Z8Q?tag=eloabder-20&linkCode=osi&th=1&psc=1"><img src="https://m.media-amazon.com/images/I/41YtzgRxe8L._SL500_.jpg" alt="Product Image"></a><p>OLLY Daily Energy Gummy, Caffeine Free, Vitamin B12, CoQ10, Goji Berry, Adult Chewable Supplement, Tropical Flavor - 60 Count</p><p>$12.88 ($0.21 / Count)</p><a href="https://www.amazon.com/dp/B01LXX5Z8Q?tag=eloabder-20&linkCode=osi&th=1&psc=1">View Product</a></div><div class="product"><a href="https://www.amazon.com/dp/B078SJ9F5S?tag=eloabder-20&linkCode=osi&th=1&psc=1"><img src="https://m.media-amazon.com/images/I/41kM5+mO9kL._SL500_.jpg" alt="Product Image"></a><p>Genius Mushroom - Lions Mane, Cordyceps and Reishi - System Booster & Nootropic Supplement - for Energy & Support, 90 Veggie Pills</p><p>$17.55 ($0.20 / Count)</p><a href="https://www.amazon.com/dp/B078SJ9F5S?tag=eloabder-20&linkCode=osi&th=1&psc=1">View Product</a></div><div class="product"><a href="https://www.amazon.com/dp/B0BV4F17B4?tag=eloabder-20&linkCode=osi&th=1&psc=1"><img src="https://m.media-amazon.com/images/I/41UR52LyNJL._SL500_.jpg" alt="Product Image"></a><p>OLLY Extra Strength Daily Energy Gummy, Caffeine Free, 1000mcg Vitamin B12, CoQ10, Goji Berry, Adult Chewable Supplement, Berry Yuzu Flavor - 60 Count</p><p>$15.88 ($0.26 / Count)</p><a href="https://www.amazon.com/dp/B0BV4F17B4?tag=eloabder-20&linkCode=osi&th=1&psc=1">View Product</a></div><div class="product"><a href="https://www.amazon.com/dp/B008PQDCG0?tag=eloabder-20&linkCode=osi&th=1&psc=1"><img src="https://m.media-amazon.com/images/I/51EFLU6zpCL._SL500_.jpg" alt="Product Image"></a><p>Nature Made Super B Energy Complex, Dietary Supplement for Brain Cell Function Support, 60 Softgels, 60 Day Supply</p><p>$9.34 ($0.16 / Count)</p><a href="https://www.amazon.com/dp/B008PQDCG0?tag=eloabder-20&linkCode=osi&th=1&psc=1">View Product</a></div><div class="product"><a href="https://www.amazon.com/dp/B0019CULMA?tag=eloabder-20&linkCode=osi&th=1&psc=1"><img src="https://m.media-amazon.com/images/I/41Yjst8ffCL._SL500_.jpg" alt="Product Image"></a><p>One A Day Energy Multivitamin with Vitamin A, C, D, E, Zinc for Immune Health*, Caffeine, Biotin, B6, B12 & More, 50 Tablets</p><p>$12.95 ($0.26 / Count)</p><a href="https://www.amazon.com/dp/B0019CULMA?tag=eloabder-20&linkCode=osi&th=1&psc=1">View Product</a></div><div class="product"><a href="https://www.amazon.com/dp/B07Q6ZVMK4?tag=eloabder-20&linkCode=osi&th=1&psc=1"><img src="https://m.media-amazon.com/images/I/41rv+HJYEeL._SL500_.jpg" alt="Product Image"></a><p>Acetyl L-Carnitine 1,500 mg High Potency Supports Natural Energy Production, Sports Nutrition, Supports Memory/Focus - 100 Veggie Capsules</p><p>$17.88 ($0.18 / Count)</p><a href="https://www.amazon.com/dp/B07Q6ZVMK4?tag=eloabder-20&linkCode=osi&th=1&psc=1">View Product</a></div>
<div class="product"><a href="https://www.amazon.com/dp/B01M5DEMWI?tag=eloabder-20&linkCode=osi&th=1&psc=1"><img src="https://m.media-amazon.com/images/I/410zXYEJpKL._SL500_.jpg" alt="Product Image"></a><p>Arazo Nutrition Glucosamine Chondroitin Turmeric Msm Boswellia - Joint Support Supplement for Relief 180 Tablets for Bones, Back, Knees, Hands (180 Tablets)</p><p>$25.95 ($0.14 / Count)</p><a href="https://www.amazon.com/dp/B01M5DEMWI?tag=eloabder-20&linkCode=osi&th=1&psc=1">View Product</a></div><div class="product"><a href="https://www.amazon.com/dp/B07SSVYMJV?tag=eloabder-20&linkCode=osi&th=1&psc=1"><img src="https://m.media-amazon.com/images/I/41nKoj5uWZL._SL500_.jpg" alt="Product Image"></a><p>Kirkland Signature Triple Action Joint Health, UC•ll Undenatured Type II Collagen, Boron, Hyaluronic Acid,with Boron,110 Coated Tablets(Pack of 2)</p><p>$51.47 ($0.23 / Count)</p><a href="https://www.amazon.com/dp/B07SSVYMJV?tag=eloabder-20&linkCode=osi&th=1&psc=1">View Product</a></div><div class="product"><a href="https://www.amazon.com/dp/B07VLJN7C6?tag=eloabder-20&linkCode=osi&th=1&psc=1"><img src="https://m.media-amazon.com/images/I/51DwRUN7v6L._SL500_.jpg" alt="Product Image"></a><p>Move Free Ultra Triple Action Joint Support Supplement - Type II Collagen Boron & Hyaluronic Acid - Supports Joint Comfort, Cartiliage & Bones in 1 Tiny Pill Per Day, 64 Tablets (64 servings)*</p><p>$20.47 ($0.32 / Count)</p><a href="https://www.amazon.com/dp/B07VLJN7C6?tag=eloabder-20&linkCode=osi&th=1&psc=1">View Product</a></div><div class="product"><a href="https://www.amazon.com/dp/B0CZBMTDTQ?tag=eloabder-20&linkCode=osi&th=1&psc=1"><img src="https://m.media-amazon.com/images/I/51-QUiTWfiL._SL500_.jpg" alt="Product Image"></a><p>Qunol 5-in-1 Joint Support Supplement, Fast Acting, One Pill Dose, Support Healthy Inflammation Response & Discomfort Caused by Overuse of Joints, Alternative to Glucosamine Chondroitin MSM, 45 Count</p><p>$22.49 ($0.50 / Count)</p><a href="https://www.amazon.com/dp/B0CZBMTDTQ?tag=eloabder-20&linkCode=osi&th=1&psc=1">View Product</a></div><div class="product"><a href="https://www.amazon.com/dp/B0082D9QUW?tag=eloabder-20&linkCode=osi&th=1&psc=1"><img src="https://m.media-amazon.com/images/I/413QAFL8wML._SL500_.jpg" alt="Product Image"></a><p>Osteo Bi-Flex One Per Day, Glucosamine Joint Health Supplement with Vitamin D, Coated Tablets, 60 Count</p><p>$18.99 ($0.32 / Count)</p><a href="https://www.amazon.com/dp/B0082D9QUW?tag=eloabder-20&linkCode=osi&th=1&psc=1">View Product</a></div><div class="product"><a href="https://www.amazon.com/dp/B001W2MBSE?tag=eloabder-20&linkCode=osi&th=1&psc=1"><img src="https://m.media-amazon.com/images/I/4144YmkKbfL._SL500_.jpg" alt="Product Image"></a><p>Move Free Advanced Glucosamine Chondroitin MSM Joint Support Supplement, Supports Mobility Comfort Strength Flexibility & Bone - 120 Tablets (40 servings)*</p><p>$21.99 ($0.18 / Count)</p><a href="https://www.amazon.com/dp/B001W2MBSE?tag=eloabder-20&linkCode=osi&th=1&psc=1">View Product</a></div><div class="product"><a href="https://www.amazon.com/dp/B01N0T9PFZ?tag=eloabder-20&linkCode=osi&th=1&psc=1"><img src="https://m.media-amazon.com/images/I/51QekqG+VoL._SL500_.jpg" alt="Product Image"></a><p>Member's Mark™ Ultra Triple Action Joint Health</p><p>$36.80 ($0.29 / Count)</p><a href="https://www.amazon.com/dp/B01N0T9PFZ?tag=eloabder-20&linkCode=osi&th=1&psc=1">View Product</a></div><div class="product"><a href="https://www.amazon.com/dp/B0055UFNQG?tag=eloabder-20&linkCode=osi&th=1&psc=1"><img src="https://m.media-amazon.com/images/I/51j+Ymx9G-L._SL500_.jpg" alt="Product Image"></a><p>Osteo Bi-Flex Triple Strength with Vitamin D Glucosamine Chondroitin Joint Health Supplement, Coated Tablets, Red, 120 Count</p><p>$29.49 ($0.25 / Count)</p><a href="https://www.amazon.com/dp/B0055UFNQG?tag=eloabder-20&linkCode=osi&th=1&psc=1">View Product</a></div><div class="product"><a href="https://www.amazon.com/dp/B000059Z77?tag=eloabder-20&linkCode=osi&th=1&psc=1"><img src="https://m.media-amazon.com/images/I/51bPlGhhCzL._SL500_.jpg" alt="Product Image"></a><p>Osteo Bi-Flex Triple Strength(5), Glucosamine Chondroitin with Vitamin C Joint Health Supplement, Coated Tablets, 80 Count (Pack of 1)</p><p>$17.49 ($0.22 / Count)</p><a href="https://www.amazon.com/dp/B000059Z77?tag=eloabder-20&linkCode=osi&th=1&psc=1">View Product</a></div>
<div class="product"><a href="https://www.amazon.com/dp/B08ML6GMY4?tag=eloabder-20&linkCode=osi&th=1&psc=1"><img src="https://m.media-amazon.com/images/I/415l9I+T6aL._SL500_.jpg" alt="Product Image"></a><p>Snap Supplements Heart Health Supplements and Blood Circulation Supplements, 90 Capsules</p><p>$39.95 ($0.44 / Count)</p><a href="https://www.amazon.com/dp/B08ML6GMY4?tag=eloabder-20&linkCode=osi&th=1&psc=1">View Product</a></div><div class="product"><a href="https://www.amazon.com/dp/B0B36DNWQQ?tag=eloabder-20&linkCode=osi&th=1&psc=1"><img src="https://m.media-amazon.com/images/I/41piHVRRu9L._SL500_.jpg" alt="Product Image"></a><p>Heart Health Blood Pressure Support Supplement - Support Blood Pressure & Healthy Circularity Naturally with Hawthorn Berry & Hibiscus.Vitamins Pills for Healthy Hypertension (BP) & Healthy Heart.</p><p>$23.91 ($0.27 / Count)</p><a href="https://www.amazon.com/dp/B0B36DNWQQ?tag=eloabder-20&linkCode=osi&th=1&psc=1">View Product</a></div><div class="product"><a href="https://www.amazon.com/dp/B0BMW8YF9G?tag=eloabder-20&linkCode=osi&th=1&psc=1"><img src="https://m.media-amazon.com/images/I/41CZEmqjJ+L._SL500_.jpg" alt="Product Image"></a><p>Heart Defend-Her Womens Heart Health Supplements – Advanced 3-in-1 Blend with Grape Seed Extract, Vitamin K2 MK-7, and CoQ10 – Support Blood Pressure, Artery and Bone Strength – 60 Vegetarian Capsules</p><p>$12.99 ($0.22 / Count)</p><a href="https://www.amazon.com/dp/B0BMW8YF9G?tag=eloabder-20&linkCode=osi&th=1&psc=1">View Product</a></div><div class="product"><a href="https://www.amazon.com/dp/B00NLYAL5G?tag=eloabder-20&linkCode=osi&th=1&psc=1"><img src="https://m.media-amazon.com/images/I/41t26FosJSL._SL500_.jpg" alt="Product Image"></a><p>Life Extension FLORASSIST Heart Health - 2.5 Billion CFU Heart Health Support Advanced Probiotics Supplement for Men and Women – Gluten-Free, Non-GMO, Vegetarian – 60 Capsules</p><p>$24.00 ($0.40 / Count)</p><a href="https://www.amazon.com/dp/B00NLYAL5G?tag=eloabder-20&linkCode=osi&th=1&psc=1">View Product</a></div><div class="product"><a href="https://www.amazon.com/dp/B07CT1KCY8?tag=eloabder-20&linkCode=osi&th=1&psc=1"><img src="https://m.media-amazon.com/images/I/41uYctPvrhL._SL500_.jpg" alt="Product Image"></a><p>NutraPro Healthy Heart - Heart Health Supplements. Artery Cleanse & Protect. Supports Cholesterol and Triglyceride Balancing. GMP Certified</p><p>$28.91 ($0.32 / Count)</p><a href="https://www.amazon.com/dp/B07CT1KCY8?tag=eloabder-20&linkCode=osi&th=1&psc=1">View Product</a></div><div class="product"><a href="https://www.amazon.com/dp/B000FH11VU?tag=eloabder-20&linkCode=osi&th=1&psc=1"><img src="https://m.media-amazon.com/images/I/31OdjGI-eRL._SL500_.jpg" alt="Product Image"></a><p>THORNE Heart Health Complex - with CoQ10, Taurine and Hawthorn - Coenzyme Q10 Supplement with Minerals, Amino Acids, and Botanicals - 90 Capsules</p><p>$38.00 ($0.42 / Count)</p><a href="https://www.amazon.com/dp/B000FH11VU?tag=eloabder-20&linkCode=osi&th=1&psc=1">View Product</a></div><div class="product"><a href="https://www.amazon.com/dp/B00014JOWU?tag=eloabder-20&linkCode=osi&th=1&psc=1"><img src="https://m.media-amazon.com/images/I/41L4KTA5YkL._SL500_.jpg" alt="Product Image"></a><p>Century Systems - Heart Miracle, Nutritional Supplement for Blood Pressure, Cholesterol, and Cardiovascular Support, 32 Ounce Liquid, 16-32 Servings</p><p>$32.99 ($1.03 / Fl Oz)</p><a href="https://www.amazon.com/dp/B00014JOWU?tag=eloabder-20&linkCode=osi&th=1&psc=1">View Product</a></div><div class="product"><a href="https://www.amazon.com/dp/B07ZTVS5KQ?tag=eloabder-20&linkCode=osi&th=1&psc=1"><img src="https://m.media-amazon.com/images/I/41YIIAodZqL._SL500_.jpg" alt="Product Image"></a><p>Heart Supplements 1650mg for Heart Health Support with CoQ10, L-Arginine, Magnesium, Hawthorn - 22 Natural Heart Vitamins & Extracts to Support Nitric Oxide & Energy Production, and More - 60 Capsules</p><p>$14.62 ($0.24 / Count)</p><a href="https://www.amazon.com/dp/B07ZTVS5KQ?tag=eloabder-20&linkCode=osi&th=1&psc=1">View Product</a></div><div class="product"><a href="https://www.amazon.com/dp/B0B9CF8B52?tag=eloabder-20&linkCode=osi&th=1&psc=1"><img src="https://m.media-amazon.com/images/I/51-GopuoY+L._SL500_.jpg" alt="Product Image"></a><p>YUMMYVITE Heart Health Supplement - Supports Heart Health - 60 Capsules</p><p>$14.99 ($0.25 / Count)</p><a href="https://www.amazon.com/dp/B0B9CF8B52?tag=eloabder-20&linkCode=osi&th=1&psc=1">View Product</a></div>
<div class="product"><a href="https://www.amazon.com/dp/B0B5Y5J6G2?tag=eloabder-20&linkCode=osi&th=1&psc=1"><img src="https://m.media-amazon.com/images/I/41MlY2QgEJL._SL500_.jpg" alt="Product Image"></a><p>Primal Harvest Primal Bone Health Calcium Carbonate Bone Health Complex for Men & Women with Calcium, Magnesium, Zinc, Manganese, Potassium, & L-Carnitine (120 capsules)</p><p>$39.95 ($0.33 / Count)</p><a href="https://www.amazon.com/dp/B0B5Y5J6G2?tag=eloabder-20&linkCode=osi&th=1&psc=1">View Product</a></div><div class="product"><a href="https://www.amazon.com/dp/B009E9YK90?tag=eloabder-20&linkCode=osi&th=1&psc=1"><img src="https://m.media-amazon.com/images/I/41k8JHjszUL._SL500_.jpg" alt="Product Image"></a><p>Life Extension Bone Restore + Vitamin K2 Vitamins & Minerals Maintain Bone Health & Strength - Fortifying Nutrients Calcium, D3 & Important Bone Building Minerals - Non-GMO, Gluten-Free -120 Capsules</p><p>$18.00 ($0.15 / Count)</p><a href="https://www.amazon.com/dp/B009E9YK90?tag=eloabder-20&linkCode=osi&th=1&psc=1">View Product</a></div><div class="product"><a href="https://www.amazon.com/dp/B0716RWHX4?tag=eloabder-20&linkCode=osi&th=1&psc=1"><img src="https://m.media-amazon.com/images/I/51GW4bwdnIL._SL500_.jpg" alt="Product Image"></a><p>NATURELO Calcium Supplement - Bone Strength with Calcium 600mg, Vitamin D3, K2, C, Magnesium Zinc - Plant-Based, 120 Vegetarian Capsules, Non-GMO, Soy & Gluten-Free</p><p>$26.95 ($0.22 / Count)</p><a href="https://www.amazon.com/dp/B0716RWHX4?tag=eloabder-20&linkCode=osi&th=1&psc=1">View Product</a></div><div class="product"><a href="https://www.amazon.com/dp/B0CCXFCR88?tag=eloabder-20&linkCode=osi&th=1&psc=1"><img src="https://m.media-amazon.com/images/I/316DOWXwifL._SL500_.jpg" alt="Product Image"></a><p>NativePath Bone Health Collagen Peptides, Type 1 & 3 Peptides, with Fortibone and Verisol, 7.9 Ounce, 30 Servings</p><p>$62.99 ($7.97 / Ounce)</p><a href="https://www.amazon.com/dp/B0CCXFCR88?tag=eloabder-20&linkCode=osi&th=1&psc=1">View Product</a></div><div class="product"><a href="https://www.amazon.com/dp/B00KTI9Q3U?tag=eloabder-20&linkCode=osi&th=1&psc=1"><img src="https://m.media-amazon.com/images/I/41377DEZNsL._SL500_.jpg" alt="Product Image"></a><p>New Chapter Calcium Supplement - Bone Strength Organic Calcium with Magnesium, Vitamin D3+K2, 70+ Trace Minerals for Bone Health, Gluten Free, Easy to Swallow - 180 Slim Tablets</p><p>$50.96 ($0.28 / Count)</p><a href="https://www.amazon.com/dp/B00KTI9Q3U?tag=eloabder-20&linkCode=osi&th=1&psc=1">View Product</a></div><div class="product"><a href="https://www.amazon.com/dp/B07ZQQWKGN?tag=eloabder-20&linkCode=osi&th=1&psc=1"><img src="https://m.media-amazon.com/images/I/51Z+ZOCtD6L._SL500_.jpg" alt="Product Image"></a><p>Bone Strength Calcium Supplement - With Calcium, Vitamin D3, K2, C, Magnesium, Zinc - 8 Bone-Building Nutrients, High Absorption, Non-Constipating Formula - 120 Veggie Capsules for Optimal Bone Health</p><p>$17.97 ($0.15 / Count)</p><a href="https://www.amazon.com/dp/B07ZQQWKGN?tag=eloabder-20&linkCode=osi&th=1&psc=1">View Product</a></div><div class="product"><a href="https://www.amazon.com/dp/B00CYT33Q8?tag=eloabder-20&linkCode=osi&th=1&psc=1"><img src="https://m.media-amazon.com/images/I/41YDhk963AL._SL500_.jpg" alt="Product Image"></a><p>Redd Remedies, Bone Health Advanced, Natural Support with Calcium and Vitamin K2, 120 Capsules</p><p>$39.99 ($0.33 / Count)</p><a href="https://www.amazon.com/dp/B00CYT33Q8?tag=eloabder-20&linkCode=osi&th=1&psc=1">View Product</a></div><div class="product"><a href="https://www.amazon.com/dp/B0012ZW8TI?tag=eloabder-20&linkCode=osi&th=1&psc=1"><img src="https://m.media-amazon.com/images/I/31oIwyVZXlL._SL500_.jpg" alt="Product Image"></a><p>THORNE Advanced Bone Support‡ - (Formerly Oscap) - Bone Health Supplement with Calcium and Vitamin D - 120 Capsules</p><p>$25.00 ($0.21 / Count)</p><a href="https://www.amazon.com/dp/B0012ZW8TI?tag=eloabder-20&linkCode=osi&th=1&psc=1">View Product</a></div><div class="product"><a href="https://www.amazon.com/dp/B0042CXFDG?tag=eloabder-20&linkCode=osi&th=1&psc=1"><img src="https://m.media-amazon.com/images/I/41iCFN2jDqL._SL500_.jpg" alt="Product Image"></a><p>Premier Research Labs OsteoVen TM, 60 Capsules - Nutraceutical Bone and Joint Formula for Comprehensive Support for Healthy Bones and Joints</p><p>$32.91 ($0.55 / Count)</p><a href="https://www.amazon.com/dp/B0042CXFDG?tag=eloabder-20&linkCode=osi&th=1&psc=1">View Product</a></div><div class="product"><a href="https://www.amazon.com/dp/B0B1N5Z372?tag=eloabder-20&linkCode=osi&th=1&psc=1"><img src="https://m.media-amazon.com/images/I/41yz7a0Qn5L._SL500_.jpg" alt="Product Image"></a><p>ALGAECAL Plus - Organic Red Algae Calcium Supplement, Vitamin K2 MK7 (100mg), Vitamin D3 (1600 IU), Magnesium (350mg) & Trace Minerals, for Bone Health & Strength, Easy to Swallow, 120 Veggie Caps</p><p>$74.00 ($0.62 / Count)</p><a href="https://www.amazon.com/dp/B0B1N5Z372?tag=eloabder-20&linkCode=osi&th=1&psc=1">View Product</a></div>
<div class="product"><a href="https://www.amazon.com/dp/B07PN7FB1R?tag=eloabder-20&linkCode=osi&th=1&psc=1"><img src="https://m.media-amazon.com/images/I/515GHvAy+FL._SL500_.jpg" alt="Product Image"></a><p>Physician's CHOICE Probiotics for Weight Management & Bloating - 6 Probiotic Strains - Prebiotics - Key ingredient Cayenne & Green Tea - Supports Gut Health - Weight Management for Women & Men - 30 CT</p><p>$29.97 ($1.00 / Count)</p><a href="https://www.amazon.com/dp/B07PN7FB1R?tag=eloabder-20&linkCode=osi&th=1&psc=1">View Product</a></div><div class="product"><a href="https://www.amazon.com/dp/B01ANSJV80?tag=eloabder-20&linkCode=osi&th=1&psc=1"><img src="https://m.media-amazon.com/images/I/4124WZb3jhL._SL500_.jpg" alt="Product Image"></a><p>Estroven Weight Management for Menopause Relief - 30 Ct. - Clinically Proven Ingredients Help Manage Weight, Provide Night Sweats & Hot Flash Relief - Drug-Free & Gluten-Free Caplets</p><p>$18.68 ($0.62 / Count)</p><a href="https://www.amazon.com/dp/B01ANSJV80?tag=eloabder-20&linkCode=osi&th=1&psc=1">View Product</a></div><div class="product"><a href="https://www.amazon.com/dp/B08HJBTZMH?tag=eloabder-20&linkCode=osi&th=1&psc=1"><img src="https://m.media-amazon.com/images/I/51HQpbfo4QL._SL500_.jpg" alt="Product Image"></a><p>Culturelle Probiotic Capsules for Healthy Metabolism & Weight Management (Ages 18+) - 30 Count - Helps Manage Weight & Promote Metabolism of Fats, Carbs & Proteins - Caffeine-Free</p><p>$26.99 ($0.90 / Count)</p><a href="https://www.amazon.com/dp/B08HJBTZMH?tag=eloabder-20&linkCode=osi&th=1&psc=1">View Product</a></div><div class="product"><a href="https://www.amazon.com/dp/B003MB26LK?tag=eloabder-20&linkCode=osi&th=1&psc=1"><img src="https://m.media-amazon.com/images/I/41DjVuzo7DL._SL500_.jpg" alt="Product Image"></a><p>Purina Pro Plan Large Breed Weight Management Dog Food, Chicken & Rice Formula - 34 lb. Bag</p><p>$71.98 ($2.12 / Pound)</p><a href="https://www.amazon.com/dp/B003MB26LK?tag=eloabder-20&linkCode=osi&th=1&psc=1">View Product</a></div><div class="product"><a href="https://www.amazon.com/dp/B072F8HRM1?tag=eloabder-20&linkCode=osi&th=1&psc=1"><img src="https://m.media-amazon.com/images/I/51KS6y-EH7L._SL500_.jpg" alt="Product Image"></a><p>AZO Bladder Control with Go-Less® & Weight Management Dietary Supplement | Helps Reduce Occasional Urgency* | Promotes Healthy Metabolism* | Supports a Good Night’s Sleep* | 48 Capsules</p><p>$19.74 ($0.41 / Count)</p><a href="https://www.amazon.com/dp/B072F8HRM1?tag=eloabder-20&linkCode=osi&th=1&psc=1">View Product</a></div><div class="product"><a href="https://www.amazon.com/dp/B0CKFHQPZV?tag=eloabder-20&linkCode=osi&th=1&psc=1"><img src="https://m.media-amazon.com/images/I/519Qr2jD-tL._SL500_.jpg" alt="Product Image"></a><p>21-in-1 Berberine Supplement with Ceylon Cinnamon - Berberine 1500 mg with Chromium, Bitter Melon and Green Tea Extract - Berberine 5X for Weight Management & Metabolism Support with 5279 mg (120 ct)</p><p>$21.95 ($0.18 / Count)</p><a href="https://www.amazon.com/dp/B0CKFHQPZV?tag=eloabder-20&linkCode=osi&th=1&psc=1">View Product</a></div><div class="product"><a href="https://www.amazon.com/dp/B00027D80A?tag=eloabder-20&linkCode=osi&th=1&psc=1"><img src="https://m.media-amazon.com/images/I/41hpUYe6+cL._SL500_.jpg" alt="Product Image"></a><p>Natrol Carb Intercept with Phase 2 Carb Controller Capsules, White kidney bean extract, Helps control carbs, Helps metabolize fats, Clinically tested, Promotes healthy body weight, 1,000mg, 120 Count</p><p>$21.94 ($0.18 / Count)</p><a href="https://www.amazon.com/dp/B00027D80A?tag=eloabder-20&linkCode=osi&th=1&psc=1">View Product</a></div><div class="product"><a href="https://www.amazon.com/dp/B0CYCPG3DM?tag=eloabder-20&linkCode=osi&th=1&psc=1"><img src="https://m.media-amazon.com/images/I/41vkuI2sW7L._SL500_.jpg" alt="Product Image"></a><p>Estroven SlimBiotics, Weight Management Menopause Supplements for Women, 30 Capsules, B Vitamins to Support Metabolic Health, Probiotics for Digestive Health to Provide Gas & Bloating Relief</p><p>$26.58 ($0.89 / Count)</p><a href="https://www.amazon.com/dp/B0CYCPG3DM?tag=eloabder-20&linkCode=osi&th=1&psc=1">View Product</a></div><div class="product"><a href="https://www.amazon.com/dp/B0CBB1H324?tag=eloabder-20&linkCode=osi&th=1&psc=1"><img src="https://m.media-amazon.com/images/I/41RGDg2i1YL._SL500_.jpg" alt="Product Image"></a><p>Berberine Supplement 1200mg - 5X Higher Absorption - Ultra Pure 98% Berberine HCL - Healthy Weight Management, Immune Support - Non GMO, Manufactured in USA - 60 Vegan Capsules</p><p>$29.99 ($0.50 / Count)</p><a href="https://www.amazon.com/dp/B0CBB1H324?tag=eloabder-20&linkCode=osi&th=1&psc=1">View Product</a></div>
<div class="product"><a href="https://www.amazon.com/dp/B00ISAPPLI?tag=eloabder-20&linkCode=osi&th=1&psc=1"><img src="https://m.media-amazon.com/images/I/417-h8k4YML._SL500_.jpg" alt="Product Image"></a><p>Dr. Tobias Colon 14 Day Cleanse, Advanced Gut Cleanse Detox for Women & Men with Cascara Sagrada, Psyllium Husk & Senna Leaf, Non-GMO Colon Cleanse, 28 Capsules 1-2 Daily</p><p>$19.99 ($0.71 / Count)</p><a href="https://www.amazon.com/dp/B00ISAPPLI?tag=eloabder-20&linkCode=osi&th=1&psc=1">View Product</a></div><div class="product"><a href="https://www.amazon.com/dp/B07J9KNS9G?tag=eloabder-20&linkCode=osi&th=1&psc=1"><img src="https://m.media-amazon.com/images/I/31tx0nQjZ9L._SL500_.jpg" alt="Product Image"></a><p>JSHealth Vitamins Detox and Debloat Liver Health Formula | Liver Detox Pills | Debloating Formula with Milk Thistle, Turmeric, Fennel | Liver Cleanse Supplement (60 Tablets)</p><p>$37.99 ($0.63 / Count)</p><a href="https://www.amazon.com/dp/B07J9KNS9G?tag=eloabder-20&linkCode=osi&th=1&psc=1">View Product</a></div><div class="product"><a href="https://www.amazon.com/dp/B095H6GR19?tag=eloabder-20&linkCode=osi&th=1&psc=1"><img src="https://m.media-amazon.com/images/I/41cAOGEXneL._SL500_.jpg" alt="Product Image"></a><p>Colon Cleanser Detox for Weight Flush - 15 Day Intestinal Cleanse Pills & Probiotic - Fast Natural Laxative for Constipation Relief - Bowel Movement Supplements for Stomach Bloating, Gut Loss Support</p><p>$9.95 ($0.33 / Count)</p><a href="https://www.amazon.com/dp/B095H6GR19?tag=eloabder-20&linkCode=osi&th=1&psc=1">View Product</a></div><div class="product"><a href="https://www.amazon.com/dp/B0C9N21MB9?tag=eloabder-20&linkCode=osi&th=1&psc=1"><img src="https://m.media-amazon.com/images/I/41VtUHf8FIL._SL500_.jpg" alt="Product Image"></a><p>Bronson Liver Detox Advanced Detox & Cleansing Formula Supports Health Liver Function with Milk Thistle, Dandelion Root, Turmeric, Artichoke Leaf & More, Non-GMO, 60 Vegetarian Capsules</p><p>$9.99 ($0.17 / Count)</p><a href="https://www.amazon.com/dp/B0C9N21MB9?tag=eloabder-20&linkCode=osi&th=1&psc=1">View Product</a></div><div class="product"><a href="https://www.amazon.com/dp/B0CZDXGW2H?tag=eloabder-20&linkCode=osi&th=1&psc=1"><img src="https://m.media-amazon.com/images/I/519ruoENRPL._SL500_.jpg" alt="Product Image"></a><p>90,000 MG Detox and Liver Cleanser, Full Body Detox Cleanse, Fast Detox, Natural Toxins Remove, Natural Herbal Premium Formula for Liver, Urinary Tract, Digestion & Mood, Made in USA, 60 Caps</p><p>$27.99 ($0.47 / Count)</p><a href="https://www.amazon.com/dp/B0CZDXGW2H?tag=eloabder-20&linkCode=osi&th=1&psc=1">View Product</a></div><div class="product"><a href="https://www.amazon.com/dp/B0CLH9BQ22?tag=eloabder-20&linkCode=osi&th=1&psc=1"><img src="https://m.media-amazon.com/images/I/31rR+aA0rBL._SL500_.jpg" alt="Product Image"></a><p>Bella All Natural Extreme Detox Powder - Mango</p><p>$35.00 ($2.48 / Ounce)</p><a href="https://www.amazon.com/dp/B0CLH9BQ22?tag=eloabder-20&linkCode=osi&th=1&psc=1">View Product</a></div><div class="product"><a href="https://www.amazon.com/dp/B01AVJGHW4?tag=eloabder-20&linkCode=osi&th=1&psc=1"><img src="https://m.media-amazon.com/images/I/51xGQHea+JL._SL500_.jpg" alt="Product Image"></a><p>Century Systems The Cleaner Detox, Powerful 7-Day Complete Internal Cleansing Formula for Men, Support Digestive Health, 52 Vegetarian Capsules</p><p>$15.55 ($0.30 / Count)</p><a href="https://www.amazon.com/dp/B01AVJGHW4?tag=eloabder-20&linkCode=osi&th=1&psc=1">View Product</a></div><div class="product"><a href="https://www.amazon.com/dp/B07D4372Y8?tag=eloabder-20&linkCode=osi&th=1&psc=1"><img src="https://m.media-amazon.com/images/I/41BJ0OX9gML._SL500_.jpg" alt="Product Image"></a><p>Herbal Nitro My Gentle Detox - Fast, Gentle Constipation Relief in 1 Day - All-Natural Colon Cleanse Detox Pills for Women & Men - Helps Reduce Bloating, Gas, Irregularity - 30 Capsules</p><p>$27.97 ($0.93 / Count)</p><a href="https://www.amazon.com/dp/B07D4372Y8?tag=eloabder-20&linkCode=osi&th=1&psc=1">View Product</a></div><div class="product"><a href="https://www.amazon.com/dp/B016BAO0LW?tag=eloabder-20&linkCode=osi&th=1&psc=1"><img src="https://m.media-amazon.com/images/I/41CEuhtv5jL._SL500_.jpg" alt="Product Image"></a><p>Purely Inspired 7-Day Detox Cleanse - Whole Body Cleanse & Detox Pills for Women & Men, Powered with Senna Leaf, Vitamin C, Apple Cider Vinegar, Digestive Enzymes & Probiotics - 42 Acai Berry Capsules</p><p>$11.23 ($0.27 / Count)</p><a href="https://www.amazon.com/dp/B016BAO0LW?tag=eloabder-20&linkCode=osi&th=1&psc=1">View Product</a></div><div class="product"><a href="https://www.amazon.com/dp/B0CRMVWKL4?tag=eloabder-20&linkCode=osi&th=1&psc=1"><img src="https://m.media-amazon.com/images/I/41wTqdC2eiL._SL500_.jpg" alt="Product Image"></a><p>28-in-1 Liver Cleanse with Milk Thistle, Artichoke & Apple Cider Vinegar - Liver Cleanse Detox & Repair Heath Formula Liver Support Supplement 60 Vegan Capsules</p><p>$24.99 ($0.42 / Count)</p><a href="https://www.amazon.com/dp/B0CRMVWKL4?tag=eloabder-20&linkCode=osi&th=1&psc=1">View Product</a></div>
<div class="product"><a href="https://www.amazon.com/dp/B08DP57QF5?tag=eloabder-20&linkCode=osi&th=1&psc=1"><img src="https://m.media-amazon.com/images/I/41fG9e3QHeL._SL500_.jpg" alt="Product Image"></a><p>Inno Cleanse - Waist Trimming Complex | Digestive System Support & Aid | Reduced Bloating | Improves Energy Levels | Gluten Free, Vegan Friendly</p><p>$43.99 ($0.73 / Count)</p><a href="https://www.amazon.com/dp/B08DP57QF5?tag=eloabder-20&linkCode=osi&th=1&psc=1">View Product</a></div><div class="product"><a href="https://www.amazon.com/dp/B0015R3L5S?tag=eloabder-20&linkCode=osi&th=1&psc=1"><img src="https://m.media-amazon.com/images/I/51LB3xPDZ+L._SL500_.jpg" alt="Product Image"></a><p>Renew Life Detox Cleanse More, Reduces Bloating and Restores Regularity, Overnight Constipation Relief, Soy, Dairy and gluten-free, 100 Capsules</p><p>$24.99 ($0.25 / Count)</p><a href="https://www.amazon.com/dp/B0015R3L5S?tag=eloabder-20&linkCode=osi&th=1&psc=1">View Product</a></div><div class="product"><a href="https://www.amazon.com/dp/B00CGFKD4K?tag=eloabder-20&linkCode=osi&th=1&psc=1"><img src="https://m.media-amazon.com/images/I/31mtuMnrYaL._SL500_.jpg" alt="Product Image"></a><p>Health Plus Super Colon Cleanse 10 Day Gentle Gut Cleanse Detox, Psyllium Husk, Probiotics for Constipation Relief & Digestive Support, 60 Capsules</p><p>$12.99 ($0.22 / Count)</p><a href="https://www.amazon.com/dp/B00CGFKD4K?tag=eloabder-20&linkCode=osi&th=1&psc=1">View Product</a></div><div class="product"><a href="https://www.amazon.com/dp/B000W6N3B0?tag=eloabder-20&linkCode=osi&th=1&psc=1"><img src="https://m.media-amazon.com/images/I/513eRgpwDzL._SL500_.jpg" alt="Product Image"></a><p>Nature's Secret Ultimate Cleanse 2-Part Total Body Detoxification & Elimination Supports Digestion, Wellness, Colon Health & Regularity - Multi-Herb Digestion & Multi-Fiber Cleanse - 240 Tablets</p><p>$26.24 ($0.11 / Count)</p><a href="https://www.amazon.com/dp/B000W6N3B0?tag=eloabder-20&linkCode=osi&th=1&psc=1">View Product</a></div><div class="product"><a href="https://www.amazon.com/dp/B076QGVCTJ?tag=eloabder-20&linkCode=osi&th=1&psc=1"><img src="https://m.media-amazon.com/images/I/51mTNryXDDL._SL500_.jpg" alt="Product Image"></a><p>CLEANSE on the go - 3 Day Juice Cleanse - Just Add Water - 21 Powder Packets</p><p>$64.95 ($64.95 / Count)</p><a href="https://www.amazon.com/dp/B076QGVCTJ?tag=eloabder-20&linkCode=osi&th=1&psc=1">View Product</a></div>

<div class="product"><a href="https://www.amazon.com/dp/B08LQZCR3L?tag=eloabder-20&linkCode=osi&th=1&psc=1"><img src="https://m.media-amazon.com/images/I/41HE+7tML2L._SL500_.jpg" alt="Product Image"></a><p>OLLY Ultra Strength Goodbye Stress Softgels, GABA, Ashwagandha, L-Theanine and Lemon Balm, Stress Relief Supplement - 60 Count</p><p>$19.99 ($0.33 / Count)</p><a href="https://www.amazon.com/dp/B08LQZCR3L?tag=eloabder-20&linkCode=osi&th=1&psc=1">View Product</a></div><div class="product"><a href="https://www.amazon.com/dp/B07PWMXMZ6?tag=eloabder-20&linkCode=osi&th=1&psc=1"><img src="https://m.media-amazon.com/images/I/41VD6DY7HqL._SL500_.jpg" alt="Product Image"></a><p>Nature's Bounty Anxiety & Stress Relief Ashwagandha Ksm-66 Tablets, 50 Count</p><p>$10.98 ($0.22 / Count)</p><a href="https://www.amazon.com/dp/B07PWMXMZ6?tag=eloabder-20&linkCode=osi&th=1&psc=1">View Product</a></div><div class="product"><a href="https://www.amazon.com/dp/B08VYWSVVF?tag=eloabder-20&linkCode=osi&th=1&psc=1"><img src="https://m.media-amazon.com/images/I/41Ho+8wPa0L._SL500_.jpg" alt="Product Image"></a><p>Boiron StressCalm for Relief of Stress, Anxiousness, Nervousness, Irritability, and Fatigue - 60 Count</p><p>$9.99 ($0.17 / Count)</p><a href="https://www.amazon.com/dp/B08VYWSVVF?tag=eloabder-20&linkCode=osi&th=1&psc=1">View Product</a></div><div class="product"><a href="https://www.amazon.com/dp/B09SR84773?tag=eloabder-20&linkCode=osi&th=1&psc=1"><img src="https://m.media-amazon.com/images/I/41ZCNv-yCrL._SL500_.jpg" alt="Product Image"></a><p>Nature Made Wellblends Stress Relief Gummies, L theanine 200mg to Help Reduce Stress, with GABA 100mg, Same Day Stress Support, 40 Strawberry Flavor Gummies</p><p>$18.09 ($0.45 / Count)</p><a href="https://www.amazon.com/dp/B09SR84773?tag=eloabder-20&linkCode=osi&th=1&psc=1">View Product</a></div><div class="product"><a href="https://www.amazon.com/dp/B08JTDM8JX?tag=eloabder-20&linkCode=osi&th=1&psc=1"><img src="https://m.media-amazon.com/images/I/51UKAPsnDSL._SL500_.jpg" alt="Product Image"></a><p>Zenium - Relieve Stress, Tension, Worry, Nervousness, & Irritability | Calm The Mind & Body | Ayurvedic | Natural Relief Supplement | Boosts Mood | Ashwagandha, L-Theanine, GABA, Rhodiola |60 Capsules</p><p>$28.60 ($0.32 / Count)</p><a href="https://www.amazon.com/dp/B08JTDM8JX?tag=eloabder-20&linkCode=osi&th=1&psc=1">View Product</a></div><div class="product"><a href="https://www.amazon.com/dp/B01M1HYRNJ?tag=eloabder-20&linkCode=osi&th=1&psc=1"><img src="https://m.media-amazon.com/images/I/41cyJuNhkJL._SL500_.jpg" alt="Product Image"></a><p>OLLY Goodbye Stress Gummy, GABA, L-Theanine, Lemon Balm, Stress Relief Supplement, Berry - 42 Count</p><p>$11.99 ($0.29 / Count)</p><a href="https://www.amazon.com/dp/B01M1HYRNJ?tag=eloabder-20&linkCode=osi&th=1&psc=1">View Product</a></div><div class="product"><a href="https://www.amazon.com/dp/B0D3584KTT?tag=eloabder-20&linkCode=osi&th=1&psc=1"><img src="https://m.media-amazon.com/images/I/314M3cMtYEL._SL500_.jpg" alt="Product Image"></a><p>Habit Stress Relief Supplement (60 Capsules) - New Look, Supports Relaxation & Mood Balance, Vitamin B, Adaptogens, Lemon Balm, Calming, Vegan, Non-GMO (1 Pack)</p><p>$7.99 ($0.13 / Count)</p><a href="https://www.amazon.com/dp/B0D3584KTT?tag=eloabder-20&linkCode=osi&th=1&psc=1">View Product</a></div><div class="product"><a href="https://www.amazon.com/dp/B0B7YVVCJD?tag=eloabder-20&linkCode=osi&th=1&psc=1"><img src="https://m.media-amazon.com/images/I/41FfvHvKl7L._SL500_.jpg" alt="Product Image"></a><p>Primal Harvest Stress Relief Supplement for Women and Men Pure Ashwagandha Root Extract, L-Theanine Supplements, 30 Capsules</p><p>$39.95 ($1.33 / Count)</p><a href="https://www.amazon.com/dp/B0B7YVVCJD?tag=eloabder-20&linkCode=osi&th=1&psc=1">View Product</a></div><div class="product"><a href="https://www.amazon.com/dp/B08F2TY6SQ?tag=eloabder-20&linkCode=osi&th=1&psc=1"><img src="https://m.media-amazon.com/images/I/41zMS+Vdv7L._SL500_.jpg" alt="Product Image"></a><p>Stress Relief Gummies for Adults | with Gaba, L Theanine and Lemon Balm | Lemon Strawberry Gummies | Non-GMO, Gluten Free Supplement | by Nature's Truth</p><p>$9.99 ($0.21 / Count)</p><a href="https://www.amazon.com/dp/B08F2TY6SQ?tag=eloabder-20&linkCode=osi&th=1&psc=1">View Product</a></div>
<div class="product"><a href="https://www.amazon.com/dp/B07PBZRDJN?tag=eloabder-20&linkCode=osi&th=1&psc=1"><img src="https://m.media-amazon.com/images/I/51mpObXjYwL._SL500_.jpg" alt="Product Image"></a><p>NEURIVA Plus Brain Supplement for Memory and Focus Clinically Tested Nootropics for Concentration for Mental Clarity, Cognitive Enhancement Vitamins B6, B12, Phosphatidylserine 30 Capsules</p><p>$29.78 ($0.99 / Count)</p><a href="https://www.amazon.com/dp/B07PBZRDJN?tag=eloabder-20&linkCode=osi&th=1&psc=1">View Product</a></div><div class="product"><a href="https://www.amazon.com/dp/B01JIKQDPS?tag=eloabder-20&linkCode=osi&th=1&psc=1"><img src="https://m.media-amazon.com/images/I/41Ezne379HL._SL500_.jpg" alt="Product Image"></a><p>Nootropics Brain Support Supplement - Mental Focus Nootropic Memory Supplement for Brain Health & and Performance Blend, with Energy and Vitamins DMAE Bacopa and Phosphatidylserine Capsule</p><p>$19.55 ($0.33 / Count)</p><a href="https://www.amazon.com/dp/B01JIKQDPS?tag=eloabder-20&linkCode=osi&th=1&psc=1">View Product</a></div><div class="product"><a href="https://www.amazon.com/dp/B07Q5DZJTK?tag=eloabder-20&linkCode=osi&th=1&psc=1"><img src="https://m.media-amazon.com/images/I/414Ts8+w+YL._SL500_.jpg" alt="Product Image"></a><p>DR. EMIL NUTRITION 2100mg Organic Lions Mane Supplement Capsules - Focus, Mental Clarity & Cognition - Nootropic Lion's Mane Mushroom Supplement with Organic Lions Mane</p><p>$22.85 ($0.25 / Count)</p><a href="https://www.amazon.com/dp/B07Q5DZJTK?tag=eloabder-20&linkCode=osi&th=1&psc=1">View Product</a></div><div class="product"><a href="https://www.amazon.com/dp/B07WT6RLX9?tag=eloabder-20&linkCode=osi&th=1&psc=1"><img src="https://m.media-amazon.com/images/I/51o6VcG9A4L._SL500_.jpg" alt="Product Image"></a><p>ONNIT Alpha Brain Premium Nootropic Brain Supplement, 30 Count, for Men & Women - Caffeine-Free Focus Capsules for Concentration, Brain Booster & Memory Support</p><p>$29.71 ($0.99 / Count)</p><a href="https://www.amazon.com/dp/B07WT6RLX9?tag=eloabder-20&linkCode=osi&th=1&psc=1">View Product</a></div><div class="product"><a href="https://www.amazon.com/dp/B06XP35CN9?tag=eloabder-20&linkCode=osi&th=1&psc=1"><img src="https://m.media-amazon.com/images/I/41mC1EgSjWL._SL500_.jpg" alt="Product Image"></a><p>Advanced Nootropics Brain Support Supplement - Synergetic Mental Energy and Focus Supplement with Brain Vitamins for Cognitive Enhancement - Mind and Memory Supplement for Brain Health (30 Servings)</p><p>$13.78 ($0.23 / Count)</p><a href="https://www.amazon.com/dp/B06XP35CN9?tag=eloabder-20&linkCode=osi&th=1&psc=1">View Product</a></div><div class="product"><a href="https://www.amazon.com/dp/B0C8ZHNVHK?tag=eloabder-20&linkCode=osi&th=1&psc=1"><img src="https://m.media-amazon.com/images/I/51LyeYCadbL._SL500_.jpg" alt="Product Image"></a><p>Switch, Brain Boosting Nootropic Energy Supplement, Increase Mental Focus & Cognitive Function, Enhances Mood & Memory, Alpha GPC, Ashwagandha, Sugar Free Energy Powder-Keto</p><p>$49.99 ($8.91 / Ounce)</p><a href="https://www.amazon.com/dp/B0C8ZHNVHK?tag=eloabder-20&linkCode=osi&th=1&psc=1">View Product</a></div><div class="product"><a href="https://www.amazon.com/dp/B0BXTN1V7F?tag=eloabder-20&linkCode=osi&th=1&psc=1"><img src="https://m.media-amazon.com/images/I/513JW5FoUhL._SL500_.jpg" alt="Product Image"></a><p>NEURIVA Ultra Decaffeinated Clinically Tested Nootropic Brain Supplement for Mental Alertness, Memory, Focus & Concentration, Cognivive, Neurofactor, Phosphatidylserine, Vitamins B6 B12, 60 Capsules</p><p>$69.99 ($1.17 / Count)</p><a href="https://www.amazon.com/dp/B0BXTN1V7F?tag=eloabder-20&linkCode=osi&th=1&psc=1">View Product</a></div><div class="product"><a href="https://www.amazon.com/dp/B07RP44QPT?tag=eloabder-20&linkCode=osi&th=1&psc=1"><img src="https://m.media-amazon.com/images/I/414Ge8If89L._SL500_.jpg" alt="Product Image"></a><p>Vital Vitamins Brain Supplements for Memory and Focus - Nootropic Brain Support - Memory, Clarity, Focus, Energy - Vitamin B12, Gingko Biloba, DMAE</p><p>$21.01 ($0.70 / Count)</p><a href="https://www.amazon.com/dp/B07RP44QPT?tag=eloabder-20&linkCode=osi&th=1&psc=1">View Product</a></div><div class="product"><a href="https://www.amazon.com/dp/B00GQVA728?tag=eloabder-20&linkCode=osi&th=1&psc=1"><img src="https://m.media-amazon.com/images/I/41XREocXS9L._SL500_.jpg" alt="Product Image"></a><p>NOW Essential Oils, Mental Focus Oil Blend, Centering Aromatherapy Scent, Blend of Pure Essential Oils, Vegan, Child Resistant Cap, 1-Ounce</p><p>$9.99</p><a href="https://www.amazon.com/dp/B00GQVA728?tag=eloabder-20&linkCode=osi&th=1&psc=1">View Product</a></div>
<div class="product"><a href="https://www.amazon.com/dp/B0CLJ62HJN?tag=eloabder-20&linkCode=osi&th=1&psc=1"><img src="https://m.media-amazon.com/images/I/51fzZ1f4aKL._SL500_.jpg" alt="Product Image"></a><p>Probiotics for Men, 500 Billion CFU 12 Strains Mens Probiotic with Turmeric Cranberry & Goji, Gut Health for Men, Probiotics for Men Digestive Health, Bloating, Immune & Overall Health, 30-Day Supply</p><p>$24.90 ($0.42 / Count)</p><a href="https://www.amazon.com/dp/B0CLJ62HJN?tag=eloabder-20&linkCode=osi&th=1&psc=1">View Product</a></div><div class="product"><a href="https://www.amazon.com/dp/B01KE592JU?tag=eloabder-20&linkCode=osi&th=1&psc=1"><img src="https://m.media-amazon.com/images/I/41H9Ng4ybQL._SL500_.jpg" alt="Product Image"></a><p>Multivitamin for Men - Daily Mens Multivitamins & Multiminerals Supplement for Energy, Focus and Performance. Mens Vitamins A, C, D, E & B12, Zinc, Calcium, Magnesium & More. Multi Vitamin Capsules</p><p>$22.97 ($0.38 / Count)</p><a href="https://www.amazon.com/dp/B01KE592JU?tag=eloabder-20&linkCode=osi&th=1&psc=1">View Product</a></div><div class="product"><a href="https://www.amazon.com/dp/B084HGKTSD?tag=eloabder-20&linkCode=osi&th=1&psc=1"><img src="https://m.media-amazon.com/images/I/51TL3dHZ-fL._SL500_.jpg" alt="Product Image"></a><p>NATURE TARGET Probiotics for Men with Men Care Supplement, Prebiotics & Probiotic for Men's Digestive and Immune Health,60 Billion CFUs & 14 Strains Shelf Stable, Gluten & Soy Free (90 Tablets)</p><p>$16.99 ($0.19 / Count)</p><a href="https://www.amazon.com/dp/B084HGKTSD?tag=eloabder-20&linkCode=osi&th=1&psc=1">View Product</a></div><div class="product"><a href="https://www.amazon.com/dp/B09N44X5GZ?tag=eloabder-20&linkCode=osi&th=1&psc=1"><img src="https://m.media-amazon.com/images/I/41AH6xcqptL._SL500_.jpg" alt="Product Image"></a><p>Saw Palmetto Supplement - Potent 3X Formula with Stinging Nettle + Pumpkin Seed Extract - DHT Blocker Urinary Health & Prostate Support Supplement for Mens Health - Saw Palmetto for Men 2 Month Supply</p><p>$27.49 ($0.23 / Count)</p><a href="https://www.amazon.com/dp/B09N44X5GZ?tag=eloabder-20&linkCode=osi&th=1&psc=1">View Product</a></div><div class="product"><a href="https://www.amazon.com/dp/B01MQ1JLWY?tag=eloabder-20&linkCode=osi&th=1&psc=1"><img src="https://m.media-amazon.com/images/I/41O5MqjxlDL._SL500_.jpg" alt="Product Image"></a><p>Prime Labs - Men's Testosterone Booster - Stamina, Endurance, & Strength Booster - 60 Caplets</p><p>$21.49 ($0.36 / Count)</p><a href="https://www.amazon.com/dp/B01MQ1JLWY?tag=eloabder-20&linkCode=osi&th=1&psc=1">View Product</a></div><div class="product"><a href="https://www.amazon.com/dp/B09X2CG92L?tag=eloabder-20&linkCode=osi&th=1&psc=1"><img src="https://m.media-amazon.com/images/I/41ebxpgEyDL._SL500_.jpg" alt="Product Image"></a><p>21,800mg Testosterone Booster for Men 8X Strength w. Ashwagandha, Tongkat Ali, Pycnogenol, Tribulus - Total T Male Enhancing Test Libido Booster + Muscle Builder Growth Testosterone Supplement for Men</p><p>$29.95 ($0.33 / Count)</p><a href="https://www.amazon.com/dp/B09X2CG92L?tag=eloabder-20&linkCode=osi&th=1&psc=1">View Product</a></div><div class="product"><a href="https://www.amazon.com/dp/B0B44VP9QV?tag=eloabder-20&linkCode=osi&th=1&psc=1"><img src="https://m.media-amazon.com/images/I/31Ep1XHYAUL._SL500_.jpg" alt="Product Image"></a><p>Health by Habit Mens Multi Supplement (60 Capsules) - 23 Essential Vitamins and Minerals, Supports General Health & Wellness, Non-GMO, Sugar Free (1 Pack)</p><p>$10.06 ($0.17 / Count)</p><a href="https://www.amazon.com/dp/B0B44VP9QV?tag=eloabder-20&linkCode=osi&th=1&psc=1">View Product</a></div><div class="product"><a href="https://www.amazon.com/dp/B09W1R4JJ9?tag=eloabder-20&linkCode=osi&th=1&psc=1"><img src="https://m.media-amazon.com/images/I/51FMBwtAQZL._SL500_.jpg" alt="Product Image"></a><p>Force Factor Test X180 Gummies Testosterone Booster for Men with Tongkat Ali, Horny Goat Weed, Tribulus Terrestris, Fenugreek, & Black Maca, Supplement Men, Berry Punch, 60 Gummies, 1-Pack</p><p>$18.80 ($0.31 / Count)</p><a href="https://www.amazon.com/dp/B09W1R4JJ9?tag=eloabder-20&linkCode=osi&th=1&psc=1">View Product</a></div><div class="product"><a href="https://www.amazon.com/dp/B00Y8MP5VA?tag=eloabder-20&linkCode=osi&th=1&psc=1"><img src="https://m.media-amazon.com/images/I/41EWrdWCUSL._SL500_.jpg" alt="Product Image"></a><p>Garden of Life Probiotics for Men Dr Formulated 50 Billion CFU 15 Probiotics + Organic Prebiotic Fiber for Digestive, Colon & Immune Support, Daily Gas Relief, Dairy Free, Shelf Stable, 30 Capsules</p><p>$31.71 ($1.06 / Count)</p><a href="https://www.amazon.com/dp/B00Y8MP5VA?tag=eloabder-20&linkCode=osi&th=1&psc=1">View Product</a></div>
<div class="product"><a href="https://www.amazon.com/dp/B07B8BSGPL?tag=eloabder-20&linkCode=osi&th=1&psc=1"><img src="https://m.media-amazon.com/images/I/51fhicydrEL._SL500_.jpg" alt="Product Image"></a><p>Physician's Choice Probiotics for Women - PH Balance, Digestive, UT, & Feminine Health - 50 Billion CFU - 6 Unique Strains for Women - Organic Prebiotics, Cranberry Extract+ - Women Probiotic - 30 CT</p><p>$23.98 ($0.80 / Count)</p><a href="https://www.amazon.com/dp/B07B8BSGPL?tag=eloabder-20&linkCode=osi&th=1&psc=1">View Product</a></div><div class="product"><a href="https://www.amazon.com/dp/B0BL2GM261?tag=eloabder-20&linkCode=osi&th=1&psc=1"><img src="https://m.media-amazon.com/images/I/31nzULQJHwL._SL500_.jpg" alt="Product Image"></a><p>Health by Habit Womens Multi Supplement (60 Capsules) - 23 Essential Vitamins and Minerals, Supports General Health & Wellness, Non-GMO, Sugar Free (1 Pack)</p><p>$10.70 ($0.18 / Count)</p><a href="https://www.amazon.com/dp/B0BL2GM261?tag=eloabder-20&linkCode=osi&th=1&psc=1">View Product</a></div><div class="product"><a href="https://www.amazon.com/dp/B07YWJZJNY?tag=eloabder-20&linkCode=osi&th=1&psc=1"><img src="https://m.media-amazon.com/images/I/51lB0uUNGDL._SL500_.jpg" alt="Product Image"></a><p>Doctor's Recipes Women’s Probiotic, 60 Caps 50 Billion CFU 16 Strains, with Organic Cranberry, Digestive Immune Vaginal & Urinary Health, Shelf Stable, Delayed Release, No Soy Gluten Dairy</p><p>$17.49 ($0.29 / Count)</p><a href="https://www.amazon.com/dp/B07YWJZJNY?tag=eloabder-20&linkCode=osi&th=1&psc=1">View Product</a></div><div class="product"><a href="https://www.amazon.com/dp/B004ZNDFIW?tag=eloabder-20&linkCode=osi&th=1&psc=1"><img src="https://m.media-amazon.com/images/I/51+VsWEmpSL._SL500_.jpg" alt="Product Image"></a><p>Renew Life Women's Probiotic Capsules, Supports pH Balance for Women, Vaginal, Urinary, Digestive and Immune Health, L. Rhamnosus GG, Dairy, Soy and Gluten-Free, 25 Billion CFU - 30 Ct</p><p>$16.78 ($0.56 / Count)</p><a href="https://www.amazon.com/dp/B004ZNDFIW?tag=eloabder-20&linkCode=osi&th=1&psc=1">View Product</a></div><div class="product"><a href="https://www.amazon.com/dp/B006I7AT78?tag=eloabder-20&linkCode=osi&th=1&psc=1"><img src="https://m.media-amazon.com/images/I/41v96+mT7-L._SL500_.jpg" alt="Product Image"></a><p>Nature's Way Women's Probiotic Pearls, Supports Vaginal and Digestive Health*, 1 Billion Live Cultures, No Refrigeration Required, 30 Softgels (Packaging May Vary)</p><p>$11.81 ($0.39 / Count)</p><a href="https://www.amazon.com/dp/B006I7AT78?tag=eloabder-20&linkCode=osi&th=1&psc=1">View Product</a></div><div class="product"><a href="https://www.amazon.com/dp/B092CS29NR?tag=eloabder-20&linkCode=osi&th=1&psc=1"><img src="https://m.media-amazon.com/images/I/41mHol7tOzL._SL500_.jpg" alt="Product Image"></a><p>OLLY Happy Hoo-Ha Capsules, Probiotic for Women, Vaginal Health and pH Balance, 10 Billion CFU, Gluten Free - 25 Count</p><p>$16.37 ($0.65 / Count)</p><a href="https://www.amazon.com/dp/B092CS29NR?tag=eloabder-20&linkCode=osi&th=1&psc=1">View Product</a></div><div class="product"><a href="https://www.amazon.com/dp/B09YM5LMX7?tag=eloabder-20&linkCode=osi&th=1&psc=1"><img src="https://m.media-amazon.com/images/I/51h9mac9ZFL._SL500_.jpg" alt="Product Image"></a><p>OMOGS Women's Probiotic,with Cranberry Extract and Organic Prebiotics,90 Billion CFUs,18 Strains,Help for Boost Immune,Digestive, Gut and Women's Health,Gluten Dairy Yeast & Soy Free, 90 Tablets</p><p>$8.99 ($0.10 / Count)</p><a href="https://www.amazon.com/dp/B09YM5LMX7?tag=eloabder-20&linkCode=osi&th=1&psc=1">View Product</a></div><div class="product"><a href="https://www.amazon.com/dp/B074BLLV81?tag=eloabder-20&linkCode=osi&th=1&psc=1"><img src="https://m.media-amazon.com/images/I/51KGSL1CsIL._SL500_.jpg" alt="Product Image"></a><p>AZO Complete Feminine Balance Daily Probiotics for Women, Clinically Proven to Help Protect Vaginal Health, balance pH and yeast, Non-GMO, 30 Count</p><p>$23.51 ($0.78 / Count)</p><a href="https://www.amazon.com/dp/B074BLLV81?tag=eloabder-20&linkCode=osi&th=1&psc=1">View Product</a></div>
<div class="product"><a href="https://www.amazon.com/dp/B0CGKVHHCY?tag=eloabder-20&linkCode=osi&th=1&psc=1"><img src="https://m.media-amazon.com/images/I/51HSSDVp7sL._SL500_.jpg" alt="Product Image"></a><p>MaryRuth's Liquid Multivitamin + Lustriva® Hair Growth Vitamins | Biotin 10000mcg | Vitamin D | Clinically Tested for Thicker Hair, Wrinkles, Fine Lines, Skin Care | Ages 18+ | 30 Fl Oz</p><p>$74.95 ($2.50 / Fl Oz)</p><a href="https://www.amazon.com/dp/B0CGKVHHCY?tag=eloabder-20&linkCode=osi&th=1&psc=1">View Product</a></div><div class="product"><a href="https://www.amazon.com/dp/B09RKDGYJD?tag=eloabder-20&linkCode=osi&th=1&psc=1"><img src="https://m.media-amazon.com/images/I/51VPhOLi43L._SL500_.jpg" alt="Product Image"></a><p>Biotin | Collagen | Keratin | Hyaluronic Acid - Hair Growth Support Supplement | Skin & Nails Beauty Complex 25000 mcg - B1 | B2 | B3 | B6 | B7 - Made in USA - For Women & Men | 60 Capsules</p><p>$21.16 ($0.35 / Count)</p><a href="https://www.amazon.com/dp/B09RKDGYJD?tag=eloabder-20&linkCode=osi&th=1&psc=1">View Product</a></div><div class="product"><a href="https://www.amazon.com/dp/B0D379XS3Z?tag=eloabder-20&linkCode=osi&th=1&psc=1"><img src="https://m.media-amazon.com/images/I/41ZnobZ4taL._SL500_.jpg" alt="Product Image"></a><p>WONDERCOW Hair Skin and Nails Vitamins w/Bovine Colostrum, Collagen, Hyaluronic Acid, Biotin, Zinc, & Lactoferrin┃Supports Faster Hair Growth, Stronger Nails and Glowing Skin (30 servings, Capsule)</p><p>$39.99 ($0.44 / Count)</p><a href="https://www.amazon.com/dp/B0D379XS3Z?tag=eloabder-20&linkCode=osi&th=1&psc=1">View Product</a></div><div class="product"><a href="https://www.amazon.com/dp/B0D2JFRTJY?tag=eloabder-20&linkCode=osi&th=1&psc=1"><img src="https://m.media-amazon.com/images/I/415HdLpj8pL._SL500_.jpg" alt="Product Image"></a><p>InstaRelief® Hair Growth with Lustriva® - Clinically Shown to Grow Thicker, Healthier Hair in 3 Weeks, Reduce Wrinkles and Fine Lines, with Biotin, Silicon, and Arginine, 60 Tablets</p><p>$26.98 ($0.45 / Count)</p><a href="https://www.amazon.com/dp/B0D2JFRTJY?tag=eloabder-20&linkCode=osi&th=1&psc=1">View Product</a></div><div class="product"><a href="https://www.amazon.com/dp/B07H8RQCX2?tag=eloabder-20&linkCode=osi&th=1&psc=1"><img src="https://m.media-amazon.com/images/I/41c4gXD7hAS._SL500_.jpg" alt="Product Image"></a><p>JSHealth Vitamins Hair and Energy Formula Hair Growth Vitamins | Hair Vitamins for Women and Men | Zinc and Iodine Hair Supplements for Hair Growth | Hair Loss Supplements | (30 Capsules)</p><p>$27.99 ($0.93 / Count)</p><a href="https://www.amazon.com/dp/B07H8RQCX2?tag=eloabder-20&linkCode=osi&th=1&psc=1">View Product</a></div><div class="product"><a href="https://www.amazon.com/dp/B07L8KPCFY?tag=eloabder-20&linkCode=osi&th=1&psc=1"><img src="https://m.media-amazon.com/images/I/31NkOtXpn0L._SL500_.jpg" alt="Product Image"></a><p>Hello Lovely! Hair Vitamins Gummies with Biotin 5000 mcg Vitamin E & C Support Hair Growth, Premium Vegetarian Non-GMO, for Stronger Beautiful Hair, Skin & Nails Supplement - 60 Gummy Bears</p><p>$14.62 ($0.24 / Count)</p><a href="https://www.amazon.com/dp/B07L8KPCFY?tag=eloabder-20&linkCode=osi&th=1&psc=1">View Product</a></div>
<div class="product"><a href="https://www.amazon.com/dp/B0072F8D7S?tag=eloabder-20&linkCode=osi&th=1&psc=1"><img src="https://m.media-amazon.com/images/I/41j4CBYG0SL._SL500_.jpg" alt="Product Image"></a><p>Nature's Bounty Advanced Hair, Skin & Nails, Argan-Infused Vitamin Supplement with Biotin and Hyaluronic Acid, 150 Rapid Release Softgels</p><p>$11.22 ($0.07 / Count)</p><a href="https://www.amazon.com/dp/B0072F8D7S?tag=eloabder-20&linkCode=osi&th=1&psc=1">View Product</a></div><div class="product"><a href="https://www.amazon.com/dp/B07SRVJBSJ?tag=eloabder-20&linkCode=osi&th=1&psc=1"><img src="https://m.media-amazon.com/images/I/415Fg7XSFDL._SL500_.jpg" alt="Product Image"></a><p>Horbäach Hair Skin and Nails Vitamins | 300 Softgels | with Biotin and Collagen | Infused with Argan Oil and Coconut Oil | Non-GMO, Gluten Free Supplement</p><p>$16.47 ($0.05 / Count)</p><a href="https://www.amazon.com/dp/B07SRVJBSJ?tag=eloabder-20&linkCode=osi&th=1&psc=1">View Product</a></div><div class="product"><a href="https://www.amazon.com/dp/B07FB65182?tag=eloabder-20&linkCode=osi&th=1&psc=1"><img src="https://m.media-amazon.com/images/I/41Dof1D4sQL._SL500_.jpg" alt="Product Image"></a><p>Life Extension Skin Restoring Ceramides - Promotes Hydration & Encourages Healthy Ceramide Levels in Skin - Once-Daily Oral Supplement - Non-GMO, Gluten-Free – 30 Liquid Vegetarian Capsules</p><p>$18.75 ($0.62 / Count)</p><a href="https://www.amazon.com/dp/B07FB65182?tag=eloabder-20&linkCode=osi&th=1&psc=1">View Product</a></div><div class="product"><a href="https://www.amazon.com/dp/B0B3GBJJGW?tag=eloabder-20&linkCode=osi&th=1&psc=1"><img src="https://m.media-amazon.com/images/I/41h5D2kKYEL._SL500_.jpg" alt="Product Image"></a><p>Collagen Pills 1000mg Biotin 10000mcg Keratin Saw Palmetto 2500mg Hyaluronic Acid - Hair Skin and Nails Vitamins and DHT Blocker with Vitamin E Folic Acid Pumpkin Seed MSM - 90 Count</p><p>$29.95 ($0.33 / Count)</p><a href="https://www.amazon.com/dp/B0B3GBJJGW?tag=eloabder-20&linkCode=osi&th=1&psc=1">View Product</a></div><div class="product"><a href="https://www.amazon.com/dp/B00EEOGIWC?tag=eloabder-20&linkCode=osi&th=1&psc=1"><img src="https://m.media-amazon.com/images/I/41KNQKYyyaL._SL500_.jpg" alt="Product Image"></a><p>Phytoceramides 350mg per softgel - Plant Derived Ceramides for Healthy Skin and Hydration - Non GMO with No Fillers or Synthetic Vitamins - 30 Liquid softgels</p><p>$19.95 ($0.66 / Count)</p><a href="https://www.amazon.com/dp/B00EEOGIWC?tag=eloabder-20&linkCode=osi&th=1&psc=1">View Product</a></div><div class="product"><a href="https://www.amazon.com/dp/B0CG9QS1JY?tag=eloabder-20&linkCode=osi&th=1&psc=1"><img src="https://m.media-amazon.com/images/I/41GR02V0-iL._SL500_.jpg" alt="Product Image"></a><p>CLEARstem - MINDBODYSKIN Hormonal Acne Supplement (5-HTP) - Natural DIM Supplement - Skin Care Vitamins - Hormone Balance, Antioxidants - Vegan, Gluten Free, Cruelty Free - 30 Servings, 90 Capsules</p><p>$57.35 ($0.64 / Count)</p><a href="https://www.amazon.com/dp/B0CG9QS1JY?tag=eloabder-20&linkCode=osi&th=1&psc=1">View Product</a></div><div class="product"><a href="https://www.amazon.com/dp/B0CCYZ4ZG4?tag=eloabder-20&linkCode=osi&th=1&psc=1"><img src="https://m.media-amazon.com/images/I/41UMUWSDIBL._SL500_.jpg" alt="Product Image"></a><p>Vital Vitamins Multi Collagen Plus - Biotin, Hyaluronic Acid, Vitamin C - Collagen for Women & Men - Hair Growth Support Supplement - Skin, Nails Beauty Complex - 150 Pills</p><p>$25.95 ($0.17 / Count)</p><a href="https://www.amazon.com/dp/B0CCYZ4ZG4?tag=eloabder-20&linkCode=osi&th=1&psc=1">View Product</a></div>
<div class="product"><a href="https://www.amazon.com/dp/B0D354DJQH?tag=eloabder-20&linkCode=osi&th=1&psc=1"><img src="https://m.media-amazon.com/images/I/31Q9PLna2VL._SL500_.jpg" alt="Product Image"></a><p>HABIT Hair, Skin & Nails Supplement (60 Capsules) - New Look, Supports Skin Hydration, Hair & Nail Strength, Biotin 2000mcg, Vitamin A & C, Hyaluronic Acid, Rosehip, Vegan, Non-GMO (1 Pack)</p><p>$7.88 ($0.13 / Count)</p><a href="https://www.amazon.com/dp/B0D354DJQH?tag=eloabder-20&linkCode=osi&th=1&psc=1">View Product</a></div><div class="product"><a href="https://www.amazon.com/dp/B01D6AQR7A?tag=eloabder-20&linkCode=osi&th=1&psc=1"><img src="https://m.media-amazon.com/images/I/41ot-3xB2JL._SL500_.jpg" alt="Product Image"></a><p>Nature Made Hair Skin and Nails with Biotin 2500 mcg, Dietary Supplement For Healthy Hair Skin and Nails Support, 120 Softgels, 120 Day Supply</p><p>$18.97 ($0.16 / Count)</p><a href="https://www.amazon.com/dp/B01D6AQR7A?tag=eloabder-20&linkCode=osi&th=1&psc=1">View Product</a></div><div class="product"><a href="https://www.amazon.com/dp/B00006MMU6?tag=eloabder-20&linkCode=osi&th=1&psc=1"><img src="https://m.media-amazon.com/images/I/41ItG2Bl1RL._SL500_.jpg" alt="Product Image"></a><p>NONYX Fungal Nail Clarifying Gel | Rids Nails of Fungus by Removing Keratin Debris Where Nail Fungus Grows | 90% of Toenails Improved Using this Toenail Fungus Treatment | 4 oz</p><p>$19.98 ($5.00 / Fl Oz)</p><a href="https://www.amazon.com/dp/B00006MMU6?tag=eloabder-20&linkCode=osi&th=1&psc=1">View Product</a></div><div class="product"><a href="https://www.amazon.com/dp/B09S3Y3J92?tag=eloabder-20&linkCode=osi&th=1&psc=1"><img src="https://m.media-amazon.com/images/I/41lQO63btQL._SL500_.jpg" alt="Product Image"></a><p>Kerasal Nail Renewal and Nail File Combo Pack, Restores Appearance of Discolored or Damaged Nails, 5 Heavy Duty Nail Files, 0.33 fl oz, Clear</p><p>$25.85 ($78.33 / Fl Oz)</p><a href="https://www.amazon.com/dp/B09S3Y3J92?tag=eloabder-20&linkCode=osi&th=1&psc=1">View Product</a></div><div class="product"><a href="https://www.amazon.com/dp/B000EH0NEC?tag=eloabder-20&linkCode=osi&th=1&psc=1"><img src="https://m.media-amazon.com/images/I/41XaFeLycBL._SL500_.jpg" alt="Product Image"></a><p>Nutra Nail 5 to 7 Day Growth Treatment - Fast Keratin Nail Hardener & Nail Strengthener for Thin Nails, Brittle & Damaged (0.47 Fl Oz)</p><p>$14.97 ($31.85 / Fl Oz)</p><a href="https://www.amazon.com/dp/B000EH0NEC?tag=eloabder-20&linkCode=osi&th=1&psc=1">View Product</a></div><div class="product"><a href="https://www.amazon.com/dp/B089RQTWLR?tag=eloabder-20&linkCode=osi&th=1&psc=1"><img src="https://m.media-amazon.com/images/I/417WgL6e20L._SL500_.jpg" alt="Product Image"></a><p>Clear Nails - Extra Strength - Probiotic Fungus Inhibitor - 50 Billion CFU</p><p>$22.49 ($0.37 / Count)</p><a href="https://www.amazon.com/dp/B089RQTWLR?tag=eloabder-20&linkCode=osi&th=1&psc=1">View Product</a></div>
<div class="product"><a href="https://www.amazon.com/dp/B07FZ85R1Y?tag=eloabder-20&linkCode=osi&th=1&psc=1"><img src="https://m.media-amazon.com/images/I/51NlAN37ewL._SL500_.jpg" alt="Product Image"></a><p>Areds 2 Eye Vitamins - Lutein, Zeaxanthin & Bilberry Extract - Supports Eye Strain, Dry Eyes, and Vision Health - 2 Award-Winning Clinically Proven Eye Vitamin Ingredients - Carotenoid Blend</p><p>$23.97 ($0.40 / Count)</p><a href="https://www.amazon.com/dp/B07FZ85R1Y?tag=eloabder-20&linkCode=osi&th=1&psc=1">View Product</a></div><div class="product"><a href="https://www.amazon.com/dp/B0C4J8G4SB?tag=eloabder-20&linkCode=osi&th=1&psc=1"><img src="https://m.media-amazon.com/images/I/51VNHCxN5pL._SL500_.jpg" alt="Product Image"></a><p>Eye Health Vitamins with Bilberry 6000mg Lutein & Zeaxanthin 40mg Lycopene 40mg Resveratrol 3000mg Grape Seed Extract 6000mg Omega 3 4000mg Astaxanthin - Eye Vitamin - 60 Capsules</p><p>$29.95 ($0.50 / Count)</p><a href="https://www.amazon.com/dp/B0C4J8G4SB?tag=eloabder-20&linkCode=osi&th=1&psc=1">View Product</a></div><div class="product"><a href="https://www.amazon.com/dp/B00DJUK8IM?tag=eloabder-20&linkCode=osi&th=1&psc=1"><img src="https://m.media-amazon.com/images/I/51LPoH2nRnL._SL500_.jpg" alt="Product Image"></a><p>Ocuvite Eye Vitamin & Mineral Supplement, Contains Zinc, Vitamins C, E, Omega 3, Lutein, & Zeaxanthin, 90 Softgels (Packaging May Vary)</p><p>$23.47 ($0.26 / Count)</p><a href="https://www.amazon.com/dp/B00DJUK8IM?tag=eloabder-20&linkCode=osi&th=1&psc=1">View Product</a></div><div class="product"><a href="https://www.amazon.com/dp/B0CGRYBQ2J?tag=eloabder-20&linkCode=osi&th=1&psc=1"><img src="https://m.media-amazon.com/images/I/51Hxps2kajL._SL500_.jpg" alt="Product Image"></a><p>Garden of Life Herbals Eye Health Supplement with Sunflower & Safflower Oil, Lutein, Zeaxanthin & Black Currant for Dry Eyes & Healthy Vision Support – Non-GMO, Gluten-Free, Berry Flavor, 30 Servings</p><p>$28.34 ($0.94 / Count)</p><a href="https://www.amazon.com/dp/B0CGRYBQ2J?tag=eloabder-20&linkCode=osi&th=1&psc=1">View Product</a></div><div class="product"><a href="https://www.amazon.com/dp/B07Y6Q6TFF?tag=eloabder-20&linkCode=osi&th=1&psc=1"><img src="https://m.media-amazon.com/images/I/518zmodQYgL._SL500_.jpg" alt="Product Image"></a><p>UpNourish AREDS 2+ - Advanced Eye Vitamin Supplement for Macular Health and Dry Eye - Lutein, Zeaxanthin, Saffron, Astaxanthin & DHA - Supports Eye Strain, Pressure, Night Vision - 120 softgels</p><p>$24.99 ($0.21 / Count)</p><a href="https://www.amazon.com/dp/B07Y6Q6TFF?tag=eloabder-20&linkCode=osi&th=1&psc=1">View Product</a></div><div class="product"><a href="https://www.amazon.com/dp/B07JNK257G?tag=eloabder-20&linkCode=osi&th=1&psc=1"><img src="https://m.media-amazon.com/images/I/41HuGBuDqaL._SL500_.jpg" alt="Product Image"></a><p>EyeScience Macular Health Beyond AREDS2 Formula, Advanced Ocular Vitamin - Containing Lutein, Zeaxanthin, Bilberry, and Vitamins C, D, E, and B6 (60 Day Supply)</p><p>$54.99 ($0.46 / Count)</p><a href="https://www.amazon.com/dp/B07JNK257G?tag=eloabder-20&linkCode=osi&th=1&psc=1">View Product</a></div><div class="product"><a href="https://www.amazon.com/dp/B007Z4EKQE?tag=eloabder-20&linkCode=osi&th=1&psc=1"><img src="https://m.media-amazon.com/images/I/315eIHyBj6L._SL500_.jpg" alt="Product Image"></a><p>EyePromise Restore Supplement - 60 Softgel Capsules Containing Lutein, Vitamin C, Vitamin D, Vitamin E, Omega-3 Fish Oil, and Zeaxanthin - A Patented Complete Eye Health Formula</p><p>$40.95 ($0.68 / Count)</p><a href="https://www.amazon.com/dp/B007Z4EKQE?tag=eloabder-20&linkCode=osi&th=1&psc=1">View Product</a></div><div class="product"><a href="https://www.amazon.com/dp/B004R66K9I?tag=eloabder-20&linkCode=osi&th=1&psc=1"><img src="https://m.media-amazon.com/images/I/41wdjw9An4L._SL500_.jpg" alt="Product Image"></a><p>Puritan's Pride Lutein 40 Mg with Zeaxanthin, Helps Support Eye Health*, Whole Bean, 60 Ct,</p><p>$8.08 ($0.13 / Count)</p><a href="https://www.amazon.com/dp/B004R66K9I?tag=eloabder-20&linkCode=osi&th=1&psc=1">View Product</a></div>


<div class="product"><a href="https://www.amazon.com/dp/B0C9M3VMD5?tag=eloabder-20&linkCode=osi&th=1&psc=1"><img src="https://m.media-amazon.com/images/I/51Ef845LRAL._SL500_.jpg" alt="Product Image"></a><p>Poygik Premium 420 Piece Large First Aid Kit for Home, Car, Travel, Camping, Truck, Hiking, Sports, Office, Vehicle & Outdoor Emergencies - Emergency Medical Kits, Businesses & Home Medical Supplies</p><p>$46.95 ($46.95 / Count)</p><a href="https://www.amazon.com/dp/B0C9M3VMD5?tag=eloabder-20&linkCode=osi&th=1&psc=1">View Product</a></div><div class="product"><a href="https://www.amazon.com/dp/B08127GKPR?tag=eloabder-20&linkCode=osi&th=1&psc=1"><img src="https://m.media-amazon.com/images/I/51IJV3GwkxL._SL500_.jpg" alt="Product Image"></a><p>Care Science First Aid Kit, 110 Pieces | Professional Use for Travel, Work, School, Home, Car, Survival, Camping, Hiking, and More</p><p>$9.99 ($0.09 / Count)</p><a href="https://www.amazon.com/dp/B08127GKPR?tag=eloabder-20&linkCode=osi&th=1&psc=1">View Product</a></div><div class="product"><a href="https://www.amazon.com/dp/B0B41MYSGP?tag=eloabder-20&linkCode=osi&th=1&psc=1"><img src="https://m.media-amazon.com/images/I/51TXjQQrgWL._SL500_.jpg" alt="Product Image"></a><p>Johnson & Johnson Travel Ready Portable Emergency First Aid Kit for Minor Wound Care with Assorted Adhesive Bandages, Gauze Pads & More, Ideal for Travel, Car & On-The-Go, 80 pc</p><p>$8.16 ($0.10 / Count)</p><a href="https://www.amazon.com/dp/B0B41MYSGP?tag=eloabder-20&linkCode=osi&th=1&psc=1">View Product</a></div><div class="product"><a href="https://www.amazon.com/dp/B006RNSPYM?tag=eloabder-20&linkCode=osi&th=1&psc=1"><img src="https://m.media-amazon.com/images/I/41oaygM+6-L._SL500_.jpg" alt="Product Image"></a><p>First Aid Only 9302-25M 25-Person Contractor's Emergency First Aid Kit for Home Renovation, Job Sites, and Construction Vehicles, 178 Pieces</p><p>$25.59</p><a href="https://www.amazon.com/dp/B006RNSPYM?tag=eloabder-20&linkCode=osi&th=1&psc=1">View Product</a></div><div class="product"><a href="https://www.amazon.com/dp/B07KRMQ8W6?tag=eloabder-20&linkCode=osi&th=1&psc=1"><img src="https://m.media-amazon.com/images/I/31-2HjYAfiL._SL500_.jpg" alt="Product Image"></a><p>Bactine MAX First Aid Spray - Pain Relief Cleansing Spray with 4% Lidocaine - Numbing Lidocaine Spray Kills 99.9% of Germs - Pain + Itch Relief for Minor Cuts & Scrapes, Burns & Bug Bites - 5oz</p><p>$4.42 ($0.88 / Fl Oz)</p><a href="https://www.amazon.com/dp/B07KRMQ8W6?tag=eloabder-20&linkCode=osi&th=1&psc=1">View Product</a></div><div class="product"><a href="https://www.amazon.com/dp/B096X2NK1B?tag=eloabder-20&linkCode=osi&th=1&psc=1"><img src="https://m.media-amazon.com/images/I/41Qyy+jNITL._SL500_.jpg" alt="Product Image"></a><p>330 Piece First Aid Kit, Premium Waterproof Compact Trauma Medical Kits for Any Emergencies, Ideal for Home, Office, Car, Travel, Outdoor, Camping, Hiking, Boating (Red)</p><p>$45.99 ($0.14 / Count)</p><a href="https://www.amazon.com/dp/B096X2NK1B?tag=eloabder-20&linkCode=osi&th=1&psc=1">View Product</a></div><div class="product"><a href="https://www.amazon.com/dp/B00164IIUI?tag=eloabder-20&linkCode=osi&th=1&psc=1"><img src="https://m.media-amazon.com/images/I/51vsE2VasGL._SL500_.jpg" alt="Product Image"></a><p>Neosporin Original First Aid Antibiotic Ointment with Bacitracin Zinc For Infection Protection, Wound Care Treatment & Scar Appearance Minimizer for Minor Cuts, Scrapes and Burns,.5 oz</p><p>$4.87 ($9.74 / Ounce)</p><a href="https://www.amazon.com/dp/B00164IIUI?tag=eloabder-20&linkCode=osi&th=1&psc=1">View Product</a></div><div class="product"><a href="https://www.amazon.com/dp/B0C17MKP1S?tag=eloabder-20&linkCode=osi&th=1&psc=1"><img src="https://m.media-amazon.com/images/I/41If81FeQFL._SL500_.jpg" alt="Product Image"></a><p>Mini First Aid Kit, 100 Pieces Water-Resistant Hard Shell Small Case - Perfect for Travel, Outdoor, Home, Office, Camping, Hiking, Car (Red)</p><p>$12.99 ($0.13 / Count)</p><a href="https://www.amazon.com/dp/B0C17MKP1S?tag=eloabder-20&linkCode=osi&th=1&psc=1">View Product</a></div>
<div class="product"><a href="https://www.amazon.com/dp/B007EBRA6A?tag=eloabder-20&linkCode=osi&th=1&psc=1"><img src="https://m.media-amazon.com/images/I/31XNtfz6-lL._SL500_.jpg" alt="Product Image"></a><p>Improved Medihoney Gel Wound and & Burn Dressing from Derma Sciences, 0.5 oz,</p><p>$7.99 ($15.98 / Fl Oz)</p><a href="https://www.amazon.com/dp/B007EBRA6A?tag=eloabder-20&linkCode=osi&th=1&psc=1">View Product</a></div><div class="product"><a href="https://www.amazon.com/dp/B07964SRBL?tag=eloabder-20&linkCode=osi&th=1&psc=1"><img src="https://m.media-amazon.com/images/I/31BpDfWNr6L._SL500_.jpg" alt="Product Image"></a><p>Be Smart Get Prepared SILVEX Wound Gel</p><p>$8.12 ($16.24 / Ounce)</p><a href="https://www.amazon.com/dp/B07964SRBL?tag=eloabder-20&linkCode=osi&th=1&psc=1">View Product</a></div><div class="product"><a href="https://www.amazon.com/dp/B00N2VOLF4?tag=eloabder-20&linkCode=osi&th=1&psc=1"><img src="https://m.media-amazon.com/images/I/31k3xbO6c2L._SL500_.jpg" alt="Product Image"></a><p>terrasil Wound Care 3X - Healing Ointment for Cuts, Burns, Blisters, Rashes, Scars, Bed Sores, & Diabetic Ulcers. Natural Skin Care Treatment, Dermatologist-Tested, Hypoallergenic Approved (.5oz)</p><p>$24.00 ($48.98 / Ounce)</p><a href="https://www.amazon.com/dp/B00N2VOLF4?tag=eloabder-20&linkCode=osi&th=1&psc=1">View Product</a></div><div class="product"><a href="https://www.amazon.com/dp/B019660RPG?tag=eloabder-20&linkCode=osi&th=1&psc=1"><img src="https://m.media-amazon.com/images/I/41wsMk2hIZL._SL500_.jpg" alt="Product Image"></a><p>Vashe Wound Solution OTC | Pure Hypochlorous Acid-Preserved Wound Cleanser | Home Wound Care | Non-Cytotoxic and Skin-Neutral pH | 8.5 Fl Oz</p><p>$23.99</p><a href="https://www.amazon.com/dp/B019660RPG?tag=eloabder-20&linkCode=osi&th=1&psc=1">View Product</a></div><div class="product"><a href="https://www.amazon.com/dp/B09V3GHJYF?tag=eloabder-20&linkCode=osi&th=1&psc=1"><img src="https://m.media-amazon.com/images/I/41DjaWOgweL._SL500_.jpg" alt="Product Image"></a><p>Absorbine Silver Honey Rapid Wound Repair Ointment 2oz Tube, Medical Grade Manuka Honey & MicroSilver BG</p><p>$23.36 ($11.68 / Ounce)</p><a href="https://www.amazon.com/dp/B09V3GHJYF?tag=eloabder-20&linkCode=osi&th=1&psc=1">View Product</a></div><div class="product"><a href="https://www.amazon.com/dp/B00EC6DE7Y?tag=eloabder-20&linkCode=osi&th=1&psc=1"><img src="https://m.media-amazon.com/images/I/41BlVTkyTCL._SL500_.jpg" alt="Product Image"></a><p>NeilMed Cleanse Sterile Saline Wound Wash, 6.3 Ounce</p><p>$5.98 ($1.00 / Fl Oz)</p><a href="https://www.amazon.com/dp/B00EC6DE7Y?tag=eloabder-20&linkCode=osi&th=1&psc=1">View Product</a></div><div class="product"><a href="https://www.amazon.com/dp/B07FYDFGVD?tag=eloabder-20&linkCode=osi&th=1&psc=1"><img src="https://m.media-amazon.com/images/I/515p26GgPxL._SL500_.jpg" alt="Product Image"></a><p>All Health Wound Care Kit, 40 Items | For Small to Medium Sized Wounds</p><p>$7.47</p><a href="https://www.amazon.com/dp/B07FYDFGVD?tag=eloabder-20&linkCode=osi&th=1&psc=1">View Product</a></div><div class="product"><a href="https://www.amazon.com/dp/B0019FHWPQ?tag=eloabder-20&linkCode=osi&th=1&psc=1"><img src="https://m.media-amazon.com/images/I/31Qs02lFNDL._SL500_.jpg" alt="Product Image"></a><p>Medline Skintegrity Wound Cleanser, 8 ounce Spray Bottle, for wound cleaning, debridement, removing protein, pressure injuries, infected wounds, spray can be adjusted from mist to stream,White</p><p>$9.99 ($1.25 / Ounce)</p><a href="https://www.amazon.com/dp/B0019FHWPQ?tag=eloabder-20&linkCode=osi&th=1&psc=1">View Product</a></div>
<div class="product"><a href="https://www.amazon.com/dp/B0B1N47758?tag=eloabder-20&linkCode=osi&th=1&psc=1"><img src="https://m.media-amazon.com/images/I/517wH3I79AL._SL500_.jpg" alt="Product Image"></a><p>LifeVac Yellow Travel Kit 2 Pack - Portable Suction Rescue Device, First Aid Kit for Kids and Adults, Portable Airway Suction Device for Children and Adults</p><p>$139.99 ($70.00 / Count)</p><a href="https://www.amazon.com/dp/B0B1N47758?tag=eloabder-20&linkCode=osi&th=1&psc=1">View Product</a></div>



<div class="product"><a href="https://www.amazon.com/dp/B09K1RKQS6?tag=eloabder-20&linkCode=osi&th=1&psc=1"><img src="https://m.media-amazon.com/images/I/41lzaD4UgAL._SL500_.jpg" alt="Product Image"></a><p>EarCentric EasyCharge Rechargeable Hearing Aids (Pair) for Seniors, Behind-The-Ear BTE Ear Aid PSAP digital Personal sound amplification products devices with Noise Cancellation (Beige)</p><p>$199.00</p><a href="https://www.amazon.com/dp/B09K1RKQS6?tag=eloabder-20&linkCode=osi&th=1&psc=1">View Product</a></div><div class="product"><a href="https://www.amazon.com/dp/B0BNK7XV1C?tag=eloabder-20&linkCode=osi&th=1&psc=1"><img src="https://m.media-amazon.com/images/I/41qea6gV+JL._SL500_.jpg" alt="Product Image"></a><p>BIBIED Hearing Aids, Digital Rechargeable OTC Hearing Aids for Seniors with Charging Case, Invisible Hearing Amplifier with Noise Reduction (White)</p><p>$139.99 ($70.00 / Count)</p><a href="https://www.amazon.com/dp/B0BNK7XV1C?tag=eloabder-20&linkCode=osi&th=1&psc=1">View Product</a></div>

<div class="product"><a href="https://www.amazon.com/dp/B01KOFCNP0?tag=eloabder-20&linkCode=osi&th=1&psc=1"><img src="https://m.media-amazon.com/images/I/51T7jeHIa5L._SL500_.jpg" alt="Product Image"></a><p>Depend Incontinence Guards/Incontinence Pads for Men/Bladder Control Pads, Maximum Absorbency, 104 Count (2 Packs of 52), Packaging May Vary</p><p>$25.98 ($0.25 / Count)</p><a href="https://www.amazon.com/dp/B01KOFCNP0?tag=eloabder-20&linkCode=osi&th=1&psc=1">View Product</a></div><div class="product"><a href="https://www.amazon.com/dp/B09XJHYBZ2?tag=eloabder-20&linkCode=osi&th=1&psc=1"><img src="https://m.media-amazon.com/images/I/417IAXjLWAL._SL500_.jpg" alt="Product Image"></a><p>TENA Incontinence Pads, Bladder Control & Postpartum for Women, Overnight Absorbency, Extra Coverage, Intimates - 135 Count</p><p>$59.81 ($0.44 / Count)</p><a href="https://www.amazon.com/dp/B09XJHYBZ2?tag=eloabder-20&linkCode=osi&th=1&psc=1">View Product</a></div><div class="product"><a href="https://www.amazon.com/dp/B09556SRJH?tag=eloabder-20&linkCode=osi&th=1&psc=1"><img src="https://m.media-amazon.com/images/I/518XK4z+XIL._SL500_.jpg" alt="Product Image"></a><p>Depend Fresh Protection Adult Incontinence & Postpartum Bladder Leak Underwear for Women, Disposable, Maximum, Large, Blush, 72 Count (2 Packs of 36), Packaging May Vary</p><p>$46.95 ($0.65 / Count)</p><a href="https://www.amazon.com/dp/B09556SRJH?tag=eloabder-20&linkCode=osi&th=1&psc=1">View Product</a></div><div class="product"><a href="https://www.amazon.com/dp/B0C8BQDT6R?tag=eloabder-20&linkCode=osi&th=1&psc=1"><img src="https://m.media-amazon.com/images/I/51rbgC5un8L._SL500_.jpg" alt="Product Image"></a><p>Chucks MAX Hospital Bed Pads Disposable Adult 36 x 36 Breathable Incontinence Pads - XXX-Large Pee Pads for Elderly Adults - Heavy Duty Absorbency Underpads - 400 Lbs. Patient Repositioning [20 Pads]</p><p>$34.99</p><a href="https://www.amazon.com/dp/B0C8BQDT6R?tag=eloabder-20&linkCode=osi&th=1&psc=1">View Product</a></div><div class="product"><a href="https://www.amazon.com/dp/B0CGGY6SXH?tag=eloabder-20&linkCode=osi&th=1&psc=1"><img src="https://m.media-amazon.com/images/I/41yqJlr0DzL._SL500_.jpg" alt="Product Image"></a><p>Improvia Positioning Bed Pad with Handles – Quick-Drying, 8-Handle Incontinence Bed Pads – Washable, Waterproof, Reusable Pads for Elderly, Bedridden, Transferring, & Mattress Protection, 34x52 in.</p><p>$27.99</p><a href="https://www.amazon.com/dp/B0CGGY6SXH?tag=eloabder-20&linkCode=osi&th=1&psc=1">View Product</a></div><div class="product"><a href="https://www.amazon.com/dp/B0CWVPT7D2?tag=eloabder-20&linkCode=osi&th=1&psc=1"><img src="https://m.media-amazon.com/images/I/41ZJqxR1GJL._SL500_.jpg" alt="Product Image"></a><p>BH Supplies Disposable Underpads - 23 x 23 inches (50 Count)</p><p>$12.99</p><a href="https://www.amazon.com/dp/B0CWVPT7D2?tag=eloabder-20&linkCode=osi&th=1&psc=1">View Product</a></div><div class="product"><a href="https://www.amazon.com/dp/B0C4YLGZ8Z?tag=eloabder-20&linkCode=osi&th=1&psc=1"><img src="https://m.media-amazon.com/images/I/41wYIK7Q-1L._SL500_.jpg" alt="Product Image"></a><p>9 Pcs Waterproof Incontinence Underpants Plastic Pull on Cover Pants Leak Proof Incontinence Underwear Adult Diaper Cover Incontinence Supplies Washable Incontinence Pants (Black,l)</p><p>$16.99 ($16.99 / Count)</p><a href="https://www.amazon.com/dp/B0C4YLGZ8Z?tag=eloabder-20&linkCode=osi&th=1&psc=1">View Product</a></div><div class="product"><a href="https://www.amazon.com/dp/B00KXUW2FS?tag=eloabder-20&linkCode=osi&th=1&psc=1"><img src="https://m.media-amazon.com/images/I/51nWVjuAcML._SL500_.jpg" alt="Product Image"></a><p>Always Discreet Adult Moderate Long Incontinence Pads, Up to 100% Leak-Free Protection, 54 Count (Packaging May Vary)</p><p>$13.88 ($0.26 / Count)</p><a href="https://www.amazon.com/dp/B00KXUW2FS?tag=eloabder-20&linkCode=osi&th=1&psc=1">View Product</a></div><div class="product"><a href="https://www.amazon.com/dp/B082BCSKH6?tag=eloabder-20&linkCode=osi&th=1&psc=1"><img src="https://m.media-amazon.com/images/I/31JIqX8ZTJL._SL500_.jpg" alt="Product Image"></a><p>Revive Bladder Support for Women | Discreetly Control Leaks for up to 12 Hours | Supports Stress Incontinence | Comfortable Alternative to Pads & Liners, Reusable & Easy-to-Use | 1 Pack, 31 Day Supply</p><p>$31.99 ($31.99 / Count)</p><a href="https://www.amazon.com/dp/B082BCSKH6?tag=eloabder-20&linkCode=osi&th=1&psc=1">View Product</a></div><div class="product"><a href="https://www.amazon.com/dp/B081VRG3NK?tag=eloabder-20&linkCode=osi&th=1&psc=1"><img src="https://m.media-amazon.com/images/I/51ta38t5qwL._SL500_.jpg" alt="Product Image"></a><p>Chucks Pads Disposable [50-Pack] Underpads 23x36 Incontinence Chux Pads Absorbent Fluff Protective Bed Pads, Pee Pads for Babies, Kids, Adults & Elderly | Puppy Pads Large for Training Leak Proof</p><p>$18.99 ($0.38 / Count)</p><a href="https://www.amazon.com/dp/B081VRG3NK?tag=eloabder-20&linkCode=osi&th=1&psc=1">View Product</a></div>
<div class="product"><a href="https://www.amazon.com/dp/B07MN8ZD21?tag=eloabder-20&linkCode=osi&th=1&psc=1"><img src="https://m.media-amazon.com/images/I/41k+ga9d6lL._SL500_.jpg" alt="Product Image"></a><p>Shower Body Wipes, 40 Individually Wrapped Personal Hygiene Body Wipes for Women and Men, Keep Clean After Gym Travel Camping Outdoors Sports</p><p>$33.99 ($0.85 / Count)</p><a href="https://www.amazon.com/dp/B07MN8ZD21?tag=eloabder-20&linkCode=osi&th=1&psc=1">View Product</a></div><div class="product"><a href="https://www.amazon.com/dp/B0BYSJ59PH?tag=eloabder-20&linkCode=osi&th=1&psc=1"><img src="https://m.media-amazon.com/images/I/41fN7Aq0YsL._SL500_.jpg" alt="Product Image"></a><p>Portable Peri Bottle for Postpartum & Perineal Care: Easy
Home Handheld Bidet Perfect for Personal Hygiene Cleaning & Travel Friendly | 380ml Leakproof & Convenient Design | EPB-01 Purple</p><p>$13.99 ($13.99 / Count)</p><a href="https://www.amazon.com/dp/B0BYSJ59PH?tag=eloabder-20&linkCode=osi&th=1&psc=1">View Product</a></div>

<div class="product"><a href="https://www.amazon.com/dp/B0CZ6PVVSP?tag=eloabder-20&linkCode=osi&th=1&psc=1"><img src="https://m.media-amazon.com/images/I/41Edr6RdDDL._SL500_.jpg" alt="Product Image"></a><p>Nieteyrue Updated Vaginial Cream Applicators (40 Packs) Disposable Dosage Markings Plastic Individually Wrapped Fit to Most Cream, Gels, Lub-ric-ants, Feminine Care Vaginial Applicators</p><p>$16.99 ($0.42 / Count)</p><a href="https://www.amazon.com/dp/B0CZ6PVVSP?tag=eloabder-20&linkCode=osi&th=1&psc=1">View Product</a></div><div class="product"><a href="https://www.amazon.com/dp/B0D2L35LLP?tag=eloabder-20&linkCode=osi&th=1&psc=1"><img src="https://m.media-amazon.com/images/I/41SAiDtZfHL._SL500_.jpg" alt="Product Image"></a><p>(16 Pcs) Hearing Aid Wax Guard Filter for Starkey Prowax Minifit Hear Clear Accessories,Starkey Prowax Filters(1.5mm) Hearing Aids Supplies,Ear Replacement Parts Cleaning Kit Tool（2 Pack）</p><p>$7.99 ($0.50 / Count)</p><a href="https://www.amazon.com/dp/B0D2L35LLP?tag=eloabder-20&linkCode=osi&th=1&psc=1">View Product</a></div>
<div class="product"><a href="https://www.amazon.com/dp/B0CDZJ9JJC?tag=eloabder-20&linkCode=osi&th=1&psc=1"><img src="https://m.media-amazon.com/images/I/51eaQ4M7l3L._SL500_.jpg" alt="Product Image"></a><p>Charmin Ultra Soft Toilet Paper 6 Mega Rolls = 24 Regular Rolls</p><p>$7.97 ($0.59 / 100 Sheets)</p><a href="https://www.amazon.com/dp/B0CDZJ9JJC?tag=eloabder-20&linkCode=osi&th=1&psc=1">View Product</a></div><div class="product"><a href="https://www.amazon.com/dp/B07BGLT25K?tag=eloabder-20&linkCode=osi&th=1&psc=1"><img src="https://m.media-amazon.com/images/I/51E4cTD1y1L._SL500_.jpg" alt="Product Image"></a><p>Scott ComfortPlus Toilet Paper, 12 Double Rolls, 231 Sheets per Roll, Septic-Safe, 1-Ply Toilet Tissue</p><p>$5.99 ($0.22 / 100 Sheets)</p><a href="https://www.amazon.com/dp/B07BGLT25K?tag=eloabder-20&linkCode=osi&th=1&psc=1">View Product</a></div><div class="product"><a href="https://www.amazon.com/dp/B0CKK43XXS?tag=eloabder-20&linkCode=osi&th=1&psc=1"><img src="https://m.media-amazon.com/images/I/51H5mXFgbsL._SL500_.jpg" alt="Product Image"></a><p>Scott Paper Towels, Choose-A-Sheet, 6 Double Rolls = 12 Regular Rolls (100 Sheets Per Roll)</p><p>$6.84 ($1.14 / 100 Sheets)</p><a href="https://www.amazon.com/dp/B0CKK43XXS?tag=eloabder-20&linkCode=osi&th=1&psc=1">View Product</a></div><div class="product"><a href="https://www.amazon.com/dp/B0BB3JGBH5?tag=eloabder-20&linkCode=osi&th=1&psc=1"><img src="https://m.media-amazon.com/images/I/51qDQ2GH7sL._SL500_.jpg" alt="Product Image"></a><p>Quilted Northern Ultra Plush Toilet Paper, 6 Mega Rolls = 24 Regular Rolls, 3X Thicker*, 3 Ply Soft Toilet Tissue</p><p>$6.98 ($0.46 / 100 Sheets)</p><a href="https://www.amazon.com/dp/B0BB3JGBH5?tag=eloabder-20&linkCode=osi&th=1&psc=1">View Product</a></div><div class="product"><a href="https://www.amazon.com/dp/B09NW81TH8?tag=eloabder-20&linkCode=osi&th=1&psc=1"><img src="https://m.media-amazon.com/images/I/31qATnww2+L._SL500_.jpg" alt="Product Image"></a><p>Angel Soft Toilet Paper, 16 Mega Rolls = 64 Regular Rolls, Soft and Strong Toilet Tissue</p><p>$12.49 ($0.24 / 100 Sheets)</p><a href="https://www.amazon.com/dp/B09NW81TH8?tag=eloabder-20&linkCode=osi&th=1&psc=1">View Product</a></div><div class="product"><a href="https://www.amazon.com/dp/B0CH8LDMMS?tag=eloabder-20&linkCode=osi&th=1&psc=1"><img src="https://m.media-amazon.com/images/I/51nChMBC32L._SL500_.jpg" alt="Product Image"></a><p>AIDEA Laundry Detergent Sheets, Eco-Friendly Laundry Detergent, Washer Sheets Detergent, No Plastic Jug, Laundry Soap Sheets For Travel, Home Washing, Fresh Scent-(160 Loads) 80 Sheets</p><p>$6.99 ($0.04 / Load)</p><a href="https://www.amazon.com/dp/B0CH8LDMMS?tag=eloabder-20&linkCode=osi&th=1&psc=1">View Product</a></div>
<div class="product"><a href="https://www.amazon.com/dp/B086PHR52V?tag=eloabder-20&linkCode=osi&th=1&psc=1"><img src="https://m.media-amazon.com/images/I/519QOCq89xL._SL500_.jpg" alt="Product Image"></a><p>Viva Naturals Elderberry with Vitamin C and Zinc for Adults - 5 in 1 Sambucus Black Elderberry Capsules with Vitamin D3 5000 IU, Elderberries Immune Support Supplement 2 Months Supply Pills</p><p>$24.95 ($0.21 / Count)</p><a href="https://www.amazon.com/dp/B086PHR52V?tag=eloabder-20&linkCode=osi&th=1&psc=1">View Product</a></div><div class="product"><a href="https://www.amazon.com/dp/B08RPB34NR?tag=eloabder-20&linkCode=osi&th=1&psc=1"><img src="https://m.media-amazon.com/images/I/51GlheVabKL._SL500_.jpg" alt="Product Image"></a><p>8 in 1 Immune Support Booster Supplement with Echinacea, Vitamin C and Zinc 50mg, Vitamin D 5000 IU, Turmeric Curcumin & Ginger, B6, Elderberry 120 Count (Pack of 2)</p><p>$27.95 ($0.23 / Count)</p><a href="https://www.amazon.com/dp/B08RPB34NR?tag=eloabder-20&linkCode=osi&th=1&psc=1">View Product</a></div><div class="product"><a href="https://www.amazon.com/dp/B07JGW2JKF?tag=eloabder-20&linkCode=osi&th=1&psc=1"><img src="https://m.media-amazon.com/images/I/412JKfC+qLL._SL500_.jpg" alt="Product Image"></a><p>Amazon Basics Adult Multivitamin, 150 Gummies, 75-Day Supply, Mixed Berry & Cherry (Previously Solimo)</p><p>$8.42 ($0.06 / Count)</p><a href="https://www.amazon.com/dp/B07JGW2JKF?tag=eloabder-20&linkCode=osi&th=1&psc=1">View Product</a></div><div class="product"><a href="https://www.amazon.com/dp/B007L0DPE0?tag=eloabder-20&linkCode=osi&th=1&psc=1"><img src="https://m.media-amazon.com/images/I/41u67LVdJFL._SL500_.jpg" alt="Product Image"></a><p>Vitafusion Womens Multivitamin Gummies, Berry Flavored Daily Vitamins for Women With Vitamins A, C, D, E, B-6 and B-12, America’s Number 1 Gummy Vitamin Brand, 75 Days Supply, 150 Count</p><p>$11.99 ($0.08 / Count)</p><a href="https://www.amazon.com/dp/B007L0DPE0?tag=eloabder-20&linkCode=osi&th=1&psc=1">View Product</a></div><div class="product"><a href="https://www.amazon.com/dp/B00DS5BGDY?tag=eloabder-20&linkCode=osi&th=1&psc=1"><img src="https://m.media-amazon.com/images/I/41zXI0XuNYL._SL500_.jpg" alt="Product Image"></a><p>Nature Made Vitamin B12 1000 mcg, Dietary Supplement for Energy Metabolism Support, 150 Softgels, 150 Day Supply</p><p>$9.98 ($0.07 / Count)</p><a href="https://www.amazon.com/dp/B00DS5BGDY?tag=eloabder-20&linkCode=osi&th=1&psc=1">View Product</a></div><div class="product"><a href="https://www.amazon.com/dp/B004U3Y8OM?tag=eloabder-20&linkCode=osi&th=1&psc=1"><img src="https://m.media-amazon.com/images/I/41FAeb-VvJL._SL500_.jpg" alt="Product Image"></a><p>Nature Made Vitamin D3 1000 IU (25 mcg), Dietary Supplement for Bone, Teeth, Muscle and Immune Health Support, 300 Softgels, 300 Day Supply</p><p>$12.35 ($0.04 / Count)</p><a href="https://www.amazon.com/dp/B004U3Y8OM?tag=eloabder-20&linkCode=osi&th=1&psc=1">View Product</a></div><div class="product"><a href="https://www.amazon.com/dp/B002QO00YO?tag=eloabder-20&linkCode=osi&th=1&psc=1"><img src="https://m.media-amazon.com/images/I/41SQ-7dbsHL._SL500_.jpg" alt="Product Image"></a><p>Nature Made Vitamin D3 2000 IU (50 mcg), Dietary Supplement for Bone, Teeth, Muscle and Immune Health Support, 90 Softgels, 90 Day Supply</p><p>$6.28 ($0.07 / Count)</p><a href="https://www.amazon.com/dp/B002QO00YO?tag=eloabder-20&linkCode=osi&th=1&psc=1">View Product</a></div><div class="product"><a href="https://www.amazon.com/dp/B09KCCVL9V?tag=eloabder-20&linkCode=osi&th=1&psc=1"><img src="https://m.media-amazon.com/images/I/419o0W0LJgL._SL500_.jpg" alt="Product Image"></a><p>Centrum Silver Women's Multivitamin for Women 50 Plus, Multivitamin/Multimineral Supplement with Vitamin D3, B Vitamins, Non-GMO Ingredients, Supports Memory and Cognition in Older Adults - 200 Ct</p><p>$15.99 ($0.08 / Count)</p><a href="https://www.amazon.com/dp/B09KCCVL9V?tag=eloabder-20&linkCode=osi&th=1&psc=1">View Product</a></div><div class="product"><a href="https://www.amazon.com/dp/B004QQ9LVS?tag=eloabder-20&linkCode=osi&th=1&psc=1"><img src="https://m.media-amazon.com/images/I/41YF4lk0WwL._SL500_.jpg" alt="Product Image"></a><p>SmartyPants Kids Multivitamin Gummies: Omega 3 Fish Oil (EPA/DHA), Vitamin D3, C, Vitamin B12, B6, Vitamin A, K & Zinc for Immune Support, Gluten Free, Three Fruit Flavors, 120 Count (30 Day Supply)</p><p>$19.81 ($0.17 / Count)</p><a href="https://www.amazon.com/dp/B004QQ9LVS?tag=eloabder-20&linkCode=osi&th=1&psc=1">View Product</a></div><div class="product"><a href="https://www.amazon.com/dp/B0000DJASY?tag=eloabder-20&linkCode=osi&th=1&psc=1"><img src="https://m.media-amazon.com/images/I/41PwuIsYASL._SL500_.jpg" alt="Product Image"></a><p>Nature Made Extra Strength Vitamin C 1000 mg, Dietary Supplement for Immune Support, 100 Tablets, 100 Day Supply</p><p>$9.50 ($0.10 / Count)</p><a href="https://www.amazon.com/dp/B0000DJASY?tag=eloabder-20&linkCode=osi&th=1&psc=1">View Product</a></div>
<div class="product"><a href="https://www.amazon.com/dp/B01DBTFO98?tag=eloabder-20&linkCode=osi&th=1&psc=1"><img src="https://m.media-amazon.com/images/I/61+VtB3+QPL._SL500_.jpg" alt="Product Image"></a><p>Turmeric Curcumin with Black Pepper Extract 1500mg - High Absorption Ultra Potent Turmeric Supplement with 95% Curcuminoids and BioPerine - Non GMO Turmeric Capsules for Joint Support - 90 Capsules</p><p>$18.79 ($0.21 / Count)</p><a href="https://www.amazon.com/dp/B01DBTFO98?tag=eloabder-20&linkCode=osi&th=1&psc=1">View Product</a></div><div class="product"><a href="https://www.amazon.com/dp/B0BG6TGKZS?tag=eloabder-20&linkCode=osi&th=1&psc=1"><img src="https://m.media-amazon.com/images/I/41aCogcx9OL._SL500_.jpg" alt="Product Image"></a><p>Clean Nutraceuticals Lions Mane 3000mg 20in1 Mushroom Supplement with Turkey Tail 2000mg Reishi 1000mg Cordyceps Chaga 1000mg Maitake Meshima Poria Cocos Shiitake Oyster Porcini Enoki 60 Count</p><p>$29.95 ($0.50 / Count)</p><a href="https://www.amazon.com/dp/B0BG6TGKZS?tag=eloabder-20&linkCode=osi&th=1&psc=1">View Product</a></div><div class="product"><a href="https://www.amazon.com/dp/B08YLTCDTN?tag=eloabder-20&linkCode=osi&th=1&psc=1"><img src="https://m.media-amazon.com/images/I/41aybXdjmLL._SL500_.jpg" alt="Product Image"></a><p>Nature's Bounty Zinc 50mg, Immune Support & Antioxidant Supplement, Promotes Skin Health 250 Caplets</p><p>$9.48 ($0.04 / Count)</p><a href="https://www.amazon.com/dp/B08YLTCDTN?tag=eloabder-20&linkCode=osi&th=1&psc=1">View Product</a></div><div class="product"><a href="https://www.amazon.com/dp/B07TK5K5TQ?tag=eloabder-20&linkCode=osi&th=1&psc=1"><img src="https://m.media-amazon.com/images/I/41S-Rt0xcrL._SL500_.jpg" alt="Product Image"></a><p>TRU NIAGEN Patented NAD+ Supplement for Anti Aging and Cell Regeneration, 300 mg Niagen, 30 Servings | Supports Cellular Energy, Brain, Muscle | Nicotinamide Riboside (NR) Take 1 Daily | 1 Bottle</p><p>$45.90 ($1.53 / Count)</p><a href="https://www.amazon.com/dp/B07TK5K5TQ?tag=eloabder-20&linkCode=osi&th=1&psc=1">View Product</a></div><div class="product"><a href="https://www.amazon.com/dp/B08HHQWBBZ?tag=eloabder-20&linkCode=osi&th=1&psc=1"><img src="https://m.media-amazon.com/images/I/51LeIP217fL._SL500_.jpg" alt="Product Image"></a><p>NutriFlair Premium Berberine HCL 1200mg, 120 Capsules - plus Pure True Ceylon Cinnamon, Berberine HCI Root Supplements Pills - immune system, healthy weight management</p><p>$26.99 ($0.22 / Count)</p><a href="https://www.amazon.com/dp/B08HHQWBBZ?tag=eloabder-20&linkCode=osi&th=1&psc=1">View Product</a></div><div class="product"><a href="https://www.amazon.com/dp/B078SH8WGC?tag=eloabder-20&linkCode=osi&th=1&psc=1"><img src="https://m.media-amazon.com/images/I/51z5QG2DZKL._SL500_.jpg" alt="Product Image"></a><p>Turmeric Curcumin with BioPerine & Ginger 95% Curcuminoids 1950mg - Black Pepper Extract for Max Absorption, Nature's Joint Support Supplement, Herbal Turmeric Pills, Vegan Non-GMO - 120 Capsules</p><p>$16.82 ($0.14 / Count)</p><a href="https://www.amazon.com/dp/B078SH8WGC?tag=eloabder-20&linkCode=osi&th=1&psc=1">View Product</a></div><div class="product"><a href="https://www.amazon.com/dp/B0000DJAQU?tag=eloabder-20&linkCode=osi&th=1&psc=1"><img src="https://m.media-amazon.com/images/I/41c7alI7ydL._SL500_.jpg" alt="Product Image"></a><p>Nature Made Fish Oil 1200 mg Softgels, Fish Oil Supplements, Omega 3 Fish Oil for Healthy Heart Support, Omega 3 Supplement with 100 Softgels, 50 Day Supply</p><p>$9.99 ($0.10 / Count)</p><a href="https://www.amazon.com/dp/B0000DJAQU?tag=eloabder-20&linkCode=osi&th=1&psc=1">View Product</a></div><div class="product"><a href="https://www.amazon.com/dp/B01BMDAVIY?tag=eloabder-20&linkCode=osi&th=1&psc=1"><img src="https://m.media-amazon.com/images/I/31KIpekdbRL._SL500_.jpg" alt="Product Image"></a><p>NatureWise Curcumin Turmeric 2250mg | 95% Curcuminoids & BioPerine Black Pepper Extract | Advanced Absorption for Joint Support [2 Month Supply - 180 Count]</p><p>$21.49 ($0.12 / Count)</p><a href="https://www.amazon.com/dp/B01BMDAVIY?tag=eloabder-20&linkCode=osi&th=1&psc=1">View Product</a></div><div class="product"><a href="https://www.amazon.com/dp/B074QHCL9Z?tag=eloabder-20&linkCode=osi&th=1&psc=1"><img src="https://m.media-amazon.com/images/I/416o-Si5NIL._SL500_.jpg" alt="Product Image"></a><p>Nature Made Turmeric Curcumin 500 mg, Herbal Supplement for Antioxidant Support, 120 Capsules, 120 Day Supply</p><p>$17.28 ($0.14 / Count)</p><a href="https://www.amazon.com/dp/B074QHCL9Z?tag=eloabder-20&linkCode=osi&th=1&psc=1">View Product</a></div><div class="product"><a href="https://www.amazon.com/dp/B0CV9JW4DS?tag=eloabder-20&linkCode=osi&th=1&psc=1"><img src="https://m.media-amazon.com/images/I/51L8z3xzNsL._SL500_.jpg" alt="Product Image"></a><p>Zoyava Dynamic Vitality Bundle, Sea Moss and Shilajit Bundle, Sea Moss 7000mg, Black Seed Oil 4000mg, Ashwagandha 2000mg, Ginger & Shilajit 9000mg, Rhodiola Rosea 1000mg, Panax Ginseng (60 Count)</p><p>$31.99 ($0.53 / Count)</p><a href="https://www.amazon.com/dp/B0CV9JW4DS?tag=eloabder-20&linkCode=osi&th=1&psc=1">View Product</a></div>
<div class="product"><a href="https://www.amazon.com/dp/B01AB4U6PI?tag=eloabder-20&linkCode=osi&th=1&psc=1"><img src="https://m.media-amazon.com/images/I/41rff0KTJnL._SL500_.jpg" alt="Product Image"></a><p>Salonpas Pain Relieving Patch for Back, Neck, Shoulder, Knee Pain and Muscle Soreness - 8 Hour Pain Relief - 60 Count</p><p>$10.34 ($0.17 / Count)</p><a href="https://www.amazon.com/dp/B01AB4U6PI?tag=eloabder-20&linkCode=osi&th=1&psc=1">View Product</a></div><div class="product"><a href="https://www.amazon.com/dp/B0CTTF514L?tag=eloabder-20&linkCode=osi&th=1&psc=1"><img src="https://m.media-amazon.com/images/I/51akRPk18aL._SL500_.jpg" alt="Product Image"></a><p>Advil Targeted Relief Pain Relieving Cream with Massage Applicator, Up to 8 Hours of Powerful Relief of Joint Pain, Lower Back Pain and Muscle Pain, 2.5 oz</p><p>$13.63 ($5.45 / Ounce)</p><a href="https://www.amazon.com/dp/B0CTTF514L?tag=eloabder-20&linkCode=osi&th=1&psc=1">View Product</a></div><div class="product"><a href="https://www.amazon.com/dp/B084ZMMVQS?tag=eloabder-20&linkCode=osi&th=1&psc=1"><img src="https://m.media-amazon.com/images/I/51yLIRFzDGL._SL500_.jpg" alt="Product Image"></a><p>Voltaren Arthritis Pain Gel for Powerful Topical Arthritis Pain Relief - NEW Easy Open Cap - 100 g x 2</p><p>$26.36 ($3.77 / Ounce)</p><a href="https://www.amazon.com/dp/B084ZMMVQS?tag=eloabder-20&linkCode=osi&th=1&psc=1">View Product</a></div><div class="product"><a href="https://www.amazon.com/dp/B01ITWHT7C?tag=eloabder-20&linkCode=osi&th=1&psc=1"><img src="https://m.media-amazon.com/images/I/41KR-44GBTL._SL500_.jpg" alt="Product Image"></a><p>Salonpas Pain Relieving Patch, LARGE, 6 Count, for Back, Neck, Shoulder, Knee Pain and Muscle Soreness, 8 Hour Pain Relief</p><p>$5.23 ($0.87 / Count)</p><a href="https://www.amazon.com/dp/B01ITWHT7C?tag=eloabder-20&linkCode=osi&th=1&psc=1">View Product</a></div><div class="product"><a href="https://www.amazon.com/dp/B0CTTPJSYP?tag=eloabder-20&linkCode=osi&th=1&psc=1"><img src="https://m.media-amazon.com/images/I/51McdhdZDjL._SL500_.jpg" alt="Product Image"></a><p>Advil Targeted Relief Pain Relieving Cream, Up to 8 Hours of Powerful Relief of Joint Pain, Lower Back Pain and Muscle Pain - 2.3 oz</p><p>$10.98 ($4.77 / Ounce)</p><a href="https://www.amazon.com/dp/B0CTTPJSYP?tag=eloabder-20&linkCode=osi&th=1&psc=1">View Product</a></div><div class="product"><a href="https://www.amazon.com/dp/B074F2H9VT?tag=eloabder-20&linkCode=osi&th=1&psc=1"><img src="https://m.media-amazon.com/images/I/31h55XAq3BL._SL500_.jpg" alt="Product Image"></a><p>Amazon Basic Care Extra Strength Pain Relief, Acetaminophen Caplets, 500 mg, 200 Count</p><p>$4.79 ($0.02 / Count)</p><a href="https://www.amazon.com/dp/B074F2H9VT?tag=eloabder-20&linkCode=osi&th=1&psc=1">View Product</a></div><div class="product"><a href="https://www.amazon.com/dp/B00HCQEYCK?tag=eloabder-20&linkCode=osi&th=1&psc=1"><img src="https://m.media-amazon.com/images/I/51D8+ZSqZvL._SL500_.jpg" alt="Product Image"></a><p>Boiron Arnicare Gel for Soothing Relief of Joint Pain, Muscle Pain, Muscle Soreness, and Swelling from Bruises or Injury - Non-greasy and Fragrance-Free - 2.6 oz</p><p>$8.32 ($3.20 / Ounce)</p><a href="https://www.amazon.com/dp/B00HCQEYCK?tag=eloabder-20&linkCode=osi&th=1&psc=1">View Product</a></div><div class="product"><a href="https://www.amazon.com/dp/B0BTMWW333?tag=eloabder-20&linkCode=osi&th=1&psc=1"><img src="https://m.media-amazon.com/images/I/515qvsGXGOL._SL500_.jpg" alt="Product Image"></a><p>Absorbine Jr. PRO Maximum Strength Lidocaine Roll-On for Fast Nerve and Muscle Pain Relief</p><p>$12.97 ($5.19 / Ounce)</p><a href="https://www.amazon.com/dp/B0BTMWW333?tag=eloabder-20&linkCode=osi&th=1&psc=1">View Product</a></div><div class="product"><a href="https://www.amazon.com/dp/B01LXFEY6H?tag=eloabder-20&linkCode=osi&th=1&psc=1"><img src="https://m.media-amazon.com/images/I/31hLnewBXIL._SL500_.jpg" alt="Product Image"></a><p>Biofreeze Pain Relief Gel, Arthritis Pain Reliver, Knee & Lower Back Pain Relief, Sore Muscle Relief, Neck Pain Relief, Pharmacist Recommended, FSA Eligible, 3 FL OZ Biofreeze Menthol Gel</p><p>$10.35 ($3.45 / Ounce)</p><a href="https://www.amazon.com/dp/B01LXFEY6H?tag=eloabder-20&linkCode=osi&th=1&psc=1">View Product</a></div><div class="product"><a href="https://www.amazon.com/dp/B000WZOJCI?tag=eloabder-20&linkCode=osi&th=1&psc=1"><img src="https://m.media-amazon.com/images/I/31jVr3ExroL._SL500_.jpg" alt="Product Image"></a><p>Sombra Warm Pain Relief Gel, 8-Ounce</p><p>$24.09 ($3.01 / Ounce)</p><a href="https://www.amazon.com/dp/B000WZOJCI?tag=eloabder-20&linkCode=osi&th=1&psc=1">View Product</a></div>
<div class="product"><a href="https://www.amazon.com/dp/B09NWH8553?tag=eloabder-20&linkCode=osi&th=1&psc=1"><img src="https://m.media-amazon.com/images/I/515vtwhdqiL._SL500_.jpg" alt="Product Image"></a><p>Johnson & Johnson All-Purpose Portable Compact First Aid Kit for Minor Cuts, Scrapes, Sprains & Burns, Ideal for Home, Car, Travel, Camping and Outdoor Emergencies, 160 pieces</p><p>$15.55</p><a href="https://www.amazon.com/dp/B09NWH8553?tag=eloabder-20&linkCode=osi&th=1&psc=1">View Product</a></div><div class="product"><a href="https://www.amazon.com/dp/B000069EYA?tag=eloabder-20&linkCode=osi&th=1&psc=1"><img src="https://m.media-amazon.com/images/I/51aUpEuI0cL._SL500_.jpg" alt="Product Image"></a><p>First Aid Only 299 Piece All-Purpose First Aid Emergency Kit (FAO-442)</p><p>$17.49</p><a href="https://www.amazon.com/dp/B000069EYA?tag=eloabder-20&linkCode=osi&th=1&psc=1">View Product</a></div><div class="product"><a href="https://www.amazon.com/dp/B076FS9RYL?tag=eloabder-20&linkCode=osi&th=1&psc=1"><img src="https://m.media-amazon.com/images/I/51A3wOry1oL._SL500_.jpg" alt="Product Image"></a><p>General Medi 160 Piece First Aid Kit Bag Refill Kit - Includes Eyewash, Instant Cold Pack, Bandages,Emergency Blanket, Moleskin Pad, Gauze - Extra Replacement Medical Supplies for First Aid</p><p>$18.95</p><a href="https://www.amazon.com/dp/B076FS9RYL?tag=eloabder-20&linkCode=osi&th=1&psc=1">View Product</a></div><div class="product"><a href="https://www.amazon.com/dp/B0CMSVYQW5?tag=eloabder-20&linkCode=osi&th=1&psc=1"><img src="https://m.media-amazon.com/images/I/51R6OcPKsiL._SL500_.jpg" alt="Product Image"></a><p>AZEN 25 Pack Gauze Rolls Bandages, 3 in x 4.1 Yards, Premium Medical Supplies & First Aid Supplies, Bandage Wrap Vet Wrap, Mummy Wraps</p><p>$6.99 ($0.28 / Count)</p><a href="https://www.amazon.com/dp/B0CMSVYQW5?tag=eloabder-20&linkCode=osi&th=1&psc=1">View Product</a></div><div class="product"><a href="https://www.amazon.com/dp/B08P28JYCR?tag=eloabder-20&linkCode=osi&th=1&psc=1"><img src="https://m.media-amazon.com/images/I/51m0p4thWvL._SL500_.jpg" alt="Product Image"></a><p>First Aid Only OSHA-Compliant All-Purpose 100-Person Emergency First Aid Kit for Home, Work, and Travel, 335 Pieces</p><p>$35.65</p><a href="https://www.amazon.com/dp/B08P28JYCR?tag=eloabder-20&linkCode=osi&th=1&psc=1">View Product</a></div><div class="product"><a href="https://www.amazon.com/dp/B08P27LHJ4?tag=eloabder-20&linkCode=osi&th=1&psc=1"><img src="https://m.media-amazon.com/images/I/41Crt9xFJOL._SL500_.jpg" alt="Product Image"></a><p>First Aid Only 91248 OSHA-Compliant All-Purpose 50-Person Emergency First Aid Kit for Home, Work, and Travel, 260 Pieces</p><p>$21.99</p><a href="https://www.amazon.com/dp/B08P27LHJ4?tag=eloabder-20&linkCode=osi&th=1&psc=1">View Product</a></div><div class="product"><a href="https://www.amazon.com/dp/B0084GX1JO?tag=eloabder-20&linkCode=osi&th=1&psc=1"><img src="https://m.media-amazon.com/images/I/31BzSButj2S._SL500_.jpg" alt="Product Image"></a><p>First Aid Only FAE-7011 SmartCompliance Refill Burn Cream Packets, 10 Count</p><p>$3.99 ($0.40 / Count)</p><a href="https://www.amazon.com/dp/B0084GX1JO?tag=eloabder-20&linkCode=osi&th=1&psc=1">View Product</a></div><div class="product"><a href="https://www.amazon.com/dp/B093JSJ2ZF?tag=eloabder-20&linkCode=osi&th=1&psc=1"><img src="https://m.media-amazon.com/images/I/51zutl8x7pS._SL500_.jpg" alt="Product Image"></a><p>Ever Ready First Aid Disposable Cold Compress Therapy Instant Ice Pack for Injuries 4.5" x 7" - 6 Pack</p><p>$8.95 ($1.49 / Count)</p><a href="https://www.amazon.com/dp/B093JSJ2ZF?tag=eloabder-20&linkCode=osi&th=1&psc=1">View Product</a></div><div class="product"><a href="https://www.amazon.com/dp/B00CEK3D8U?tag=eloabder-20&linkCode=osi&th=1&psc=1"><img src="https://m.media-amazon.com/images/I/41JFciltbaL._SL500_.jpg" alt="Product Image"></a><p>First Aid Only 18-012 Hydrocortisone Cream Packets, 12 Count</p><p>$2.49 ($6.55 / Ounce)</p><a href="https://www.amazon.com/dp/B00CEK3D8U?tag=eloabder-20&linkCode=osi&th=1&psc=1">View Product</a></div><div class="product"><a href="https://www.amazon.com/dp/B01LX9UR77?tag=eloabder-20&linkCode=osi&th=1&psc=1"><img src="https://m.media-amazon.com/images/I/51A7ljiKvAL._SL500_.jpg" alt="Product Image"></a><p>Ever Ready First Aid Self Adherent Cohesive Bandages 3" x 5 Yards - 6 Count, Rainbow Colors</p><p>$9.95 ($1.66 / Count)</p><a href="https://www.amazon.com/dp/B01LX9UR77?tag=eloabder-20&linkCode=osi&th=1&psc=1">View Product</a></div>
<div class="product"><a href="https://www.amazon.com/dp/B0D1KXV9ZS?tag=eloabder-20&linkCode=osi&th=1&psc=1"><img src="https://m.media-amazon.com/images/I/311Liu9BWoL._SL500_.jpg" alt="Product Image"></a><p>Vagisil pH Balance Daily Freshening Wipes for Feminine Hygiene in Resealable Pouch, Gynecologist Tested & Hypoallergenic, 20 Wipes (Pack of 1)</p><p>$2.97 ($0.15 / Count)</p><a href="https://www.amazon.com/dp/B0D1KXV9ZS?tag=eloabder-20&linkCode=osi&th=1&psc=1">View Product</a></div><div class="product"><a href="https://www.amazon.com/dp/B000QXH4PK?tag=eloabder-20&linkCode=osi&th=1&psc=1"><img src="https://m.media-amazon.com/images/I/41SXL+-YzcL._SL500_.jpg" alt="Product Image"></a><p>Listerine Cool Mint Pocketpaks Breath Strips Kills Bad Breath Germs, 24-Strip Pack, 3 Pack</p><p>$5.72 ($0.08 / Count)</p><a href="https://www.amazon.com/dp/B000QXH4PK?tag=eloabder-20&linkCode=osi&th=1&psc=1">View Product</a></div><div class="product"><a href="https://www.amazon.com/dp/B0C7BF3ZPK?tag=eloabder-20&linkCode=osi&th=1&psc=1"><img src="https://m.media-amazon.com/images/I/41luSMM-7GL._SL500_.jpg" alt="Product Image"></a><p>Peri Bottle for Postpartum & Perineal Care,Portable Travel Bidet for Personal Hygiene Cleaning,16.9 OZ (1Green)</p><p>$14.49 ($14.49 / Count)</p><a href="https://www.amazon.com/dp/B0C7BF3ZPK?tag=eloabder-20&linkCode=osi&th=1&psc=1">View Product</a></div><div class="product"><a href="https://www.amazon.com/dp/B091MBD3Q3?tag=eloabder-20&linkCode=osi&th=1&psc=1"><img src="https://m.media-amazon.com/images/I/51y96dNQUfL._SL500_.jpg" alt="Product Image"></a><p>GuruNanda Tongue Scraper for Adults (2 Pack) with Travel Case, 420 Medical-Grade 100% Stainless Steel Tongue Cleaner, Aids in Fresh Breath & Oral Care</p><p>$4.97 ($2.48 / Count)</p><a href="https://www.amazon.com/dp/B091MBD3Q3?tag=eloabder-20&linkCode=osi&th=1&psc=1">View Product</a></div><div class="product"><a href="https://www.amazon.com/dp/B0CR9WN3Y1?tag=eloabder-20&linkCode=osi&th=1&psc=1"><img src="https://m.media-amazon.com/images/I/51quPRWZiIL._SL500_.jpg" alt="Product Image"></a><p>G.CATACC Dental Tools, Dental Pick Teeth Cleaning Tools, Dental Hygiene Kit, Plaque Remover for Teeth, Professional Stainless Steel Tooth Scraper Plaque Tartar Cleaner - with Case</p><p>$7.96</p><a href="https://www.amazon.com/dp/B0CR9WN3Y1?tag=eloabder-20&linkCode=osi&th=1&psc=1">View Product</a></div>
<div class="product"><a href="https://www.amazon.com/dp/B09F8FZ18G?tag=eloabder-20&linkCode=osi&th=1&psc=1"><img src="https://m.media-amazon.com/images/I/51WkgqQXqCL._SL500_.jpg" alt="Product Image"></a><p>Crest 3D White Advanced Luminous Mint Teeth Whitening Toothpaste, 3.7 oz Pack of 4 - Helps Remove Surface Stains, Whitens Teeth, Strengthens Tooth Enamel, Protects Against Cavities</p><p>$14.99 ($1.01 / Ounce)</p><a href="https://www.amazon.com/dp/B09F8FZ18G?tag=eloabder-20&linkCode=osi&th=1&psc=1">View Product</a></div><div class="product"><a href="https://www.amazon.com/dp/B005PLQIQ4?tag=eloabder-20&linkCode=osi&th=1&psc=1"><img src="https://m.media-amazon.com/images/I/51DOyE1fx2L._SL500_.jpg" alt="Product Image"></a><p>Crest + Scope Complete Whitening Toothpaste - Pack of 3, 5.4 Oz Tubes - Anticavity Fluoride Toothpaste - Fresh Breath, Kills Germs - Tartar Protection, Enamel Protection - Minty Fresh Flavor</p><p>$8.99 ($0.55 / Ounce)</p><a href="https://www.amazon.com/dp/B005PLQIQ4?tag=eloabder-20&linkCode=osi&th=1&psc=1">View Product</a></div><div class="product"><a href="https://www.amazon.com/dp/B01BNHREXE?tag=eloabder-20&linkCode=osi&th=1&psc=1"><img src="https://m.media-amazon.com/images/I/41J8piWJzLL._SL500_.jpg" alt="Product Image"></a><p>Colgate Baking Soda & Peroxide Toothpaste - Whitens Teeth, Fights Cavities & Removes Stains, Brisk Mint, 6 Ounce (Pack of 2)</p><p>$3.78 ($0.32 / Ounce)</p><a href="https://www.amazon.com/dp/B01BNHREXE?tag=eloabder-20&linkCode=osi&th=1&psc=1">View Product</a></div><div class="product"><a href="https://www.amazon.com/dp/B08S8QNW2K?tag=eloabder-20&linkCode=osi&th=1&psc=1"><img src="https://m.media-amazon.com/images/I/51uFURqklfL._SL500_.jpg" alt="Product Image"></a><p>Crest Complete Active Fresh + Whitening Toothpaste, 5.5oz (Pack of 4)</p><p>$10.99 ($0.50 / Ounce)</p><a href="https://www.amazon.com/dp/B08S8QNW2K?tag=eloabder-20&linkCode=osi&th=1&psc=1">View Product</a></div><div class="product"><a href="https://www.amazon.com/dp/B0BLJ68F9R?tag=eloabder-20&linkCode=osi&th=1&psc=1"><img src="https://m.media-amazon.com/images/I/51ccJX66fBL._SL500_.jpg" alt="Product Image"></a><p>Crest Pro-Health Clean Mint Toothpaste (4.3oz) Triple Pack</p><p>$8.97 ($0.70 / Ounce)</p><a href="https://www.amazon.com/dp/B0BLJ68F9R?tag=eloabder-20&linkCode=osi&th=1&psc=1">View Product</a></div><div class="product"><a href="https://www.amazon.com/dp/B07C1ZQ5ZY?tag=eloabder-20&linkCode=osi&th=1&psc=1"><img src="https://m.media-amazon.com/images/I/41RgpjDdTeL._SL500_.jpg" alt="Product Image"></a><p>Sensodyne Repair and Protect Whitening Toothpaste, Toothpaste for Sensitive Teeth and Cavity Prevention, 3.4 oz (Pack of 2)</p><p>$12.48 ($1.84 / Ounce)</p><a href="https://www.amazon.com/dp/B07C1ZQ5ZY?tag=eloabder-20&linkCode=osi&th=1&psc=1">View Product</a></div><div class="product"><a href="https://www.amazon.com/dp/B0CQKNQ2GR?tag=eloabder-20&linkCode=osi&th=1&psc=1"><img src="https://m.media-amazon.com/images/I/414VWUZJYvL._SL500_.jpg" alt="Product Image"></a><p>Crest 3D White Advanced Teeth Whitening Toothpaste, Radiant Mint, 3.3 oz, Pack of 3</p><p>$12.97 ($1.31 / Ounce)</p><a href="https://www.amazon.com/dp/B0CQKNQ2GR?tag=eloabder-20&linkCode=osi&th=1&psc=1">View Product</a></div><div class="product"><a href="https://www.amazon.com/dp/B082F1QH7S?tag=eloabder-20&linkCode=osi&th=1&psc=1"><img src="https://m.media-amazon.com/images/I/41QujaAN0gL._SL500_.jpg" alt="Product Image"></a><p>Colgate Optic White Advanced Hydrogen Peroxide Toothpaste, Teeth Whitening Toothpaste Pack, Enamel-Safe Formula, Helps Remove Tea, Coffee, and Wine Stains, Sparkling White, 3 Pack, 3.2 oz</p><p>$12.96 ($1.35 / Ounce)</p><a href="https://www.amazon.com/dp/B082F1QH7S?tag=eloabder-20&linkCode=osi&th=1&psc=1">View Product</a></div><div class="product"><a href="https://www.amazon.com/dp/B09VK1RKM8?tag=eloabder-20&linkCode=osi&th=1&psc=1"><img src="https://m.media-amazon.com/images/I/51Kb2dMe82L._SL500_.jpg" alt="Product Image"></a><p>Arm & Hammer Advance White Toothpaste, Clean Mint Flavor, Stain Defense Technology, 6 Ounce (Pack of 4)</p><p>$13.96 ($0.58 / Ounce)</p><a href="https://www.amazon.com/dp/B09VK1RKM8?tag=eloabder-20&linkCode=osi&th=1&psc=1">View Product</a></div>
<div class="product"><a href="https://www.amazon.com/dp/B00CC6XSRC?tag=eloabder-20&linkCode=osi&th=1&psc=1"><img src="https://m.media-amazon.com/images/I/41OKKVbMN-L._SL500_.jpg" alt="Product Image"></a><p>Colgate Extra Clean Toothbrush, Medium Bulk Toothbrush Pack, Adult Medium Bristle Toothbrushes with Ergonomic Handle and Circular Cleaning Bristles, Helps Remove Surface Stains, 6 Pack</p><p>$4.96 ($0.83 / Count)</p><a href="https://www.amazon.com/dp/B00CC6XSRC?tag=eloabder-20&linkCode=osi&th=1&psc=1">View Product</a></div><div class="product"><a href="https://www.amazon.com/dp/B06XK2M3H3?tag=eloabder-20&linkCode=osi&th=1&psc=1"><img src="https://m.media-amazon.com/images/I/41tntn0c7BL._SL500_.jpg" alt="Product Image"></a><p>Oral-B Vivid Dual Action Whitening Toothbrushes, Soft, 4 Count (Packaging and Product Color May Vary)</p><p>$7.69 ($1.92 / Count)</p><a href="https://www.amazon.com/dp/B06XK2M3H3?tag=eloabder-20&linkCode=osi&th=1&psc=1">View Product</a></div><div class="product"><a href="https://www.amazon.com/dp/B01KZ6V00W?tag=eloabder-20&linkCode=osi&th=1&psc=1"><img src="https://m.media-amazon.com/images/I/51+dIaobkXL._SL500_.jpg" alt="Product Image"></a><p>Oral-B CrossAction All In One Soft Toothbrushes, Deep Plaque Removal, Rounded Bristles Gentle on Teeth, Tongue and Cheek Cleaner, Gum Stimulators, 6 Count</p><p>$17.97 ($3.00 / Count)</p><a href="https://www.amazon.com/dp/B01KZ6V00W?tag=eloabder-20&linkCode=osi&th=1&psc=1">View Product</a></div><div class="product"><a href="https://www.amazon.com/dp/B08QWYMMYL?tag=eloabder-20&linkCode=osi&th=1&psc=1"><img src="https://m.media-amazon.com/images/I/41WAFKNB0iL._SL500_.jpg" alt="Product Image"></a><p>Amazon Basics Clean Plus Toothbrushes, Soft, Full, 10 Count, Assorted Colors (Previously Solimo)</p><p>$5.28 ($0.53 / Count)</p><a href="https://www.amazon.com/dp/B08QWYMMYL?tag=eloabder-20&linkCode=osi&th=1&psc=1">View Product</a></div><div class="product"><a href="https://www.amazon.com/dp/B07S9GV83R?tag=eloabder-20&linkCode=osi&th=1&psc=1"><img src="https://m.media-amazon.com/images/I/41ziiRLsaEL._SL500_.jpg" alt="Product Image"></a><p>Colgate 360 Optic White Advanced Whitening Toothbrush, Adult Medium Toothbrush with Whitening Cups, Helps Whiten Teeth and Removes Odor Causing Bacteria, 2 Pack</p><p>$6.96 ($3.48 / Count)</p><a href="https://www.amazon.com/dp/B07S9GV83R?tag=eloabder-20&linkCode=osi&th=1&psc=1">View Product</a></div><div class="product"><a href="https://www.amazon.com/dp/B09HSS29YD?tag=eloabder-20&linkCode=osi&th=1&psc=1"><img src="https://m.media-amazon.com/images/I/41nh2h+aUpL._SL500_.jpg" alt="Product Image"></a><p>Reach Essentials Toothbrush with Toothbrush Covers, Multi-Angled Medium Bristles, Contoured Handle, Tongue Scraper, 6 Count</p><p>$3.98 ($0.66 / Count)</p><a href="https://www.amazon.com/dp/B09HSS29YD?tag=eloabder-20&linkCode=osi&th=1&psc=1">View Product</a></div><div class="product"><a href="https://www.amazon.com/dp/B08JQCZ71B?tag=eloabder-20&linkCode=osi&th=1&psc=1"><img src="https://m.media-amazon.com/images/I/41Zvcj-EvDL._SL500_.jpg" alt="Product Image"></a><p>Reach Essentials Toothbrush with Toothbrush Caps, Multi-Zoned Angled Soft Bristles, Contoured Handle, Tongue Scraper, 6 Count</p><p>$3.98 ($0.66 / Count)</p><a href="https://www.amazon.com/dp/B08JQCZ71B?tag=eloabder-20&linkCode=osi&th=1&psc=1">View Product</a></div><div class="product"><a href="https://www.amazon.com/dp/B07MH9CH76?tag=eloabder-20&linkCode=osi&th=1&psc=1"><img src="https://m.media-amazon.com/images/I/41skjrL65LL._SL500_.jpg" alt="Product Image"></a><p>Oral-B Charcoal Toothbrushes, Medium 2ct</p><p>$5.67 ($2.84 / Count)</p><a href="https://www.amazon.com/dp/B07MH9CH76?tag=eloabder-20&linkCode=osi&th=1&psc=1">View Product</a></div><div class="product"><a href="https://www.amazon.com/dp/B005LB75NI?tag=eloabder-20&linkCode=osi&th=1&psc=1"><img src="https://m.media-amazon.com/images/I/41-l+TIj4rS._SL500_.jpg" alt="Product Image"></a><p>NIMBUS Extra Soft Toothbrushes (Regular Size Head), Periodontist Design Tapered Bristles for Sensitive Teeth & Receding Gums (5 Pack, Colors May Vary)</p><p>$18.99 ($3.80 / Count)</p><a href="https://www.amazon.com/dp/B005LB75NI?tag=eloabder-20&linkCode=osi&th=1&psc=1">View Product</a></div>
<div class="product"><a href="https://www.amazon.com/dp/B00IRKRK9O?tag=eloabder-20&linkCode=osi&th=1&psc=1"><img src="https://m.media-amazon.com/images/I/51oNh1DLVjL._SL500_.jpg" alt="Product Image"></a><p>TheraBreath Fresh Breath Mouthwash, Icy Mint Flavor, Alcohol-Free, 16 Fl Oz (Pack of 2)</p><p>$15.34 ($0.48 / Fl Oz)</p><a href="https://www.amazon.com/dp/B00IRKRK9O?tag=eloabder-20&linkCode=osi&th=1&psc=1">View Product</a></div><div class="product"><a href="https://www.amazon.com/dp/B08MFWB9DY?tag=eloabder-20&linkCode=osi&th=1&psc=1"><img src="https://m.media-amazon.com/images/I/41EFMnoVtWL._SL500_.jpg" alt="Product Image"></a><p>Listerine Cool Mint Mouthwash, Kills 99.9% of Germs That Cause Bad Breath, Plaque and Gingivitis, Antiseptic, Cool Mint Flavor, 1 L (Pack of 2)</p><p>$21.98 ($0.33 / Count)</p><a href="https://www.amazon.com/dp/B08MFWB9DY?tag=eloabder-20&linkCode=osi&th=1&psc=1">View Product</a></div><div class="product"><a href="https://www.amazon.com/dp/B0126XBQK6?tag=eloabder-20&linkCode=osi&th=1&psc=1"><img src="https://m.media-amazon.com/images/I/41nVZBcG4uL._SL500_.jpg" alt="Product Image"></a><p>Crest Pro-Health Advanced Mouthwash, Alcohol Free, Extra Whitening, Energizing Mint Flavor, 946 mL (32 fl oz)</p><p>$7.32 ($0.23 / Fl Oz)</p><a href="https://www.amazon.com/dp/B0126XBQK6?tag=eloabder-20&linkCode=osi&th=1&psc=1">View Product</a></div><div class="product"><a href="https://www.amazon.com/dp/B0B5Y2G4HH?tag=eloabder-20&linkCode=osi&th=1&psc=1"><img src="https://m.media-amazon.com/images/I/41KhoumiQGL._SL500_.jpg" alt="Product Image"></a><p>Listerine Freshburst Antiseptic Mouthwash for Bad Breath, Kills 99% of Germs That Cause Bad Breath & Fight Plaque & Gingivitis, ADA Accepted Mouthwash, Spearmint, 1 L, Pack of 2</p><p>$13.96 ($0.21 / Fl Oz)</p><a href="https://www.amazon.com/dp/B0B5Y2G4HH?tag=eloabder-20&linkCode=osi&th=1&psc=1">View Product</a></div><div class="product"><a href="https://www.amazon.com/dp/B09HH8SDR6?tag=eloabder-20&linkCode=osi&th=1&psc=1"><img src="https://m.media-amazon.com/images/I/31hUvGiWasL._SL500_.jpg" alt="Product Image"></a><p>Amazon Basics Antiseptic Mouthwash, Blue Mint, 1 Litre, 33.8 Fluid Ounces, 1-Pack (Previously Solimo)</p><p>$6.24 ($0.18 / Fl Oz)</p><a href="https://www.amazon.com/dp/B09HH8SDR6?tag=eloabder-20&linkCode=osi&th=1&psc=1">View Product</a></div><div class="product"><a href="https://www.amazon.com/dp/B003CP12O8?tag=eloabder-20&linkCode=osi&th=1&psc=1"><img src="https://m.media-amazon.com/images/I/41q24Q+sXGL._SL500_.jpg" alt="Product Image"></a><p>Crest Pro Health Multi-Protection Mouthwash with CPC (Cetylpyridinium Chloride), Clean Mint, 1L (33.8 fl oz)</p><p>$4.97 ($0.05 / Fl Oz)</p><a href="https://www.amazon.com/dp/B003CP12O8?tag=eloabder-20&linkCode=osi&th=1&psc=1">View Product</a></div><div class="product"><a href="https://www.amazon.com/dp/B0B5Y7KCS8?tag=eloabder-20&linkCode=osi&th=1&psc=1"><img src="https://m.media-amazon.com/images/I/51Dmtgp-2ZL._SL500_.jpg" alt="Product Image"></a><p>Listerine Total Care Anticavity Fluoride Mouthwash, Kills 99.9% of Germs That cause Bad Breath and Prevents Cavities, Fresh Mint Flavor, 1L (Pack of 2)</p><p>$15.96 ($0.24 / Fl Oz)</p><a href="https://www.amazon.com/dp/B0B5Y7KCS8?tag=eloabder-20&linkCode=osi&th=1&psc=1">View Product</a></div><div class="product"><a href="https://www.amazon.com/dp/B001ET76AI?tag=eloabder-20&linkCode=osi&th=1&psc=1"><img src="https://m.media-amazon.com/images/I/516FU3AGpJL._SL500_.jpg" alt="Product Image"></a><p>TheraBreath Fresh Breath Mouthwash, Mild Mint Flavor, Alcohol-Free, 16 Fl Oz (2-Pack)</p><p>$15.34 ($0.48 / Fl Oz)</p><a href="https://www.amazon.com/dp/B001ET76AI?tag=eloabder-20&linkCode=osi&th=1&psc=1">View Product</a></div><div class="product"><a href="https://www.amazon.com/dp/B0C881GLNM?tag=eloabder-20&linkCode=osi&th=1&psc=1"><img src="https://m.media-amazon.com/images/I/51C2ohy2RWL._SL500_.jpg" alt="Product Image"></a><p>Crest Pro-Health Advanced Mouthwash, Alcohol Free, Multi-Protection, Fresh Mint, 1 L (33.8 fl oz), Pack of 2</p><p>$10.97 ($0.16 / Fl Oz)</p><a href="https://www.amazon.com/dp/B0C881GLNM?tag=eloabder-20&linkCode=osi&th=1&psc=1">View Product</a></div>
<div class="product"><a href="https://www.amazon.com/dp/B0828J5DJ3?tag=eloabder-20&linkCode=osi&th=1&psc=1"><img src="https://m.media-amazon.com/images/I/419pebc+HXL._SL500_.jpg" alt="Product Image"></a><p>Edge Shaving Gel for Men, Sensitive Skin with Aloe, 7oz (3 Pack) - Shaving Gel For Men That Moisturizes, Protects, and Soothes To Help Reduce Skin Irritation (Packaging May Vary)</p><p>$9.71 ($0.46 / Ounce)</p><a href="https://www.amazon.com/dp/B0828J5DJ3?tag=eloabder-20&linkCode=osi&th=1&psc=1">View Product</a></div><div class="product"><a href="https://www.amazon.com/dp/B00NERPNYE?tag=eloabder-20&linkCode=osi&th=1&psc=1"><img src="https://m.media-amazon.com/images/I/41W0Es9KyqL._SL500_.jpg" alt="Product Image"></a><p>Gillette Series 3X Action Shave Gel, Sensitive Twin Pack, 7 Oz (Pack of 2)</p><p>$5.97 ($0.43 / Fl Oz)</p><a href="https://www.amazon.com/dp/B00NERPNYE?tag=eloabder-20&linkCode=osi&th=1&psc=1">View Product</a></div><div class="product"><a href="https://www.amazon.com/dp/B00O4QAF9C?tag=eloabder-20&linkCode=osi&th=1&psc=1"><img src="https://m.media-amazon.com/images/I/41RVD6l-hrL._SL500_.jpg" alt="Product Image"></a><p>NIVEA MEN Sensitive Shave Gel with Vitamin E, Soothing Chamomile and Witch Hazel Extracts, No Drying Alcohols, 3 Pack of 7 Oz Cans</p><p>$12.29 ($0.59 / Ounce)</p><a href="https://www.amazon.com/dp/B00O4QAF9C?tag=eloabder-20&linkCode=osi&th=1&psc=1">View Product</a></div><div class="product"><a href="https://www.amazon.com/dp/B001KYQF3Q?tag=eloabder-20&linkCode=osi&th=1&psc=1"><img src="https://m.media-amazon.com/images/I/31s+x9rJ-qL._SL500_.jpg" alt="Product Image"></a><p>eos Shea Better Shaving Cream- Pomegranate Raspberry, Women's Shave Cream, Skin Care, Doubles as an In-Shower Lotion, 24-Hour Hydration, 7 fl oz</p><p>$3.97 ($0.57 / Fl Oz)</p><a href="https://www.amazon.com/dp/B001KYQF3Q?tag=eloabder-20&linkCode=osi&th=1&psc=1">View Product</a></div><div class="product"><a href="https://www.amazon.com/dp/B001E5E9RK?tag=eloabder-20&linkCode=osi&th=1&psc=1"><img src="https://m.media-amazon.com/images/I/515y2aCFbpL._SL500_.jpg" alt="Product Image"></a><p>Gillette Foamy Shaving Cream, Sensitive Skin, 11 Ounce (Pack of 12)</p><p>$16.74 ($0.25 / Ounce)</p><a href="https://www.amazon.com/dp/B001E5E9RK?tag=eloabder-20&linkCode=osi&th=1&psc=1">View Product</a></div><div class="product"><a href="https://www.amazon.com/dp/B01ALAVIK4?tag=eloabder-20&linkCode=osi&th=1&psc=1"><img src="https://m.media-amazon.com/images/I/41VmDEGM01L._SL500_.jpg" alt="Product Image"></a><p>Gillette Satin Care Ultra Sensitive Shave Gel for Women, Pack of 2, 7oz Each, Frangrance Free</p><p>$5.27 ($0.38 / Fl Oz)</p><a href="https://www.amazon.com/dp/B01ALAVIK4?tag=eloabder-20&linkCode=osi&th=1&psc=1">View Product</a></div><div class="product"><a href="https://www.amazon.com/dp/B00MW3AIHI?tag=eloabder-20&linkCode=osi&th=1&psc=1"><img src="https://m.media-amazon.com/images/I/51Bxum4jbHL._SL500_.jpg" alt="Product Image"></a><p>Barbasol Thick and Rich Shaving Cream, Original 10 oz (Pack of 2)</p><p>$12.47 ($0.12 / Ounce)</p><a href="https://www.amazon.com/dp/B00MW3AIHI?tag=eloabder-20&linkCode=osi&th=1&psc=1">View Product</a></div><div class="product"><a href="https://www.amazon.com/dp/B00005338S?tag=eloabder-20&linkCode=osi&th=1&psc=1"><img src="https://m.media-amazon.com/images/I/31tOr1F5ErL._SL500_.jpg" alt="Product Image"></a><p>Gillette Foamy Regular Shaving Foam, 2 oz</p><p>$1.29 ($0.64 / Ounce)</p><a href="https://www.amazon.com/dp/B00005338S?tag=eloabder-20&linkCode=osi&th=1&psc=1">View Product</a></div><div class="product"><a href="https://www.amazon.com/dp/B00Q1L9Q0W?tag=eloabder-20&linkCode=osi&th=1&psc=1"><img src="https://m.media-amazon.com/images/I/41m5NDPkYuL._SL500_.jpg" alt="Product Image"></a><p>Barbasol Thick & Rich Shaving Cream, Original 10 oz (Value Pack of 3)</p><p>$14.50 ($4.83 / Count)</p><a href="https://www.amazon.com/dp/B00Q1L9Q0W?tag=eloabder-20&linkCode=osi&th=1&psc=1">View Product</a></div>
<div class="product"><a href="https://www.amazon.com/dp/B01H4KQYJY?tag=eloabder-20&linkCode=osi&th=1&psc=1"><img src="https://m.media-amazon.com/images/I/41p2XO+cG8S._SL500_.jpg" alt="Product Image"></a><p>Dorco 100 Piece Prime Double Edge Razor Blades</p><p>$11.25 ($0.11 / Count)</p><a href="https://www.amazon.com/dp/B01H4KQYJY?tag=eloabder-20&linkCode=osi&th=1&psc=1">View Product</a></div><div class="product"><a href="https://www.amazon.com/dp/B07CZCQ481?tag=eloabder-20&linkCode=osi&th=1&psc=1"><img src="https://m.media-amazon.com/images/I/51fV12qs95L._SL500_.jpg" alt="Product Image"></a><p>Amazon Basics 5-Blade MotionSphere Razor for Men with Dual Lubrication and Precision Trimmer, Handle & 16 Cartridges, Cartridges fit, Razor Handles only, 17 Piece Set, Black</p><p>$20.99 ($1.31 / Count)</p><a href="https://www.amazon.com/dp/B07CZCQ481?tag=eloabder-20&linkCode=osi&th=1&psc=1">View Product</a></div><div class="product"><a href="https://www.amazon.com/dp/B0039LMTAQ?tag=eloabder-20&linkCode=osi&th=1&psc=1"><img src="https://m.media-amazon.com/images/I/51tkDAVkmCL._SL500_.jpg" alt="Product Image"></a><p>Gillette Venus Sensitive Women's Disposable Razors - Single Package of 3 Razors</p><p>$6.94</p><a href="https://www.amazon.com/dp/B0039LMTAQ?tag=eloabder-20&linkCode=osi&th=1&psc=1">View Product</a></div><div class="product"><a href="https://www.amazon.com/dp/B0787JNN97?tag=eloabder-20&linkCode=osi&th=1&psc=1"><img src="https://m.media-amazon.com/images/I/41H+SqazA0L._SL500_.jpg" alt="Product Image"></a><p>BIC Soleil Smooth Colors Women's Disposable Razors With Aloe Vera and vitamin E Lubricating Strip for Enhanced Glide, With 3 Blades, 14 Count</p><p>$14.75 ($1.05 / Count)</p><a href="https://www.amazon.com/dp/B0787JNN97?tag=eloabder-20&linkCode=osi&th=1&psc=1">View Product</a></div><div class="product"><a href="https://www.amazon.com/dp/B0001LQGPG?tag=eloabder-20&linkCode=osi&th=1&psc=1"><img src="https://m.media-amazon.com/images/I/51V5N3IVEwL._SL500_.jpg" alt="Product Image"></a><p>Gillette Sensor3 Sensitive Men's Disposable Razor, 4 Razors</p><p>$6.97 ($1.74 / Count)</p><a href="https://www.amazon.com/dp/B0001LQGPG?tag=eloabder-20&linkCode=osi&th=1&psc=1">View Product</a></div><div class="product"><a href="https://www.amazon.com/dp/B000R2WYYQ?tag=eloabder-20&linkCode=osi&th=1&psc=1"><img src="https://m.media-amazon.com/images/I/51EexRfTCRL._SL500_.jpg" alt="Product Image"></a><p>BIC Single Blade Razor, Sensitive, 12 ct</p><p>$3.32 ($0.28 / Count)</p><a href="https://www.amazon.com/dp/B000R2WYYQ?tag=eloabder-20&linkCode=osi&th=1&psc=1">View Product</a></div><div class="product"><a href="https://www.amazon.com/dp/B07CYN88NJ?tag=eloabder-20&linkCode=osi&th=1&psc=1"><img src="https://m.media-amazon.com/images/I/41w0Vc7n8wL._SL500_.jpg" alt="Product Image"></a><p>Amazon Basics 5-Blade Razor for Women, Handle, 12 Cartridges & Shower Hanger (Cartridges fit Amazon Basics Razor Handles only) 14 Piece Set, Blue</p><p>$20.38 ($1.70 / Count)</p><a href="https://www.amazon.com/dp/B07CYN88NJ?tag=eloabder-20&linkCode=osi&th=1&psc=1">View Product</a></div><div class="product"><a href="https://www.amazon.com/dp/B0CP6JTQ4X?tag=eloabder-20&linkCode=osi&th=1&psc=1"><img src="https://m.media-amazon.com/images/I/51XrHMi-S5L._SL500_.jpg" alt="Product Image"></a><p>Gillette Sensor3 Comfort Men's Disposable Razors, 12 Razors</p><p>$14.97 ($1.25 / Count)</p><a href="https://www.amazon.com/dp/B0CP6JTQ4X?tag=eloabder-20&linkCode=osi&th=1&psc=1">View Product</a></div><div class="product"><a href="https://www.amazon.com/dp/B07DZYGDSF?tag=eloabder-20&linkCode=osi&th=1&psc=1"><img src="https://m.media-amazon.com/images/I/51mFm+GwEZL._SL500_.jpg" alt="Product Image"></a><p>Gillette Fusion ProGlide Razors, Men 1 Gillette Razor, 4 Razor Blade Refills, Shields Against Skin Irritation</p><p>$19.99 ($4.00 / Count)</p><a href="https://www.amazon.com/dp/B07DZYGDSF?tag=eloabder-20&linkCode=osi&th=1&psc=1">View Product</a></div><div class="product"><a href="https://www.amazon.com/dp/B003EMNITQ?tag=eloabder-20&linkCode=osi&th=1&psc=1"><img src="https://m.media-amazon.com/images/I/41aNcEj3ViL._SL500_.jpg" alt="Product Image"></a><p>Gillette Venus ComfortGlide White Tea Women's Razor Blade Refills, 6 Count</p><p>$21.97 ($3.66 / Count)</p><a href="https://www.amazon.com/dp/B003EMNITQ?tag=eloabder-20&linkCode=osi&th=1&psc=1">View Product</a></div>
<div class="product"><a href="https://www.amazon.com/dp/B072J2ZBPY?tag=eloabder-20&linkCode=osi&th=1&psc=1"><img src="https://m.media-amazon.com/images/I/41Th2KQyzlL._SL500_.jpg" alt="Product Image"></a><p>Degree Men UltraClear Antiperspirant Deodorant Black + White 72-Hour Sweat & Odor Protection Antiperspirant For Men With MotionSense Technology 2.7 Ounce (Pack of 4)</p><p>$19.73 ($1.83 / Ounce)</p><a href="https://www.amazon.com/dp/B072J2ZBPY?tag=eloabder-20&linkCode=osi&th=1&psc=1">View Product</a></div><div class="product"><a href="https://www.amazon.com/dp/B07GB3NVN1?tag=eloabder-20&linkCode=osi&th=1&psc=1"><img src="https://m.media-amazon.com/images/I/31BnXaLnMWL._SL500_.jpg" alt="Product Image"></a><p>Native Deodorant Contains Naturally Derived Ingredients, 72 Hour Odor Control | Deodorant for Women and Men, Aluminum Free with Baking Soda, Coconut Oil and Shea Butter | Coconut & Vanilla</p><p>$12.97 ($4.89 / Ounce)</p><a href="https://www.amazon.com/dp/B07GB3NVN1?tag=eloabder-20&linkCode=osi&th=1&psc=1">View Product</a></div><div class="product"><a href="https://www.amazon.com/dp/B00TPRG5D0?tag=eloabder-20&linkCode=osi&th=1&psc=1"><img src="https://m.media-amazon.com/images/I/61Ezqbe7QUL._SL500_.jpg" alt="Product Image"></a><p>Degree Men Original Antiperspirant Deodorant Cool Rush Twin Pack 48-Hour Sweat & Odor Protection Antiperspirant For Men 2.7 oz</p><p>$6.27 ($1.16 / Ounce)</p><a href="https://www.amazon.com/dp/B00TPRG5D0?tag=eloabder-20&linkCode=osi&th=1&psc=1">View Product</a></div><div class="product"><a href="https://www.amazon.com/dp/B08ZH6P1NY?tag=eloabder-20&linkCode=osi&th=1&psc=1"><img src="https://m.media-amazon.com/images/I/51D2Klixa3L._SL500_.jpg" alt="Product Image"></a><p>Speed Stick Men's Deodorant, Regular, 3 Ounce, 4 Pack</p><p>$8.97 ($0.75 / Ounce)</p><a href="https://www.amazon.com/dp/B08ZH6P1NY?tag=eloabder-20&linkCode=osi&th=1&psc=1">View Product</a></div><div class="product"><a href="https://www.amazon.com/dp/B0080PEM3S?tag=eloabder-20&linkCode=osi&th=1&psc=1"><img src="https://m.media-amazon.com/images/I/61a+r3V48HL._SL500_.jpg" alt="Product Image"></a><p>Degree Advanced Protection Antiperspirant Deodorant White Flowers & Lychee for 72-Hour Sweat & Odor Control for Women, with Body Heat Activated Technology, 2.6 oz</p><p>$4.99 ($1.92 / Ounce)</p><a href="https://www.amazon.com/dp/B0080PEM3S?tag=eloabder-20&linkCode=osi&th=1&psc=1">View Product</a></div><div class="product"><a href="https://www.amazon.com/dp/B002VUAM46?tag=eloabder-20&linkCode=osi&th=1&psc=1"><img src="https://m.media-amazon.com/images/I/51+tUdTWg0L._SL500_.jpg" alt="Product Image"></a><p>Degree Men Antiperspirant Deodorant Adventure Freshness and Odor Protection Deodorant for Men 2.7 Oz, (Pack of 4) Woodsy, Stick</p><p>$10.38 ($0.96 / Ounce)</p><a href="https://www.amazon.com/dp/B002VUAM46?tag=eloabder-20&linkCode=osi&th=1&psc=1">View Product</a></div><div class="product"><a href="https://www.amazon.com/dp/B01HTJTPZA?tag=eloabder-20&linkCode=osi&th=1&psc=1"><img src="https://m.media-amazon.com/images/I/618IrjjMkUL._SL500_.jpg" alt="Product Image"></a><p>Dove Advanced Care Antiperspirant Deodorant Stick Cool Essentials 4 ct for helping your skin barrier repair after shaving 72 hour odor control and sweat protection with Pro Ceramide Technology 2.6 oz</p><p>$16.98 ($1.63 / Ounce)</p><a href="https://www.amazon.com/dp/B01HTJTPZA?tag=eloabder-20&linkCode=osi&th=1&psc=1">View Product</a></div><div class="product"><a href="https://www.amazon.com/dp/B08NYHVJ5N?tag=eloabder-20&linkCode=osi&th=1&psc=1"><img src="https://m.media-amazon.com/images/I/51s98nEidOL._SL500_.jpg" alt="Product Image"></a><p>Old Spice Aluminum Free Deodorant for Men, High Endurance Sport, 24/7 Odor Protection, 3 Oz Each, (Pack Of 3)</p><p>$14.43 ($3.61 / Count)</p><a href="https://www.amazon.com/dp/B08NYHVJ5N?tag=eloabder-20&linkCode=osi&th=1&psc=1">View Product</a></div><div class="product"><a href="https://www.amazon.com/dp/B01HTJTMF8?tag=eloabder-20&linkCode=osi&th=1&psc=1"><img src="https://m.media-amazon.com/images/I/61k+x5yZyML._SL500_.jpg" alt="Product Image"></a><p>Dove Men + Care Antiperspirant Deodorant, 72hr Sweat & Odor Protection, Vitamin E, Triple Moisturizer, 4 Pack</p><p>$18.48 ($1.71 / Ounce)</p><a href="https://www.amazon.com/dp/B01HTJTMF8?tag=eloabder-20&linkCode=osi&th=1&psc=1">View Product</a></div><div class="product"><a href="https://www.amazon.com/dp/B08WYXNVQ7?tag=eloabder-20&linkCode=osi&th=1&psc=1"><img src="https://m.media-amazon.com/images/I/31n90+gYyKL._SL500_.jpg" alt="Product Image"></a><p>SALT & STONE Natural Deodorant - Santal & Vetiver | Extra Strength Natural Deodorant for Women & Men | Aluminum Free with Seaweed Extracts, Shea Butter & Probiotics | Free From Parabens & Sulfates</p><p>$20.00 ($7.69 / Ounce)</p><a href="https://www.amazon.com/dp/B08WYXNVQ7?tag=eloabder-20&linkCode=osi&th=1&psc=1">View Product</a></div>

<div class="product"><a href="https://www.amazon.com/dp/B00ADRH2OM?tag=eloabder-20&linkCode=osi&th=1&psc=1"><img src="https://m.media-amazon.com/images/I/413WPcPNDbL._SL500_.jpg" alt="Product Image"></a><p>OGX Thick & Full + Biotin & Collagen Volumizing Shampoo, Nutrient-Infused Hair Shampoo with Vitamin B7 Biotin Gives Hair Volume & Body for 72+ Hours, Sulfate-Free Surfactants, 13 fl. oz</p><p>$6.97 ($0.54 / Fl Oz)</p><a href="https://www.amazon.com/dp/B00ADRH2OM?tag=eloabder-20&linkCode=osi&th=1&psc=1">View Product</a></div><div class="product"><a href="https://www.amazon.com/dp/B082YG62JM?tag=eloabder-20&linkCode=osi&th=1&psc=1"><img src="https://m.media-amazon.com/images/I/31c5qlF0nYL._SL500_.jpg" alt="Product Image"></a><p>Acure Shampoo 100% Vegan, Ultra Hydrating Moisture & Omega Fatty Acids, , Yellow Argan Oil & Pumpkin, 8 Fl Oz</p><p>$9.99 ($1.25 / Fl Oz)</p><a href="https://www.amazon.com/dp/B082YG62JM?tag=eloabder-20&linkCode=osi&th=1&psc=1">View Product</a></div><div class="product"><a href="https://www.amazon.com/dp/B008J2GP9G?tag=eloabder-20&linkCode=osi&th=1&psc=1"><img src="https://m.media-amazon.com/images/I/31BkIKu3HgL._SL500_.jpg" alt="Product Image"></a><p>OGX Renewing + Argan Oil of Morocco Shampoo, Damage Repair Shampoo & Argan Oil to Help Strengthen & Repair Dry, Damaged Hair, Paraben-Free, Sulfate-Free Surfactants, 25.4 fl. oz</p><p>$12.28 ($0.48 / Fl Oz)</p><a href="https://www.amazon.com/dp/B008J2GP9G?tag=eloabder-20&linkCode=osi&th=1&psc=1">View Product</a></div><div class="product"><a href="https://www.amazon.com/dp/B00AINMFAC?tag=eloabder-20&linkCode=osi&th=1&psc=1"><img src="https://m.media-amazon.com/images/I/41D7x04cFtL._SL500_.jpg" alt="Product Image"></a><p>Nizoral Anti-Dandruff Shampoo with 1% Ketoconazole, Fresh Scent, 7 Fl Oz</p><p>$15.88 ($2.27 / Fl Oz)</p><a href="https://www.amazon.com/dp/B00AINMFAC?tag=eloabder-20&linkCode=osi&th=1&psc=1">View Product</a></div><div class="product"><a href="https://www.amazon.com/dp/B082YGK39W?tag=eloabder-20&linkCode=osi&th=1&psc=1"><img src="https://m.media-amazon.com/images/I/31ZzE6IMgGL._SL500_.jpg" alt="Product Image"></a><p>Acure Vivacious Volume Shampoo | Revitalize and Volumize: Mint and Echinacea Infused Regimen for Fine, Fragile Hair, 8 Fl Oz</p><p>$6.39</p><a href="https://www.amazon.com/dp/B082YGK39W?tag=eloabder-20&linkCode=osi&th=1&psc=1">View Product</a></div><div class="product"><a href="https://www.amazon.com/dp/B00OO0J9UY?tag=eloabder-20&linkCode=osi&th=1&psc=1"><img src="https://m.media-amazon.com/images/I/6111IvzP9vL._SL500_.jpg" alt="Product Image"></a><p>SheaMoisture Intensive Hydration Shampoo for Dry, Damaged Hair Manuka Honey and Mafura Oil Sulfate-Free 13 oz</p><p>$9.68 ($0.74 / Fl Oz)</p><a href="https://www.amazon.com/dp/B00OO0J9UY?tag=eloabder-20&linkCode=osi&th=1&psc=1">View Product</a></div><div class="product"><a href="https://www.amazon.com/dp/B08RG1LQGL?tag=eloabder-20&linkCode=osi&th=1&psc=1"><img src="https://m.media-amazon.com/images/I/31leNyYQAaL._SL500_.jpg" alt="Product Image"></a><p>365 By Whole Foods Market, Moisture & Shine Shampoo Lavender, 32 Fl Oz</p><p>$8.10 ($0.25 / Fl Oz)</p><a href="https://www.amazon.com/dp/B08RG1LQGL?tag=eloabder-20&linkCode=osi&th=1&psc=1">View Product</a></div><div class="product"><a href="https://www.amazon.com/dp/B08RG15SLJ?tag=eloabder-20&linkCode=osi&th=1&psc=1"><img src="https://m.media-amazon.com/images/I/413+ccliIaL._SL500_.jpg" alt="Product Image"></a><p>365 by Whole Foods Market, Volume & Thick Shampoo Rosemary Mint, 32 Fl Oz</p><p>$11.49 ($0.36 / Fl Oz)</p><a href="https://www.amazon.com/dp/B08RG15SLJ?tag=eloabder-20&linkCode=osi&th=1&psc=1">View Product</a></div>
<div class="product"><a href="https://www.amazon.com/dp/B0048F38DY?tag=eloabder-20&linkCode=osi&th=1&psc=1"><img src="https://m.media-amazon.com/images/I/41GrHa75nWL._SL500_.jpg" alt="Product Image"></a><p>OGX Renewing + Argan Oil of Morocco Conditioner, Repair Conditioner & Argan Oil Helps Strengthen & Repair Dry, Damaged Hair, Paraben-Free, Sulfate-Free Surfactants, 13 fl. oz</p><p>$6.97 ($0.54 / Fl Oz)</p><a href="https://www.amazon.com/dp/B0048F38DY?tag=eloabder-20&linkCode=osi&th=1&psc=1">View Product</a></div><div class="product"><a href="https://www.amazon.com/dp/B00OVQO66S?tag=eloabder-20&linkCode=osi&th=1&psc=1"><img src="https://m.media-amazon.com/images/I/61S7x6GUaFL._SL500_.jpg" alt="Product Image"></a><p>SheaMoisture Conditioner Intensive Hydration for Dry, Damaged Hair Manuka Honey and Mafura Oil to Nourish and Soften Hair 13 oz</p><p>$9.68 ($0.74 / Fl Oz)</p><a href="https://www.amazon.com/dp/B00OVQO66S?tag=eloabder-20&linkCode=osi&th=1&psc=1">View Product</a></div><div class="product"><a href="https://www.amazon.com/dp/B00ADR6M2U?tag=eloabder-20&linkCode=osi&th=1&psc=1"><img src="https://m.media-amazon.com/images/I/41m-SPUM-nL._SL500_.jpg" alt="Product Image"></a><p>OGX Thick & Full + Biotin & Collagen Volumizing Conditioner, Nutrient-Infused Conditioner with Vitamin B7 Biotin Gives Hair Volume & Body for 72+ Hours, Sulfate-Free Surfactants, 13 fl. Oz</p><p>$6.97 ($0.54 / Fl Oz)</p><a href="https://www.amazon.com/dp/B00ADR6M2U?tag=eloabder-20&linkCode=osi&th=1&psc=1">View Product</a></div><div class="product"><a href="https://www.amazon.com/dp/B000TG850M?tag=eloabder-20&linkCode=osi&th=1&psc=1"><img src="https://m.media-amazon.com/images/I/31TYCRS9xuL._SL500_.jpg" alt="Product Image"></a><p>OGX Nourishing + Coconut Milk Conditioner, Hydrating & Restoring Conditioner Moisturizes for Soft Hair After the First Use, Parabens-Free, Sulfate-Free Surfactants, 13 fl. Oz</p><p>$6.97 ($0.54 / Fl Oz)</p><a href="https://www.amazon.com/dp/B000TG850M?tag=eloabder-20&linkCode=osi&th=1&psc=1">View Product</a></div><div class="product"><a href="https://www.amazon.com/dp/B008OL3VW6?tag=eloabder-20&linkCode=osi&th=1&psc=1"><img src="https://m.media-amazon.com/images/I/31tIRt0xMJL._SL500_.jpg" alt="Product Image"></a><p>Avalon Organics Therapy Thickening Conditioner, Biotin B-Complex, 32 Oz</p><p>$17.38 ($0.54 / Ounce)</p><a href="https://www.amazon.com/dp/B008OL3VW6?tag=eloabder-20&linkCode=osi&th=1&psc=1">View Product</a></div><div class="product"><a href="https://www.amazon.com/dp/B0128QFSPK?tag=eloabder-20&linkCode=osi&th=1&psc=1"><img src="https://m.media-amazon.com/images/I/31lrVfnasLL._SL500_.jpg" alt="Product Image"></a><p>OGX Quenching + Coconut Curls Curl-Defining Conditioner, Nourishing Curly Hair Conditioner with Coconut /Citrus Oil & Honey, Paraben-Free with Sulfate-Free Surfactants, 13oz</p><p>$6.97 ($0.54 / Fl Oz)</p><a href="https://www.amazon.com/dp/B0128QFSPK?tag=eloabder-20&linkCode=osi&th=1&psc=1">View Product</a></div><div class="product"><a href="https://www.amazon.com/dp/B00V6GPXZO?tag=eloabder-20&linkCode=osi&th=1&psc=1"><img src="https://m.media-amazon.com/images/I/41PW2fckFML._SL500_.jpg" alt="Product Image"></a><p>SheaMoisture Conditioner 100% Pure Jamaican Black Castor Oil to Intensely Smooth and Nourish Hair with Shea Butter, Peppermint and Apple Cider Vinegar 13 oz</p><p>$9.68 ($0.74 / Fl Oz)</p><a href="https://www.amazon.com/dp/B00V6GPXZO?tag=eloabder-20&linkCode=osi&th=1&psc=1">View Product</a></div><div class="product"><a href="https://www.amazon.com/dp/B000VEJVCI?tag=eloabder-20&linkCode=osi&th=1&psc=1"><img src="https://m.media-amazon.com/images/I/21qrX8H4+-L._SL500_.jpg" alt="Product Image"></a><p>Paul Mitchell The Conditioner Original Leave-In, Balances Moisture, For All Hair Types, 16.9 fl. oz.</p><p>$21.00 ($1.24 / Fl Oz)</p><a href="https://www.amazon.com/dp/B000VEJVCI?tag=eloabder-20&linkCode=osi&th=1&psc=1">View Product</a></div>
<div class="product"><a href="https://www.amazon.com/dp/B0BZGRCBY4?tag=eloabder-20&linkCode=osi&th=1&psc=1"><img src="https://m.media-amazon.com/images/I/31qfcnEuzhL._SL500_.jpg" alt="Product Image"></a><p>eos Shea Better Body Lotion- Fresh & Cozy, 24-Hour Moisture Skin Care, Lightweight & Non-Greasy, Made with Natural Shea, Vegan, 16 Fl Oz (Pack of 1)</p><p>$8.98 ($0.56 / Fl Oz)</p><a href="https://www.amazon.com/dp/B0BZGRCBY4?tag=eloabder-20&linkCode=osi&th=1&psc=1">View Product</a></div>

<div class="product"><a href="https://www.amazon.com/dp/B0719GRD5R?tag=eloabder-20&linkCode=osi&th=1&psc=1"><img src="https://m.media-amazon.com/images/I/41YE7bBHNCL._SL500_.jpg" alt="Product Image"></a><p>Clean & Clear Deep Action Exfoliating Cleanser with Pro-Vitamin B5, Gentle Exfoliating Daily Face Scrub Cleans Deep Down to the Pore for Soft, Smooth, Hydrated Skin, Oil Free Face Wash, 7 FL OZ</p><p>$5.32 ($0.76 / Fl Oz)</p><a href="https://www.amazon.com/dp/B0719GRD5R?tag=eloabder-20&linkCode=osi&th=1&psc=1">View Product</a></div><div class="product"><a href="https://www.amazon.com/dp/B088S1685Y?tag=eloabder-20&linkCode=osi&th=1&psc=1"><img src="https://m.media-amazon.com/images/I/310l8Je7mSL._SL500_.jpg" alt="Product Image"></a><p>Neutrogena Skin Balancing Milky Cleanser with 2% Polyhydroxy Acid (PHA), Soothing & Moisturizing Face Wash for Dry & Sensitive Skin, Paraben-Free, Soap-Free, Sulfate-Free, 6.3 oz</p><p>$3.94 ($0.63 / Fl Oz)</p><a href="https://www.amazon.com/dp/B088S1685Y?tag=eloabder-20&linkCode=osi&th=1&psc=1">View Product</a></div><div class="product"><a href="https://www.amazon.com/dp/B000NWDSAE?tag=eloabder-20&linkCode=osi&th=1&psc=1"><img src="https://m.media-amazon.com/images/I/41X+HuMzv9L._SL500_.jpg" alt="Product Image"></a><p>Neutrogena Oil-Free Acne Face Scrub, 2% Salicylic Acid Acne Treatment Medicine, Daily Face Wash to help Prevent Breakouts, Oil Free Exfoliating Facial Cleanser for Acne-Prone Skin, 4.2 fl. oz</p><p>$7.29 ($1.73 / Fl Oz)</p><a href="https://www.amazon.com/dp/B000NWDSAE?tag=eloabder-20&linkCode=osi&th=1&psc=1">View Product</a></div><div class="product"><a href="https://www.amazon.com/dp/B000052ZB5?tag=eloabder-20&linkCode=osi&th=1&psc=1"><img src="https://m.media-amazon.com/images/I/31ItNDNYdIL._SL500_.jpg" alt="Product Image"></a><p>Neutrogena Deep Clean Daily Facial Cream Cleanser with Beta Hydroxy Acid to Remove Dirt, Oil & Makeup, Alcohol-Free, Oil-Free & Non-Comedogenic, 7 fl. oz</p><p>$6.49 ($0.87 / Fl Oz)</p><a href="https://www.amazon.com/dp/B000052ZB5?tag=eloabder-20&linkCode=osi&th=1&psc=1">View Product</a></div><div class="product"><a href="https://www.amazon.com/dp/B00006FE2Z?tag=eloabder-20&linkCode=osi&th=1&psc=1"><img src="https://m.media-amazon.com/images/I/310Nwq030fL._SL500_.jpg" alt="Product Image"></a><p>Neutrogena Deep Clean Gentle Daily Facial Scrub, Oil-Free Cleanser, 4.2 Fl Oz</p><p>$6.49 ($1.55 / Fl Oz)</p><a href="https://www.amazon.com/dp/B00006FE2Z?tag=eloabder-20&linkCode=osi&th=1&psc=1">View Product</a></div>

<div class="product"><a href="https://www.amazon.com/dp/B087781VTJ?tag=eloabder-20&linkCode=osi&th=1&psc=1"><img src="https://m.media-amazon.com/images/I/31OkRWcr12L._SL500_.jpg" alt="Product Image"></a><p>PURELL Advanced Hand Sanitizer Refreshing Gel, Clean Scent, 1 Liter Pump Bottle (Pack of 1) - 9632-04-CMR</p><p>$11.24 ($0.33 / Fl Oz)</p><a href="https://www.amazon.com/dp/B087781VTJ?tag=eloabder-20&linkCode=osi&th=1&psc=1">View Product</a></div><div class="product"><a href="https://www.amazon.com/dp/B0889WWM49?tag=eloabder-20&linkCode=osi&th=1&psc=1"><img src="https://m.media-amazon.com/images/I/51KTBSE1ZwL._SL500_.jpg" alt="Product Image"></a><p>Germ-X Original Hand Sanitizer, Moisturizing Gel with Vitamin E, Instant and No Rinse Formula, Back to School Supplies College, 8 Fl Oz Pump Bottle (Pack of 12)</p><p>$23.04 ($0.24 / Fl Oz)</p><a href="https://www.amazon.com/dp/B0889WWM49?tag=eloabder-20&linkCode=osi&th=1&psc=1">View Product</a></div><div class="product"><a href="https://www.amazon.com/dp/B08XZS6BGG?tag=eloabder-20&linkCode=osi&th=1&psc=1"><img src="https://m.media-amazon.com/images/I/51XpsRtfkiL._SL500_.jpg" alt="Product Image"></a><p>PURELL Advanced Hand Sanitizer Naturals with Plant Based Alcohol, Citrus Scent, 8 fl oz Pump Bottle (Pack of 4), 9626-06-ECDECO</p><p>$14.99 ($0.47 / Fl Oz)</p><a href="https://www.amazon.com/dp/B08XZS6BGG?tag=eloabder-20&linkCode=osi&th=1&psc=1">View Product</a></div><div class="product"><a href="https://www.amazon.com/dp/B08VL1MXNZ?tag=eloabder-20&linkCode=osi&th=1&psc=1"><img src="https://m.media-amazon.com/images/I/41EMtmcLMxL._SL500_.jpg" alt="Product Image"></a><p>PURELL PRIME DEFENSE Advanced Hand Sanitizer, 85%, Maximum Strength Formula, 12 fl oz Pump Bottles (Pack of 4) - 3699-06-EC2</p><p>$27.99 ($0.58 / Fl Oz)</p><a href="https://www.amazon.com/dp/B08VL1MXNZ?tag=eloabder-20&linkCode=osi&th=1&psc=1">View Product</a></div><div class="product"><a href="https://www.amazon.com/dp/B08R15JGNX?tag=eloabder-20&linkCode=osi&th=1&psc=1"><img src="https://m.media-amazon.com/images/I/41YXo-hwuXL._SL500_.jpg" alt="Product Image"></a><p>Amazon Basic Care - Aloe Vera Hand Sanitizer 62%, 12 fl oz (Pack of 6)</p><p>$15.09 ($0.21 / Fl Oz)</p><a href="https://www.amazon.com/dp/B08R15JGNX?tag=eloabder-20&linkCode=osi&th=1&psc=1">View Product</a></div><div class="product"><a href="https://www.amazon.com/dp/B08R14XP4D?tag=eloabder-20&linkCode=osi&th=1&psc=1"><img src="https://m.media-amazon.com/images/I/415ogBNctoL._SL500_.jpg" alt="Product Image"></a><p>Amazon Basic Care - Original Hand Sanitizer 62%, 12 fl oz (Pack of 6)</p><p>$19.95 ($0.28 / Fl Oz)</p><a href="https://www.amazon.com/dp/B08R14XP4D?tag=eloabder-20&linkCode=osi&th=1&psc=1">View Product</a></div><div class="product"><a href="https://www.amazon.com/dp/B00U2KYUAY?tag=eloabder-20&linkCode=osi&th=1&psc=1"><img src="https://m.media-amazon.com/images/I/516ldzLw1iL._SL500_.jpg" alt="Product Image"></a><p>PURELL Advanced Hand Sanitizer Soothing Gel, Fresh Scent, 8 fl oz Pump Bottle (Pack of 4), 9674-06-ECDECO</p><p>$14.99 ($0.47 / Fl Oz)</p><a href="https://www.amazon.com/dp/B00U2KYUAY?tag=eloabder-20&linkCode=osi&th=1&psc=1">View Product</a></div>
<div class="product"><a href="https://www.amazon.com/dp/B01N7TYBKS?tag=eloabder-20&linkCode=osi&th=1&psc=1"><img src="https://m.media-amazon.com/images/I/31PicytUhxL._SL500_.jpg" alt="Product Image"></a><p>MRS. MEYER'S CLEAN DAY Hand Lotion for Dry Hands, Non-Greasy Moisturizer Made with Essential Oils, Lavender, 12 oz</p><p>$10.80 ($0.90 / Fl Oz)</p><a href="https://www.amazon.com/dp/B01N7TYBKS?tag=eloabder-20&linkCode=osi&th=1&psc=1">View Product</a></div><div class="product"><a href="https://www.amazon.com/dp/B0BYQ34X6C?tag=eloabder-20&linkCode=osi&th=1&psc=1"><img src="https://m.media-amazon.com/images/I/61e61W8P89L._SL500_.jpg" alt="Product Image"></a><p>Vaseline Hand Sanitizer Lotion 2-in-1 Hydrating Skin Care 3 Ct Moisturizes and Eliminates Bacteria with Vitamin E 8 oz</p><p>$20.97 ($0.87 / Fl Oz)</p><a href="https://www.amazon.com/dp/B0BYQ34X6C?tag=eloabder-20&linkCode=osi&th=1&psc=1">View Product</a></div><div class="product"><a href="https://www.amazon.com/dp/B07QBN245V?tag=eloabder-20&linkCode=osi&th=1&psc=1"><img src="https://m.media-amazon.com/images/I/31N7vGLuV0L._SL500_.jpg" alt="Product Image"></a><p>Jergens Lavender Body Butter Body and Hand Lotion, Moisturizer for Women, 7 Fl Oz (Pack of 1), with Essential Oils for Indulgent Moisturization White</p><p>$7.72 ($1.10 / Fl Oz)</p><a href="https://www.amazon.com/dp/B07QBN245V?tag=eloabder-20&linkCode=osi&th=1&psc=1">View Product</a></div><div class="product"><a href="https://www.amazon.com/dp/B001PBOKRM?tag=eloabder-20&linkCode=osi&th=1&psc=1"><img src="https://m.media-amazon.com/images/I/31NR+HKsONL._SL500_.jpg" alt="Product Image"></a><p>Jergens Original Scent Dry Skin Lotion, Body and Hand Moisturizer for Long Lasting Skin Hydration, with HYDRALUCENCE blend and Cherry Almond Essence, 32 Ounce</p><p>$10.47 ($0.33 / Fl Oz)</p><a href="https://www.amazon.com/dp/B001PBOKRM?tag=eloabder-20&linkCode=osi&th=1&psc=1">View Product</a></div><div class="product"><a href="https://www.amazon.com/dp/B0CGR35JRD?tag=eloabder-20&linkCode=osi&th=1&psc=1"><img src="https://m.media-amazon.com/images/I/31ALnyy+p6L._SL500_.jpg" alt="Product Image"></a><p>Jergens Hand and Body Lotion, Ultra Healing Dry Skin Moisturizer, Fragrance Free Lotion, Sensitive Skin Lotion, 21 Oz</p><p>$7.47 ($0.36 / Fl Oz)</p><a href="https://www.amazon.com/dp/B0CGR35JRD?tag=eloabder-20&linkCode=osi&th=1&psc=1">View Product</a></div>
<div class="product"><a href="https://www.amazon.com/dp/B0BQWYRXPT?tag=eloabder-20&linkCode=osi&th=1&psc=1"><img src="https://m.media-amazon.com/images/I/411xH4LwE1L._SL500_.jpg" alt="Product Image"></a><p>Dermoplast Wound Wipes Medicated First Aid Cloths, Analgesic & Antiseptic Wipes for Treating Minor Cuts, Scrapes and Burns on The Go, Sting Free Formula, 10 Individual Cloths (Packaging May Vary)</p><p>$9.99 ($1.00 / Count)</p><a href="https://www.amazon.com/dp/B0BQWYRXPT?tag=eloabder-20&linkCode=osi&th=1&psc=1">View Product</a></div><div class="product"><a href="https://www.amazon.com/dp/B0057Z24WK?tag=eloabder-20&linkCode=osi&th=1&psc=1"><img src="https://m.media-amazon.com/images/I/41Np605ZC3L._SL500_.jpg" alt="Product Image"></a><p>BZK Antiseptic Towelettes, 100 Count (Pack of 1)</p><p>$7.97 ($0.08 / Count)</p><a href="https://www.amazon.com/dp/B0057Z24WK?tag=eloabder-20&linkCode=osi&th=1&psc=1">View Product</a></div><div class="product"><a href="https://www.amazon.com/dp/B07K335Y78?tag=eloabder-20&linkCode=osi&th=1&psc=1"><img src="https://m.media-amazon.com/images/I/31qFUEO9IjL._SL500_.jpg" alt="Product Image"></a><p>McKesson Obstetrical Antiseptic Towelettes Wipes, Sterile, Individual Packet, Clean Scent, 100 Count, 1 Pack</p><p>$7.20 ($0.07 / Count)</p><a href="https://www.amazon.com/dp/B07K335Y78?tag=eloabder-20&linkCode=osi&th=1&psc=1">View Product</a></div><div class="product"><a href="https://www.amazon.com/dp/B08S399VWH?tag=eloabder-20&linkCode=osi&th=1&psc=1"><img src="https://m.media-amazon.com/images/I/41dtXFAXLeL._SL500_.jpg" alt="Product Image"></a><p>Nurture XL Antibacterial Body & Hand Wipes | Alcohol-Free Antiseptic Wet Sanitizer Towelettes for Germ Removal, Disinfecting Skin, Sanitizing Hands |Cleaning Cloths | Adults & Baby | Thick & Strong</p><p>$44.95 ($0.15 / Count)</p><a href="https://www.amazon.com/dp/B08S399VWH?tag=eloabder-20&linkCode=osi&th=1&psc=1">View Product</a></div><div class="product"><a href="https://www.amazon.com/dp/B01N362TQ6?tag=eloabder-20&linkCode=osi&th=1&psc=1"><img src="https://m.media-amazon.com/images/I/31GuJZ7KbVL._SL500_.jpg" alt="Product Image"></a><p>McKesson Benzalkonium Chloride Towelettes, Antiseptic Cleansing, Individual Packet, 100 Count, 1 Pack</p><p>$7.78 ($0.08 / Count)</p><a href="https://www.amazon.com/dp/B01N362TQ6?tag=eloabder-20&linkCode=osi&th=1&psc=1">View Product</a></div><div class="product"><a href="https://www.amazon.com/dp/B06XS38XH6?tag=eloabder-20&linkCode=osi&th=1&psc=1"><img src="https://m.media-amazon.com/images/I/41P5yr0gl-L._SL500_.jpg" alt="Product Image"></a><p>Care Touch Alcohol Wipes Individually Wrapped - Prep Pads with 70% Isopropyl Alcohol, Great for Home, Medical & First Aid Kits Sterilized, Antiseptic 2-Ply Swabs 400 Count</p><p>$8.99 ($0.02 / Count)</p><a href="https://www.amazon.com/dp/B06XS38XH6?tag=eloabder-20&linkCode=osi&th=1&psc=1">View Product</a></div>
<div class="product"><a href="https://www.amazon.com/dp/B00006IDL6?tag=eloabder-20&linkCode=osi&th=1&psc=1"><img src="https://m.media-amazon.com/images/I/51SFTNQg7-L._SL500_.jpg" alt="Product Image"></a><p>Band-Aid Brand Flexible Fabric Adhesive Bandages for Wound Care and First Aid, All One Size, 100 Count</p><p>$8.48 ($0.08 / Count)</p><a href="https://www.amazon.com/dp/B00006IDL6?tag=eloabder-20&linkCode=osi&th=1&psc=1">View Product</a></div><div class="product"><a href="https://www.amazon.com/dp/B0BGH1YQC6?tag=eloabder-20&linkCode=osi&th=1&psc=1"><img src="https://m.media-amazon.com/images/I/51xvWhwfAnL._SL500_.jpg" alt="Product Image"></a><p>Amazon Basic Care Flexible Fabric Adhesive Bandages, First Aid and Wound Care Supplies, Assorted Sizes, 100 Count</p><p>$5.80 ($0.06 / Count)</p><a href="https://www.amazon.com/dp/B0BGH1YQC6?tag=eloabder-20&linkCode=osi&th=1&psc=1">View Product</a></div><div class="product"><a href="https://www.amazon.com/dp/B000GCPW8C?tag=eloabder-20&linkCode=osi&th=1&psc=1"><img src="https://m.media-amazon.com/images/I/51vXh4MmDrL._SL500_.jpg" alt="Product Image"></a><p>Band-Aid Brand Tru-Stay Adhesive Pads, Large Sterile Bandages for Wound Care, Large Size, 10 ct</p><p>$3.56 ($0.36 / Count)</p><a href="https://www.amazon.com/dp/B000GCPW8C?tag=eloabder-20&linkCode=osi&th=1&psc=1">View Product</a></div><div class="product"><a href="https://www.amazon.com/dp/B09N1PJFH4?tag=eloabder-20&linkCode=osi&th=1&psc=1"><img src="https://m.media-amazon.com/images/I/414tb0lZk2L._SL500_.jpg" alt="Product Image"></a><p>Band-Aid Brand Adhesive Bandages for Sensitive Skin, Hypoallergenic First Aid Bandages with Painless Removal, Stays on When Wet & Suitable for Eczema Prone Skin, Extra Large Size, 7 ct</p><p>$3.35 ($0.48 / Count)</p><a href="https://www.amazon.com/dp/B09N1PJFH4?tag=eloabder-20&linkCode=osi&th=1&psc=1">View Product</a></div><div class="product"><a href="https://www.amazon.com/dp/B08JH93SHW?tag=eloabder-20&linkCode=osi&th=1&psc=1"><img src="https://m.media-amazon.com/images/I/51mp6AFuzlL._SL500_.jpg" alt="Product Image"></a><p>CURAD Performance Series Ironman Antibacterial Bandages, Extreme Hold Adhesive Technology, Finger & Knuckle Bandages, Flexible Fabric, Variety Pack with Assorted Sizes & Colors, 50 Count</p><p>$6.97 ($0.14 / Count)</p><a href="https://www.amazon.com/dp/B08JH93SHW?tag=eloabder-20&linkCode=osi&th=1&psc=1">View Product</a></div><div class="product"><a href="https://www.amazon.com/dp/B07K31T5SC?tag=eloabder-20&linkCode=osi&th=1&psc=1"><img src="https://m.media-amazon.com/images/I/415PIj3D6HL._SL500_.jpg" alt="Product Image"></a><p>McKesson Adhesive Bandages, Sterile, Fabric Patch, 2 in x 3 in, 50 Count, 1 Pack</p><p>$8.30 ($0.17 / Count)</p><a href="https://www.amazon.com/dp/B07K31T5SC?tag=eloabder-20&linkCode=osi&th=1&psc=1">View Product</a></div><div class="product"><a href="https://www.amazon.com/dp/B01N6T0XHP?tag=eloabder-20&linkCode=osi&th=1&psc=1"><img src="https://m.media-amazon.com/images/I/31VmxqprYDL._SL500_.jpg" alt="Product Image"></a><p>Curad Assorted Bandages Variety Pack 300 Pieces, Including Antibacterial, Heavy Duty, Fabric, and Waterproof Bandages</p><p>$11.99 ($0.04 / Count)</p><a href="https://www.amazon.com/dp/B01N6T0XHP?tag=eloabder-20&linkCode=osi&th=1&psc=1">View Product</a></div><div class="product"><a href="https://www.amazon.com/dp/B0895DYMGL?tag=eloabder-20&linkCode=osi&th=1&psc=1"><img src="https://m.media-amazon.com/images/I/41hesAQJS3L._SL500_.jpg" alt="Product Image"></a><p>12 Pack Self Adherent Cohesive Wrap Bandages 2 Inches X 5 Yards,First Aid Tape, Elastic Self Adhesive Tape, Athletic, Sports wrap Tape, Bandage Wrap for Sports, Wrist, Skin Colour Athletic Tape</p><p>$8.99 ($0.75 / Count)</p><a href="https://www.amazon.com/dp/B0895DYMGL?tag=eloabder-20&linkCode=osi&th=1&psc=1">View Product</a></div><div class="product"><a href="https://www.amazon.com/dp/B0CKVN8SBL?tag=eloabder-20&linkCode=osi&th=1&psc=1"><img src="https://m.media-amazon.com/images/I/51LrlyDltUL._SL500_.jpg" alt="Product Image"></a><p>AZEN 8 Pack Self Adhesive Bandage Wrap, 2" X 5 Yards Elastic Cohesive Bandage Wrap, Skin Color Athletic Tape, Vet Wrap, Ankle Tape, Tattoo Grip Tape Wrap</p><p>$6.99 ($1.16 / Count)</p><a href="https://www.amazon.com/dp/B0CKVN8SBL?tag=eloabder-20&linkCode=osi&th=1&psc=1">View Product</a></div><div class="product"><a href="https://www.amazon.com/dp/B085V69JPM?tag=eloabder-20&linkCode=osi&th=1&psc=1"><img src="https://m.media-amazon.com/images/I/51zRkg4pCNL._SL500_.jpg" alt="Product Image"></a><p>Nexcare Max Hold Waterproof Bandages, Helps waterproof, dirtproof, and germproof your wounds, 60 ct</p><p>$7.49 ($0.12 / Count)</p><a href="https://www.amazon.com/dp/B085V69JPM?tag=eloabder-20&linkCode=osi&th=1&psc=1">View Product</a></div>




<div class="product"><a href="https://www.amazon.com/dp/B079HXLZGY?tag=eloabder-20&linkCode=osi&th=1&psc=1"><img src="https://m.media-amazon.com/images/I/51O0z0rymgL._SL500_.jpg" alt="Product Image"></a><p>Amazon Basic Care Nighttime Sleep Aid Tablets for Adults, Doxylamine Succinate 25 mg, 96 Count</p><p>$12.59 ($0.13 / Count)</p><a href="https://www.amazon.com/dp/B079HXLZGY?tag=eloabder-20&linkCode=osi&th=1&psc=1">View Product</a></div><div class="product"><a href="https://www.amazon.com/dp/B00NJ1BQZA?tag=eloabder-20&linkCode=osi&th=1&psc=1"><img src="https://m.media-amazon.com/images/I/41q8bT3bu0L._SL500_.jpg" alt="Product Image"></a><p>Relaxium Sleep Aid for Adults, Melatonin 5mg with Magnesium Glycinate, Sleep-Promoting Valerest & Ashwagandha, Non-Habit Forming Sleep Supplement, 60 Capsules, 30-Day Supply</p><p>$29.99 ($0.50 / count)</p><a href="https://www.amazon.com/dp/B00NJ1BQZA?tag=eloabder-20&linkCode=osi&th=1&psc=1">View Product</a></div><div class="product"><a href="https://www.amazon.com/dp/B0848WCZFM?tag=eloabder-20&linkCode=osi&th=1&psc=1"><img src="https://m.media-amazon.com/images/I/41Rzyzjg2UL._SL500_.jpg" alt="Product Image"></a><p>HealthA2Z Sleep Aid, Diphenhydramine Softgels, 50mg, Supports Deeper, Restful Sleeping, Non Habit-Forming (250 Counts)</p><p>$9.85 ($0.04 / Count)</p><a href="https://www.amazon.com/dp/B0848WCZFM?tag=eloabder-20&linkCode=osi&th=1&psc=1">View Product</a></div><div class="product"><a href="https://www.amazon.com/dp/B08H766XS8?tag=eloabder-20&linkCode=osi&th=1&psc=1"><img src="https://m.media-amazon.com/images/I/4117Yuu9uhL._SL500_.jpg" alt="Product Image"></a><p>RXZELL Sleep Aid, Diphenhydramine HCl 50mg, 220 Softgels - Fall Asleep Faster, Deeper Restful Sleeping, Non Habit-Forming</p><p>$9.98 ($0.05 / Count)</p><a href="https://www.amazon.com/dp/B08H766XS8?tag=eloabder-20&linkCode=osi&th=1&psc=1">View Product</a></div><div class="product"><a href="https://www.amazon.com/dp/B07BZW88NY?tag=eloabder-20&linkCode=osi&th=1&psc=1"><img src="https://m.media-amazon.com/images/I/51HD9BxwlWL._SL500_.jpg" alt="Product Image"></a><p>Kirkland Signature Sleep Aid, 192 Tablets</p><p>$13.95 ($0.07 / Count)</p><a href="https://www.amazon.com/dp/B07BZW88NY?tag=eloabder-20&linkCode=osi&th=1&psc=1">View Product</a></div><div class="product"><a href="https://www.amazon.com/dp/B08Y74HSSH?tag=eloabder-20&linkCode=osi&th=1&psc=1"><img src="https://m.media-amazon.com/images/I/41WtHEKTuML._SL500_.jpg" alt="Product Image"></a><p>ZzzQuil ULTRA, Sleep Aid, Nighttime Sleep Aid, 25 mg Doxylamine Succinate, From Makers of Nyquil, Non- Habit Forming, Fall Asleep Fast, Stay Asleep Longer, 48 Count</p><p>$19.63 ($0.41 / Count)</p><a href="https://www.amazon.com/dp/B08Y74HSSH?tag=eloabder-20&linkCode=osi&th=1&psc=1">View Product</a></div><div class="product"><a href="https://www.amazon.com/dp/B01683HFGY?tag=eloabder-20&linkCode=osi&th=1&psc=1"><img src="https://m.media-amazon.com/images/I/51hFnh0pfXL._SL500_.jpg" alt="Product Image"></a><p>Unisom SleepTabs, Nighttime Sleep-aid, Doxylamine Succinate, 80 Tablets</p><p>$13.98 ($0.17 / Count)</p><a href="https://www.amazon.com/dp/B01683HFGY?tag=eloabder-20&linkCode=osi&th=1&psc=1">View Product</a></div><div class="product"><a href="https://www.amazon.com/dp/B099JXNWYL?tag=eloabder-20&linkCode=osi&th=1&psc=1"><img src="https://m.media-amazon.com/images/I/41K+tJ73J2L._SL500_.jpg" alt="Product Image"></a><p>12-in-1 Melatonin Capsules - Melatonin 5mg Natural Sleep Aids for Adults - Magnesium Glycinate 500mg, Ashwagandha, L Theanine, Valerian Root, GABA, 5-HTP, Sleep Supplement for Adults, Pack of 1</p><p>$21.95 ($0.24 / Count)</p><a href="https://www.amazon.com/dp/B099JXNWYL?tag=eloabder-20&linkCode=osi&th=1&psc=1">View Product</a></div><div class="product"><a href="https://www.amazon.com/dp/B07PXT5LYR?tag=eloabder-20&linkCode=osi&th=1&psc=1"><img src="https://m.media-amazon.com/images/I/41Pu3C1zvML._SL500_.jpg" alt="Product Image"></a><p>Nature's Bounty Sleep3 Melatonin 10mg, Maximum Strength 100% Drug Free Sleep Aid, Dietary Supplement, L-Theanine & Nighttime Herbal Blend Time Release Technology, 60 Tri-Layered Tablets</p><p>$13.07 ($0.22 / Count)</p><a href="https://www.amazon.com/dp/B07PXT5LYR?tag=eloabder-20&linkCode=osi&th=1&psc=1">View Product</a></div>
<div class="product"><a href="https://www.amazon.com/dp/B00HE66ZUC?tag=eloabder-20&linkCode=osi&th=1&psc=1"><img src="https://m.media-amazon.com/images/I/510MmBSuAfL._SL500_.jpg" alt="Product Image"></a><p>GoodSense Allergy Relief Loratadine Tablets 10 mg, Compare to Claritin, Antihistamine, 24 Hour Allergy Relief, 365 Count</p><p>$12.99 ($0.04 / Count)</p><a href="https://www.amazon.com/dp/B00HE66ZUC?tag=eloabder-20&linkCode=osi&th=1&psc=1">View Product</a></div><div class="product"><a href="https://www.amazon.com/dp/B07S1BZXVW?tag=eloabder-20&linkCode=osi&th=1&psc=1"><img src="https://m.media-amazon.com/images/I/41KfCe6maEL._SL500_.jpg" alt="Product Image"></a><p>HealthA2Z® Allergy Relief | Cetirizine 10mg | All Day Allergy Relief | Indoor & Outdoor | Relief from Itchy Throat, Sneezing, Runny Noses (250 count (pack of 1))</p><p>$8.75 ($0.04 / Count)</p><a href="https://www.amazon.com/dp/B07S1BZXVW?tag=eloabder-20&linkCode=osi&th=1&psc=1">View Product</a></div><div class="product"><a href="https://www.amazon.com/dp/B074F19XB8?tag=eloabder-20&linkCode=osi&th=1&psc=1"><img src="https://m.media-amazon.com/images/I/412oY-CSVJL._SL500_.jpg" alt="Product Image"></a><p>Amazon Basic Care Complete Allergy Relief, Diphenhydramine HCl 25 mg, Relieves Symptoms, Antihistamine Tablets, 400 Count</p><p>$7.67 ($0.02 / Count)</p><a href="https://www.amazon.com/dp/B074F19XB8?tag=eloabder-20&linkCode=osi&th=1&psc=1">View Product</a></div><div class="product"><a href="https://www.amazon.com/dp/B074F18H5N?tag=eloabder-20&linkCode=osi&th=1&psc=1"><img src="https://m.media-amazon.com/images/I/41SMpawpNjL._SL500_.jpg" alt="Product Image"></a><p>Amazon Basic Care Allergy Relief Loratadine Tablets 10 mg, 300 Count</p><p>$16.54 ($0.06 / Count)</p><a href="https://www.amazon.com/dp/B074F18H5N?tag=eloabder-20&linkCode=osi&th=1&psc=1">View Product</a></div><div class="product"><a href="https://www.amazon.com/dp/B087CBHR9W?tag=eloabder-20&linkCode=osi&th=1&psc=1"><img src="https://m.media-amazon.com/images/I/41+XRnnkAXL._SL500_.jpg" alt="Product Image"></a><p>HealthA2Z Fexofenadine Hydrochloride 180mg, Antihistamine for Allergy Relief, Non-Drowsy, 24-Hour Antihistamine for Allergy Relief (120 Count (Pack of 1))</p><p>$21.25 ($0.18 / Count)</p><a href="https://www.amazon.com/dp/B087CBHR9W?tag=eloabder-20&linkCode=osi&th=1&psc=1">View Product</a></div><div class="product"><a href="https://www.amazon.com/dp/B083VVT61S?tag=eloabder-20&linkCode=osi&th=1&psc=1"><img src="https://m.media-amazon.com/images/I/41BJ8O5m3RL._SL500_.jpg" alt="Product Image"></a><p>Amazon Basic Care 24 Hour Allergy Relief, Levocetirizine Dihydrochloride Tablets, 5 mg, Antihistamine, Relieves Sneezing, Runny Nose, Itchy Nose or Throat and Itchy, Watery Eyes, 80 Count</p><p>$20.72 ($0.26 / Count)</p><a href="https://www.amazon.com/dp/B083VVT61S?tag=eloabder-20&linkCode=osi&th=1&psc=1">View Product</a></div><div class="product"><a href="https://www.amazon.com/dp/B08JVPNBGM?tag=eloabder-20&linkCode=osi&th=1&psc=1"><img src="https://m.media-amazon.com/images/I/41ZLXQU2qNL._SL500_.jpg" alt="Product Image"></a><p>Zyrtec 24 Hour Allergy Relief Tablets, Indoor & Outdoor Allergy Medicine with 10 mg Cetirizine HCl per Antihistamine Tablet, Relief of Allergies, 60 ct</p><p>$22.81 ($0.38 / Count)</p><a href="https://www.amazon.com/dp/B08JVPNBGM?tag=eloabder-20&linkCode=osi&th=1&psc=1">View Product</a></div><div class="product"><a href="https://www.amazon.com/dp/B087Z6TKD9?tag=eloabder-20&linkCode=osi&th=1&psc=1"><img src="https://m.media-amazon.com/images/I/41hMESBq3wL._SL500_.jpg" alt="Product Image"></a><p>HealthA2Z® Allergy Relief | Loratadine 10mg | Antihistamine | Non-Drowsy | Relief from Itchy Throat, Sneezing, Runny Noses | 24-Hours Allergy Medicine (300 Tablets)</p><p>$13.25 ($0.04 / Count)</p><a href="https://www.amazon.com/dp/B087Z6TKD9?tag=eloabder-20&linkCode=osi&th=1&psc=1">View Product</a></div><div class="product"><a href="https://www.amazon.com/dp/B074F145Y1?tag=eloabder-20&linkCode=osi&th=1&psc=1"><img src="https://m.media-amazon.com/images/I/41QxbjhcCML._SL500_.jpg" alt="Product Image"></a><p>Amazon Basic Care 24 Hour Allergy Relief, Cetirizine Hydrochloride Tablets, 10 mg, 300 Count</p><p>$25.87 ($0.09 / Count)</p><a href="https://www.amazon.com/dp/B074F145Y1?tag=eloabder-20&linkCode=osi&th=1&psc=1">View Product</a></div><div class="product"><a href="https://www.amazon.com/dp/B07HD64D4G?tag=eloabder-20&linkCode=osi&th=1&psc=1"><img src="https://m.media-amazon.com/images/I/51fjuo22JXL._SL500_.jpg" alt="Product Image"></a><p>HealthCareAisle Allergy Relief - Fexofenadine Hydrochloride Tablets USP, 180 mg – 90 Tablets – Allergy Medication, Non-Drowsy 24-Hour Allergy Relief</p><p>$12.71 ($0.14 / Count)</p><a href="https://www.amazon.com/dp/B07HD64D4G?tag=eloabder-20&linkCode=osi&th=1&psc=1">View Product</a></div>
<div class="product"><a href="https://www.amazon.com/dp/B012ROWNS8?tag=eloabder-20&linkCode=osi&th=1&psc=1"><img src="https://m.media-amazon.com/images/I/51cxYFhISYL._SL500_.jpg" alt="Product Image"></a><p>Boiron Chestal Honey Adult Cold and Cough Syrup for Nasal and Chest Congestion, Runny Nose, and Sore Throat Relief - 6.7 Fl oz</p><p>$11.70 ($1.75 / Fl Oz)</p><a href="https://www.amazon.com/dp/B012ROWNS8?tag=eloabder-20&linkCode=osi&th=1&psc=1">View Product</a></div><div class="product"><a href="https://www.amazon.com/dp/B000WAWN8K?tag=eloabder-20&linkCode=osi&th=1&psc=1"><img src="https://m.media-amazon.com/images/I/41MhHkkpCQL._SL500_.jpg" alt="Product Image"></a><p>Zicam Cold Remedy Zinc Rapidmelts, Citrus Flavor, 25 Count (Pack of 1)</p><p>$10.98 ($0.44 / Count)</p><a href="https://www.amazon.com/dp/B000WAWN8K?tag=eloabder-20&linkCode=osi&th=1&psc=1">View Product</a></div><div class="product"><a href="https://www.amazon.com/dp/B08836KTVQ?tag=eloabder-20&linkCode=osi&th=1&psc=1"><img src="https://m.media-amazon.com/images/I/51kNMcIeJPL._SL500_.jpg" alt="Product Image"></a><p>Mucinex Fast-Max Cold and Flu & Nightshift Severe Cold and Flu Medicine for Adults, Over-the-Counter Medication Combo Pack for Sore Throat Relief, Decongestant, Cough & Cold Medicines, 2 x 6 Fl Oz</p><p>$16.78 ($1.40 / Fl Oz)</p><a href="https://www.amazon.com/dp/B08836KTVQ?tag=eloabder-20&linkCode=osi&th=1&psc=1">View Product</a></div><div class="product"><a href="https://www.amazon.com/dp/B019DL5KCO?tag=eloabder-20&linkCode=osi&th=1&psc=1"><img src="https://m.media-amazon.com/images/I/51i-U6pGMjL._SL500_.jpg" alt="Product Image"></a><p>Coricidin HBP Decongestant-Free Cough and Cold Medicine - Specially Designed Relief for High Blood Pressure, Cough, Runny Nose, Sneezing and Cold Symptoms (16 Count)</p><p>$8.99 ($0.56 / Count)</p><a href="https://www.amazon.com/dp/B019DL5KCO?tag=eloabder-20&linkCode=osi&th=1&psc=1">View Product</a></div><div class="product"><a href="https://www.amazon.com/dp/B009ITR4EY?tag=eloabder-20&linkCode=osi&th=1&psc=1"><img src="https://m.media-amazon.com/images/I/5108J1lmIxL._SL500_.jpg" alt="Product Image"></a><p>Tylenol Cold + Flu Severe Medicine Caplets for Fever, Pain, Cough & Congestion, 24 ct.</p><p>$7.67 ($0.32 / Count)</p><a href="https://www.amazon.com/dp/B009ITR4EY?tag=eloabder-20&linkCode=osi&th=1&psc=1">View Product</a></div><div class="product"><a href="https://www.amazon.com/dp/B000XTO9CI?tag=eloabder-20&linkCode=osi&th=1&psc=1"><img src="https://m.media-amazon.com/images/I/51oNP4G9-7L._SL500_.jpg" alt="Product Image"></a><p>Nature's Way Umcka Cold Plus Flu Berry - 20 Chewables</p><p>$13.03 ($0.65 / Count)</p><a href="https://www.amazon.com/dp/B000XTO9CI?tag=eloabder-20&linkCode=osi&th=1&psc=1">View Product</a></div><div class="product"><a href="https://www.amazon.com/dp/B01FCDDEUC?tag=eloabder-20&linkCode=osi&th=1&psc=1"><img src="https://m.media-amazon.com/images/I/51tvGxyWfdL._SL500_.jpg" alt="Product Image"></a><p>Genexa Kids' Cold Crush | Multi-Symptom Cough & Cold Relief for Children | Delicious Organic Acai Berry Flavor | Certified Organic & Non-GMO | Homeopathic Remedy Made Clean | 60 Chewable Tablets</p><p>$14.99 ($0.25 / Count)</p><a href="https://www.amazon.com/dp/B01FCDDEUC?tag=eloabder-20&linkCode=osi&th=1&psc=1">View Product</a></div><div class="product"><a href="https://www.amazon.com/dp/B01FCDI70Y?tag=eloabder-20&linkCode=osi&th=1&psc=1"><img src="https://m.media-amazon.com/images/I/51XEbZuRk2L._SL500_.jpg" alt="Product Image"></a><p>Genexa Cold Crush | Multi-Symptom Cough & Cold Relief for Adults | Delicious Organic Acai Berry Flavor | Certified Organic & Non-GMO | Homeopathic Remedy Made Clean | 60 Chewable Tablets</p><p>$15.99 ($0.27 / Count)</p><a href="https://www.amazon.com/dp/B01FCDI70Y?tag=eloabder-20&linkCode=osi&th=1&psc=1">View Product</a></div><div class="product"><a href="https://www.amazon.com/dp/B085PSBV9B?tag=eloabder-20&linkCode=osi&th=1&psc=1"><img src="https://m.media-amazon.com/images/I/31xr+2nG29L._SL500_.jpg" alt="Product Image"></a><p>Earthley Wellness, Cough-B-Gone, Natural Herbal Formula, Cold and Cough Remedy, Removes Extra Mucus, Soothes Sore Throats, Promotes Lung Health, and Detoxification, Cough Be Gone (2oz, Kids)</p><p>$24.99 ($12.50 / Ounce)</p><a href="https://www.amazon.com/dp/B085PSBV9B?tag=eloabder-20&linkCode=osi&th=1&psc=1">View Product</a></div><div class="product"><a href="https://www.amazon.com/dp/B01DZ0CN6A?tag=eloabder-20&linkCode=osi&th=1&psc=1"><img src="https://m.media-amazon.com/images/I/41DVIB8+QVL._SL500_.jpg" alt="Product Image"></a><p>Hyland's Baby Mucus and Cold Relief, Daytime Baby Cold Medicine, Infant Cold and Cough Remedy, Decongestant, 4 Fluid Ounce</p><p>$7.01 ($1.75 / Fl Oz)</p><a href="https://www.amazon.com/dp/B01DZ0CN6A?tag=eloabder-20&linkCode=osi&th=1&psc=1">View Product</a></div>
<div class="product"><a href="https://www.amazon.com/dp/B0C21ZLQNC?tag=eloabder-20&linkCode=osi&th=1&psc=1"><img src="https://m.media-amazon.com/images/I/51mKzlUJ2mL._SL500_.jpg" alt="Product Image"></a><p>Physician's CHOICE Digestive Enzymes - Multi Enzymes, Organic Prebiotics & Probiotics for Digestive Health & Gut Health - Meal Time Discomfort Relief & Bloating - Dual Action Approach - 60 CT</p><p>$19.97 ($0.33 / Count)</p><a href="https://www.amazon.com/dp/B0C21ZLQNC?tag=eloabder-20&linkCode=osi&th=1&psc=1">View Product</a></div><div class="product"><a href="https://www.amazon.com/dp/B072YHM6S2?tag=eloabder-20&linkCode=osi&th=1&psc=1"><img src="https://m.media-amazon.com/images/I/41pyv2KOFDL._SL500_.jpg" alt="Product Image"></a><p>Zenwise Health Digestive Enzymes - Probiotic Multi Enzymes with Probiotics and Prebiotics for Digestive Health and Bloating Relief for Women and Men, Daily Enzymes for Gut and Digestion - 60 Count</p><p>$18.97 ($0.32 / Count)</p><a href="https://www.amazon.com/dp/B072YHM6S2?tag=eloabder-20&linkCode=osi&th=1&psc=1">View Product</a></div><div class="product"><a href="https://www.amazon.com/dp/B079H53D2B?tag=eloabder-20&linkCode=osi&th=1&psc=1"><img src="https://m.media-amazon.com/images/I/51Y4b2nfCYL._SL500_.jpg" alt="Product Image"></a><p>Physician's Choice Probiotics 60 Billion CFU - 10 Strains + Organic Prebiotics - Immune, Digestive & Gut Health - Supports Occasional Constipation, Diarrhea, Gas & Bloating - for Women & Men - 30ct</p><p>$23.97 ($0.80 / Count)</p><a href="https://www.amazon.com/dp/B079H53D2B?tag=eloabder-20&linkCode=osi&th=1&psc=1">View Product</a></div><div class="product"><a href="https://www.amazon.com/dp/B0007IQMVG?tag=eloabder-20&linkCode=osi&th=1&psc=1"><img src="https://m.media-amazon.com/images/I/41LbuIg0j9L._SL500_.jpg" alt="Product Image"></a><p>Digestive Advantage IBS Probiotics For Women and Men, Probiotics For Digestive Health & Intensive Bowel Support with Digestive Enzymes For Gut Health, Occasional Bloating & Immune Support, 96 Capsules</p><p>$23.18 ($0.24 / Count)</p><a href="https://www.amazon.com/dp/B0007IQMVG?tag=eloabder-20&linkCode=osi&th=1&psc=1">View Product</a></div><div class="product"><a href="https://www.amazon.com/dp/B012RFVHSO?tag=eloabder-20&linkCode=osi&th=1&psc=1"><img src="https://m.media-amazon.com/images/I/51As5g4VfnL._SL500_.jpg" alt="Product Image"></a><p>OLLY Probiotic + Prebiotic Gummy, Digestive Support and Gut Health, 500 Million CFUs, Fiber, Adult Chewable Supplement for Men and Women, Peach, 30 Day Supply - 30 Count</p><p>$12.49 ($0.42 / Count)</p><a href="https://www.amazon.com/dp/B012RFVHSO?tag=eloabder-20&linkCode=osi&th=1&psc=1">View Product</a></div><div class="product"><a href="https://www.amazon.com/dp/B01ND16K2I?tag=eloabder-20&linkCode=osi&th=1&psc=1"><img src="https://m.media-amazon.com/images/I/518cYvTBjlL._SL500_.jpg" alt="Product Image"></a><p>Digestive Advantage Probiotics For Digestive Health, Daily Probiotics For Women & Men, Supports Gut Health, Occasional Bloating & Diarrhea, Minor Abdominal Discomfort, & Immune Support, 80ct Capsules</p><p>$21.99 ($6.25 / Ounce)</p><a href="https://www.amazon.com/dp/B01ND16K2I?tag=eloabder-20&linkCode=osi&th=1&psc=1">View Product</a></div><div class="product"><a href="https://www.amazon.com/dp/B08Y66H6B7?tag=eloabder-20&linkCode=osi&th=1&psc=1"><img src="https://m.media-amazon.com/images/I/51zpwlruLzL._SL500_.jpg" alt="Product Image"></a><p>Culturelle Pro Strength Daily Probiotics For Digestive Health (2 Month Supply) with Prebiotics for Women & Men, Supports Occasional Diarrhea, Gas & Bloating, Gluten & Soy Free, 60 Count</p><p>$30.99 ($0.52 / Count)</p><a href="https://www.amazon.com/dp/B08Y66H6B7?tag=eloabder-20&linkCode=osi&th=1&psc=1">View Product</a></div><div class="product"><a href="https://www.amazon.com/dp/B0014CVXMW?tag=eloabder-20&linkCode=osi&th=1&psc=1"><img src="https://m.media-amazon.com/images/I/417nIjuQeVL._SL500_.jpg" alt="Product Image"></a><p>Nature's Bounty Acidophilus Probiotic, Daily Probiotic Supplement, Supports Digestive Health, 1 Pack, 120 Tablets</p><p>$7.74 ($0.06 / Count)</p><a href="https://www.amazon.com/dp/B0014CVXMW?tag=eloabder-20&linkCode=osi&th=1&psc=1">View Product</a></div><div class="product"><a href="https://www.amazon.com/dp/B001TH7K0G?tag=eloabder-20&linkCode=osi&th=1&psc=1"><img src="https://m.media-amazon.com/images/I/41nbiJxKRNL._SL500_.jpg" alt="Product Image"></a><p>Metamucil 3-in-1 Fiber Capsules, Daily Psyllium Husk Fiber Supplement, Fiber Capsules for Digestive Health, Plant-Based Psyllium Husk Fiber Capsules, #1 Doctor Recommended Fiber Brand, 300ct Capsules</p><p>$29.11 ($0.10 / Count)</p><a href="https://www.amazon.com/dp/B001TH7K0G?tag=eloabder-20&linkCode=osi&th=1&psc=1">View Product</a></div>
<div class="product"><a href="https://www.amazon.com/dp/B004PVLWW0?tag=eloabder-20&linkCode=osi&th=1&psc=1"><img src="https://m.media-amazon.com/images/I/41MNYerfHQL._SL500_.jpg" alt="Product Image"></a><p>DHT BLOCKER - Hair Growth Supplement for Genetic Thinning for Men and Women | Approved* by American Hair Loss Association | Guaranteed, Backed by 20 Years of Experience in Hair Loss Treatment Clinics</p><p>$43.90 ($0.37 / Count)</p><a href="https://www.amazon.com/dp/B004PVLWW0?tag=eloabder-20&linkCode=osi&th=1&psc=1">View Product</a></div><div class="product"><a href="https://www.amazon.com/dp/B00M6I5SNI?tag=eloabder-20&linkCode=osi&th=1&psc=1"><img src="https://m.media-amazon.com/images/I/51c0-S5TYBL._SL500_.jpg" alt="Product Image"></a><p>Rogaine Women's 5% Minoxidil Foam, Topical Once-A-Day Hair Loss Treatment for Women to Regrow Fuller, Thicker Hair, Unscented, 4-Month Supply, 2 x 2.11 oz</p><p>$47.28 ($22.41 / Ounce)</p><a href="https://www.amazon.com/dp/B00M6I5SNI?tag=eloabder-20&linkCode=osi&th=1&psc=1">View Product</a></div><div class="product"><a href="https://www.amazon.com/dp/B0012BNVE8?tag=eloabder-20&linkCode=osi&th=1&psc=1"><img src="https://m.media-amazon.com/images/I/51AbEqW79jL._SL500_.jpg" alt="Product Image"></a><p>Men's Rogaine 5% Minoxidil Topical Aerosol Hair Regrowth Treatment Foam, 3 Month Supply (Each Can 2.11 Ounce - 60 Gram)</p><p>$51.82 ($8.19 / Ounce)</p><a href="https://www.amazon.com/dp/B0012BNVE8?tag=eloabder-20&linkCode=osi&th=1&psc=1">View Product</a></div><div class="product"><a href="https://www.amazon.com/dp/B00M6I5SMY?tag=eloabder-20&linkCode=osi&th=1&psc=1"><img src="https://m.media-amazon.com/images/I/415RcmGI84L._SL500_.jpg" alt="Product Image"></a><p>Rogaine 5% Minoxidil Foam, Topical Once-A-Day Hair Loss Treatment for Women to Regrow Fuller, Thicker Hair, Unscented, 2-Month Supply, 2.11 oz</p><p>$28.26 ($13.39 / Ounce)</p><a href="https://www.amazon.com/dp/B00M6I5SMY?tag=eloabder-20&linkCode=osi&th=1&psc=1">View Product</a></div><div class="product"><a href="https://www.amazon.com/dp/B019ZZB3O2?tag=eloabder-20&linkCode=osi&th=1&psc=1"><img src="https://m.media-amazon.com/images/I/413jmbWcG3L._SL500_.jpg" alt="Product Image"></a><p>SugarbearPRO Hair Vitamin Extra Strength 6000mcg Biotin, Longer-Looking Hair Gummy for Women & Men,B12, MSM, Inositol, Omega 3, Elderberry, Growth, USA Patent Design, Kosher Halal Vegan 2 Month Supply</p><p>$38.99 ($0.65 / Count)</p><a href="https://www.amazon.com/dp/B019ZZB3O2?tag=eloabder-20&linkCode=osi&th=1&psc=1">View Product</a></div><div class="product"><a href="https://www.amazon.com/dp/B0000Y8H3S?tag=eloabder-20&linkCode=osi&th=1&psc=1"><img src="https://m.media-amazon.com/images/I/41HVx2izbyL._SL500_.jpg" alt="Product Image"></a><p>Men's Rogaine Extra Strength 5% Minoxidil Topical Solution for Thin Hair, Hair Loss Treatment to Regrow Fuller, Thicker Hair, 3-Month Supply, 3 x 2 fl. oz</p><p>$55.99 ($9.33 / Fl Oz)</p><a href="https://www.amazon.com/dp/B0000Y8H3S?tag=eloabder-20&linkCode=osi&th=1&psc=1">View Product</a></div><div class="product"><a href="https://www.amazon.com/dp/B08FGZSW8L?tag=eloabder-20&linkCode=osi&th=1&psc=1"><img src="https://m.media-amazon.com/images/I/41zpZ6a7pwL._SL500_.jpg" alt="Product Image"></a><p>WEEM Hair Skin and Nails Gummies - Supports healthy hair - Vegan biotin Vitamins for Women & Men Supports Faster Hair Growth, Stronger Nails, Healthy Skin, Extra Strength (1)</p><p>$29.95 ($0.50 / Count)</p><a href="https://www.amazon.com/dp/B08FGZSW8L?tag=eloabder-20&linkCode=osi&th=1&psc=1">View Product</a></div><div class="product"><a href="https://www.amazon.com/dp/B09LSLLF6M?tag=eloabder-20&linkCode=osi&th=1&psc=1"><img src="https://m.media-amazon.com/images/I/51KUcMGYOaL._SL500_.jpg" alt="Product Image"></a><p>Biotin and Collagen Vitamins + Keratin with Folate - Hair Loss Treatments for Women & Men - Hair, Skin and Nails Supplements for Hair Growth & Postpartum Support - GMO Free & Gluten Free (120 Caps)</p><p>$24.99 ($0.21 / Count)</p><a href="https://www.amazon.com/dp/B09LSLLF6M?tag=eloabder-20&linkCode=osi&th=1&psc=1">View Product</a></div><div class="product"><a href="https://www.amazon.com/dp/B00BMLOKHU?tag=eloabder-20&linkCode=osi&th=1&psc=1"><img src="https://m.media-amazon.com/images/I/41NZ8vQtHtL._SL500_.jpg" alt="Product Image"></a><p>Rogaine Women's 2% Minoxidil Topical Solution for Womens Hair Thinning and Loss & Hair Regrowth, 3-Month Supply, 4 Piece Set, Unscented, 6 Fl Oz</p><p>$56.35 ($9.39 / Fl Oz)</p><a href="https://www.amazon.com/dp/B00BMLOKHU?tag=eloabder-20&linkCode=osi&th=1&psc=1">View Product</a></div><div class="product"><a href="https://www.amazon.com/dp/B0BWZTV1V7?tag=eloabder-20&linkCode=osi&th=1&psc=1"><img src="https://m.media-amazon.com/images/I/41R4tp1Hq3L._SL500_.jpg" alt="Product Image"></a><p>Nature's Bounty Hair Growth Supplement, 1 Per Day, Clinically Shown to Support Thicker, Fuller Hair, with Biotin, Silicon & Arginine, 30 Capsules</p><p>$16.98 ($0.57 / Count)</p><a href="https://www.amazon.com/dp/B0BWZTV1V7?tag=eloabder-20&linkCode=osi&th=1&psc=1">View Product</a></div>
<div class="product"><a href="https://www.amazon.com/dp/B091NJQ29P?tag=eloabder-20&linkCode=osi&th=1&psc=1"><img src="https://m.media-amazon.com/images/I/31b6zrb8KuL._SL500_.jpg" alt="Product Image"></a><p>Good Molecules Yerba Mate Wake Up Eye Gel - Yerba Mate, Hyaluronic Acid and Caffeine to Hydrate, Minimize Puffiness and Swelling - Skincare for Face</p><p>$6.00 ($12.00 / Fl Oz)</p><a href="https://www.amazon.com/dp/B091NJQ29P?tag=eloabder-20&linkCode=osi&th=1&psc=1">View Product</a></div><div class="product"><a href="https://www.amazon.com/dp/B0BNLRSCRR?tag=eloabder-20&linkCode=osi&th=1&psc=1"><img src="https://m.media-amazon.com/images/I/41IMVQnA5uL._SL500_.jpg" alt="Product Image"></a><p>Blink Eye Drops for Dry Eyes, Triple Care Lubricant Eye Drops, Instantly Soothing, Moisturizing & Extra Long-Lasting Hydrating Eye Care for Moderate to Severe Dry Eye Symptom Relief, 0.34 fl oz</p><p>$12.37 ($36.38 / Fl Oz)</p><a href="https://www.amazon.com/dp/B0BNLRSCRR?tag=eloabder-20&linkCode=osi&th=1&psc=1">View Product</a></div><div class="product"><a href="https://www.amazon.com/dp/B08DG3C22G?tag=eloabder-20&linkCode=osi&th=1&psc=1"><img src="https://m.media-amazon.com/images/I/51NCnFVfYTL._SL500_.jpg" alt="Product Image"></a><p>Celor Under Eye Patches for Puffy Eyes and Dark Circles - Eye Masks with Amino Acids & Collagen, Eye Care for Wrinkles - Birthday Gift for Women - Skincare Self Care - USA Tested (20 Pairs)</p><p>$9.99 ($0.50 / Count)</p><a href="https://www.amazon.com/dp/B08DG3C22G?tag=eloabder-20&linkCode=osi&th=1&psc=1">View Product</a></div><div class="product"><a href="https://www.amazon.com/dp/B07BVYZL88?tag=eloabder-20&linkCode=osi&th=1&psc=1"><img src="https://m.media-amazon.com/images/I/41Nyltw77SL._SL500_.jpg" alt="Product Image"></a><p>LUMIFY Redness Reliever Eye Drops 0.25 Ounce (7.5mL)</p><p>$21.48 ($84.90 / Fl Oz)</p><a href="https://www.amazon.com/dp/B07BVYZL88?tag=eloabder-20&linkCode=osi&th=1&psc=1">View Product</a></div><div class="product"><a href="https://www.amazon.com/dp/B00CWY8O1O?tag=eloabder-20&linkCode=osi&th=1&psc=1"><img src="https://m.media-amazon.com/images/I/41GAeXziMYL._SL500_.jpg" alt="Product Image"></a><p>RoC Multi Correxion 5 in 1 Anti-Aging Eye Cream for Puffiness, Under Eye Bags & Dark Circles, Skin Care Treatment with Shea Butter, (.5 oz) with Night Cream Packette (Packaging May Vary)</p><p>$18.80 ($37.60 / Fl Oz)</p><a href="https://www.amazon.com/dp/B00CWY8O1O?tag=eloabder-20&linkCode=osi&th=1&psc=1">View Product</a></div><div class="product"><a href="https://www.amazon.com/dp/B0B1MFMS7W?tag=eloabder-20&linkCode=osi&th=1&psc=1"><img src="https://m.media-amazon.com/images/I/41BGKrFfFxL._SL500_.jpg" alt="Product Image"></a><p>CorneaCare Rest: Self Heating Warm Compress for Eyes | Heated Eye Mask for Fast Relief of Dry Eyes | No Microwave Needed | Eye Treatment Products for Dry Eye Relief | 30 Count | FSA & HSA Eligible</p><p>$35.00 ($1.17 / Count)</p><a href="https://www.amazon.com/dp/B0B1MFMS7W?tag=eloabder-20&linkCode=osi&th=1&psc=1">View Product</a></div><div class="product"><a href="https://www.amazon.com/dp/B0CQ2VBK8M?tag=eloabder-20&linkCode=osi&th=1&psc=1"><img src="https://m.media-amazon.com/images/I/61yjNxVwmgL._SL500_.jpg" alt="Product Image"></a><p>Under Eye Patches for Dark Circles and Puffy Eyes (30 Pairs), Marine Collagen Eye Gel Pads for Puffiness with Vitamin C, Hyaluronic Acid, and Pearl Extract, Eye Mask for Dark Circles and Puffiness</p><p>$19.95 ($0.66 / Count)</p><a href="https://www.amazon.com/dp/B0CQ2VBK8M?tag=eloabder-20&linkCode=osi&th=1&psc=1">View Product</a></div>
<div class="product"><a href="https://www.amazon.com/dp/B072N7WRHS?tag=eloabder-20&linkCode=osi&th=1&psc=1"><img src="https://m.media-amazon.com/images/I/413f-GdLNQL._SL500_.jpg" alt="Product Image"></a><p>Renu Contact Lens Solution Advanced Formula Multipurpose Lens Cleaner for Eye Contacts, Cleaning, Moisturizing and Disinfecting Care for Soft & Silicon Hydrogel Lenses, 12 Fl Oz (Pack of 2)</p><p>$14.96 ($0.62 / Fl Oz)</p><a href="https://www.amazon.com/dp/B072N7WRHS?tag=eloabder-20&linkCode=osi&th=1&psc=1">View Product</a></div><div class="product"><a href="https://www.amazon.com/dp/B09WRB83MX?tag=eloabder-20&linkCode=osi&th=1&psc=1"><img src="https://m.media-amazon.com/images/I/418Hy6lumfL._SL500_.jpg" alt="Product Image"></a><p>Biotrue Hydration Plus Contact Lens Solution, Multi-Purpose Solution for Soft Contact Lenses, Lens Case Included, 10 FL OZ (Pack of 2)</p><p>$18.99 ($0.95 / Fl Oz)</p><a href="https://www.amazon.com/dp/B09WRB83MX?tag=eloabder-20&linkCode=osi&th=1&psc=1">View Product</a></div><div class="product"><a href="https://www.amazon.com/dp/B00EALX660?tag=eloabder-20&linkCode=osi&th=1&psc=1"><img src="https://m.media-amazon.com/images/I/51nm-B778HL._SL500_.jpg" alt="Product Image"></a><p>Bausch & Lomb Sensitive Eyes Contact Lens Solution, Sensitive Eyes Solution for Soft Contact & Gas Permeable Lenses, Saline Solution with Potassium, 12 Fl Oz (Pack of 2)</p><p>$6.99 ($0.29 / Fl Oz)</p><a href="https://www.amazon.com/dp/B00EALX660?tag=eloabder-20&linkCode=osi&th=1&psc=1">View Product</a></div><div class="product"><a href="https://www.amazon.com/dp/B086TPW1WP?tag=eloabder-20&linkCode=osi&th=1&psc=1"><img src="https://m.media-amazon.com/images/I/51qNhUL2EvL._SL500_.jpg" alt="Product Image"></a><p>Renu Contact Lens Solution Multipurpose Disinfectant, Advanced Formula Lens Cleaner, Cleans & Moisturizes Soft & Silicon Hydrogel Lenses, Multi-Pack 16 Fl Oz (Pack of 2) + 2 Fl Oz Travel Size</p><p>$19.99 ($0.59 / Ounce)</p><a href="https://www.amazon.com/dp/B086TPW1WP?tag=eloabder-20&linkCode=osi&th=1&psc=1">View Product</a></div><div class="product"><a href="https://www.amazon.com/dp/B010GD3NUY?tag=eloabder-20&linkCode=osi&th=1&psc=1"><img src="https://m.media-amazon.com/images/I/51J4K0ac2IL._SL500_.jpg" alt="Product Image"></a><p>Clear Care Plus Cleaning Solution with Lens Case, Twin Pack, Multi, 12 Oz, Pack of 2</p><p>$17.49 ($0.73 / Fl Oz)</p><a href="https://www.amazon.com/dp/B010GD3NUY?tag=eloabder-20&linkCode=osi&th=1&psc=1">View Product</a></div><div class="product"><a href="https://www.amazon.com/dp/B072N7WNTK?tag=eloabder-20&linkCode=osi&th=1&psc=1"><img src="https://m.media-amazon.com/images/I/4109e6u0vfL._SL500_.jpg" alt="Product Image"></a><p>Renu Contact Lens Solution Multipurpose Disinfectant, Advanced Formula Lens Cleaner, Cleans & Moisturizes Soft & Silicon Hydrogel Lenses, 12 Fl Oz</p><p>$8.58 ($0.72 / Fl Oz)</p><a href="https://www.amazon.com/dp/B072N7WNTK?tag=eloabder-20&linkCode=osi&th=1&psc=1">View Product</a></div><div class="product"><a href="https://www.amazon.com/dp/B001V9QLYI?tag=eloabder-20&linkCode=osi&th=1&psc=1"><img src="https://m.media-amazon.com/images/I/41LQd8ELOOL._SL500_.jpg" alt="Product Image"></a><p>Boston Advance Contact Lens Solution by Bausch+ Lomb, for Gas Permeable Contact Lenses, 1 Fl Oz (Packaging May Vary)</p><p>$9.48</p><a href="https://www.amazon.com/dp/B001V9QLYI?tag=eloabder-20&linkCode=osi&th=1&psc=1">View Product</a></div><div class="product"><a href="https://www.amazon.com/dp/B001LFF5WG?tag=eloabder-20&linkCode=osi&th=1&psc=1"><img src="https://m.media-amazon.com/images/I/41yeo4z2YQL._SL500_.jpg" alt="Product Image"></a><p>Boston Simplus Contact Lens Solution, for Gas Permeable Contact Lenses, 3.5 Fl Oz</p><p>$9.58 ($2.74 / Fl Oz)</p><a href="https://www.amazon.com/dp/B001LFF5WG?tag=eloabder-20&linkCode=osi&th=1&psc=1">View Product</a></div><div class="product"><a href="https://www.amazon.com/dp/B018KC4G2C?tag=eloabder-20&linkCode=osi&th=1&psc=1"><img src="https://m.media-amazon.com/images/I/41f3UfFJoWL._SL500_.jpg" alt="Product Image"></a><p>Biotrue Contact Lens Solution, Multi-Purpose Solution for Soft Contact Lenses, Lens Case Included, 2 FL OZ</p><p>$3.43 ($1.72 / Fl Oz)</p><a href="https://www.amazon.com/dp/B018KC4G2C?tag=eloabder-20&linkCode=osi&th=1&psc=1">View Product</a></div><div class="product"><a href="https://www.amazon.com/dp/B01DP74HR6?tag=eloabder-20&linkCode=osi&th=1&psc=1"><img src="https://m.media-amazon.com/images/I/41262O5xYEL._SL500_.jpg" alt="Product Image"></a><p>Biotrue Contact Lens Solution, Multi-Purpose Solution for Soft Contact Lenses, Lens Case Included, 4 FL OZ</p><p>$4.86 ($1.22 / Fl Oz)</p><a href="https://www.amazon.com/dp/B01DP74HR6?tag=eloabder-20&linkCode=osi&th=1&psc=1">View Product</a></div>
<div class="product"><a href="https://www.amazon.com/dp/B09XW9LBLF?tag=eloabder-20&linkCode=osi&th=1&psc=1"><img src="https://m.media-amazon.com/images/I/51n47pJYTJL._SL500_.jpg" alt="Product Image"></a><p>Arm & Hammer Simply Saline Daily Care Nasal Mist 4.4oz, Saline Nasal Spray, Drug-Free, 3-Pack</p><p>$13.67 ($1.04 / Ounce)</p><a href="https://www.amazon.com/dp/B09XW9LBLF?tag=eloabder-20&linkCode=osi&th=1&psc=1">View Product</a></div><div class="product"><a href="https://www.amazon.com/dp/B088WMFYMJ?tag=eloabder-20&linkCode=osi&th=1&psc=1"><img src="https://m.media-amazon.com/images/I/517b8NFQwCL._SL500_.jpg" alt="Product Image"></a><p>Flonase Allergy Relief Nasal Spray, 24 Hour Non Drowsy Allergy Medicine, Metered Nasal Spray - 72 Sprays - Fall and Seasonal Allergy Relief</p><p>$17.48 ($46.00 / Fl Oz)</p><a href="https://www.amazon.com/dp/B088WMFYMJ?tag=eloabder-20&linkCode=osi&th=1&psc=1">View Product</a></div><div class="product"><a href="https://www.amazon.com/dp/B082DMRQRK?tag=eloabder-20&linkCode=osi&th=1&psc=1"><img src="https://m.media-amazon.com/images/I/51Jdsg2qhIL._SL500_.jpg" alt="Product Image"></a><p>HealthA2Z® Fluticasone Propionate Nasal Sprays | Allery Relief Spray | Runny Nose | Nasal Congestion | Sneezing | Itchy Watery Eyes | 24 Hour Allergy Relief | (2 Packs)</p><p>$24.75 ($22.92 / Fl Oz)</p><a href="https://www.amazon.com/dp/B082DMRQRK?tag=eloabder-20&linkCode=osi&th=1&psc=1">View Product</a></div><div class="product"><a href="https://www.amazon.com/dp/B0B59NJFNX?tag=eloabder-20&linkCode=osi&th=1&psc=1"><img src="https://m.media-amazon.com/images/I/51RAk5kegDL._SL500_.jpg" alt="Product Image"></a><p>Astepro Nasal Spray, 24-Hour Allergy Relief, Steroid-Free Antihistamine, Nasal Congestion, Runny & Itchy Nose, For Adults and Children 6 Years and Older, 200 Metered Sprays (1 Bottle)</p><p>$34.95 ($34.60 / Fl Oz)</p><a href="https://www.amazon.com/dp/B0B59NJFNX?tag=eloabder-20&linkCode=osi&th=1&psc=1">View Product</a></div><div class="product"><a href="https://www.amazon.com/dp/B08ZF4QDKG?tag=eloabder-20&linkCode=osi&th=1&psc=1"><img src="https://m.media-amazon.com/images/I/41QbiS5l98L._SL500_.jpg" alt="Product Image"></a><p>Amazon Basic Care Maximum Strength 12 Hour Nasal Spray, Oxymetazoline HCl Solution, Congestion Relief, Cold and Allergy Medicine, Decongestant, 1 Fl Oz (Pack of 1)</p><p>$3.99</p><a href="https://www.amazon.com/dp/B08ZF4QDKG?tag=eloabder-20&linkCode=osi&th=1&psc=1">View Product</a></div><div class="product"><a href="https://www.amazon.com/dp/B098PY8KGP?tag=eloabder-20&linkCode=osi&th=1&psc=1"><img src="https://m.media-amazon.com/images/I/41BksBu+y6L._SL500_.jpg" alt="Product Image"></a><p>Amazon Basic Care 24-Hour Allergy Relief Nasal Spray, Fluticasone Propionate (Glucocorticoid), 50 mcg, Full Prescription Strength, Non-Drowsy, 0.62 fl oz (Pack of 1)</p><p>$13.11 ($21.15 / Fl Oz)</p><a href="https://www.amazon.com/dp/B098PY8KGP?tag=eloabder-20&linkCode=osi&th=1&psc=1">View Product</a></div><div class="product"><a href="https://www.amazon.com/dp/B07MLTLN74?tag=eloabder-20&linkCode=osi&th=1&psc=1"><img src="https://m.media-amazon.com/images/I/41sFNiAjpkL._SL500_.jpg" alt="Product Image"></a><p>Amazon Basic Care No Drip Severe Congestion Nasal Pump Mist Spray, 12 Hour Relief, Oxymetazoline HCl, Maximum Strength Plus Menthol, Steroid Free, 1 fl oz (Pack of 1)</p><p>$6.99</p><a href="https://www.amazon.com/dp/B07MLTLN74?tag=eloabder-20&linkCode=osi&th=1&psc=1">View Product</a></div><div class="product"><a href="https://www.amazon.com/dp/B07MLTLN75?tag=eloabder-20&linkCode=osi&th=1&psc=1"><img src="https://m.media-amazon.com/images/I/41g+3os1psL._SL500_.jpg" alt="Product Image"></a><p>Amazon Basic Care No Drip Nasal Spray, 12 Hour Nasal Decongestant, Pump Mist, Oxymetazoline HCl, Cold and Allergy Nasal Spray, 1 fl oz (Pack of 1)</p><p>$5.79</p><a href="https://www.amazon.com/dp/B07MLTLN75?tag=eloabder-20&linkCode=osi&th=1&psc=1">View Product</a></div><div class="product"><a href="https://www.amazon.com/dp/B09J19Q189?tag=eloabder-20&linkCode=osi&th=1&psc=1"><img src="https://m.media-amazon.com/images/I/513rHNbyUxL._SL500_.jpg" alt="Product Image"></a><p>Flonase Allergy Relief Nasal Spray, 24-Hour Non-Drowsy Multi-Symptom Relief - 72 Sprays plus Bonus Pack of Tissues</p><p>$17.49</p><a href="https://www.amazon.com/dp/B09J19Q189?tag=eloabder-20&linkCode=osi&th=1&psc=1">View Product</a></div>
<div class="product"><a href="https://www.amazon.com/dp/B001FWXKTA?tag=eloabder-20&linkCode=osi&th=1&psc=1"><img src="https://m.media-amazon.com/images/I/31Rb8V-nAVL._SL500_.jpg" alt="Product Image"></a><p>Vicks Warm Mist Humidifier Small to Large Room for Baby, Kids and Adults, 1 Gallon Tank</p><p>$42.99</p><a href="https://www.amazon.com/dp/B001FWXKTA?tag=eloabder-20&linkCode=osi&th=1&psc=1">View Product</a></div>



<div class="product"><a href="https://www.amazon.com/dp/B01NCMJPOQ?tag=eloabder-20&linkCode=osi&th=1&psc=1"><img src="https://m.media-amazon.com/images/I/413cE2SHNeL._SL500_.jpg" alt="Product Image"></a><p>Lee Beauty Professional Callus Remover for Feet - Original, Powerful Formulation - Extra Strength Gel, Home Pedicure Foot Spa Results - Cracked & Dead Dry Skin Supplies - 8 Oz</p><p>$14.99 ($1.87 / Ounce)</p><a href="https://www.amazon.com/dp/B01NCMJPOQ?tag=eloabder-20&linkCode=osi&th=1&psc=1">View Product</a></div><div class="product"><a href="https://www.amazon.com/dp/B07Z6CG253?tag=eloabder-20&linkCode=osi&th=1&psc=1"><img src="https://m.media-amazon.com/images/I/41pgtZmmDcL._SL500_.jpg" alt="Product Image"></a><p>Okay Himalayan Pink Salt Detoxifying Foot Soak With & Tea Tree Oil, lavender, 20 Ounce</p><p>$9.99 ($0.50 / Ounce)</p><a href="https://www.amazon.com/dp/B07Z6CG253?tag=eloabder-20&linkCode=osi&th=1&psc=1">View Product</a></div><div class="product"><a href="https://www.amazon.com/dp/B07HRYCWQZ?tag=eloabder-20&linkCode=osi&th=1&psc=1"><img src="https://m.media-amazon.com/images/I/41foQatg2ZL._SL500_.jpg" alt="Product Image"></a><p>Extra Strength Callus Remover for Feet - Callus Remover Gel Foot Scrubber for Dead Skin - Professional Pedicure Foot Spa Essential, 6oz</p><p>$8.95</p><a href="https://www.amazon.com/dp/B07HRYCWQZ?tag=eloabder-20&linkCode=osi&th=1&psc=1">View Product</a></div><div class="product"><a href="https://www.amazon.com/dp/B00LE99PA2?tag=eloabder-20&linkCode=osi&th=1&psc=1"><img src="https://m.media-amazon.com/images/I/518ViTgYdGL._SL500_.jpg" alt="Product Image"></a><p>Amopé Pedi Perfect Electric Callus Remover Foot File w/ Diamond Crystals, Pedicure Tool for Feet, Removes Hard & Dead Skin, Feet Scrubber & Buffer, Splashproof, w/ Extra Coarse Roller Head, 1 Count</p><p>$19.88</p><a href="https://www.amazon.com/dp/B00LE99PA2?tag=eloabder-20&linkCode=osi&th=1&psc=1">View Product</a></div><div class="product"><a href="https://www.amazon.com/dp/B09NF6QX1G?tag=eloabder-20&linkCode=osi&th=1&psc=1"><img src="https://m.media-amazon.com/images/I/41HuNW0tjuL._SL500_.jpg" alt="Product Image"></a><p>Nervive Nerve Care, Pain Relieving Roll On Liquid, Max Strength No-Mess Topical Pain Reliever with Lidocaine and Menthol for Toes, Feet, Fingers, Hands, Legs & Arms, 2.5oz</p><p>$11.28 ($4.51 / Ounce)</p><a href="https://www.amazon.com/dp/B09NF6QX1G?tag=eloabder-20&linkCode=osi&th=1&psc=1">View Product</a></div>
<div class="product"><a href="https://www.amazon.com/dp/B004D24818?tag=eloabder-20&linkCode=osi&th=1&psc=1"><img src="https://m.media-amazon.com/images/I/41bHH-v8WsL._SL500_.jpg" alt="Product Image"></a><p>Neutrogena Retinol Eye Cream for Dark Circles, Rapid Wrinkle Repair, Daily Anti-Aging Under Eye Cream with Retinol & Hyaluronic Acid to Fight Fine Lines, Wrinkles, & Dark Spots, 0.5 fl. oz</p><p>$17.55 ($35.10 / Fl Oz)</p><a href="https://www.amazon.com/dp/B004D24818?tag=eloabder-20&linkCode=osi&th=1&psc=1">View Product</a></div><div class="product"><a href="https://www.amazon.com/dp/B01D1DR514?tag=eloabder-20&linkCode=osi&th=1&psc=1"><img src="https://m.media-amazon.com/images/I/31xMIASoSRL._SL500_.jpg" alt="Product Image"></a><p>e.l.f. SKIN Holy Hydration! Eye Cream, Rich Hydrating Eye Cream For Minimizing Dark Circles, Infused With Hyaluronic Acid, Vegan & Cruelty-free</p><p>$10.00 ($18.87 / Ounce)</p><a href="https://www.amazon.com/dp/B01D1DR514?tag=eloabder-20&linkCode=osi&th=1&psc=1">View Product</a></div><div class="product"><a href="https://www.amazon.com/dp/B0CRM6KKK5?tag=eloabder-20&linkCode=osi&th=1&psc=1"><img src="https://m.media-amazon.com/images/I/21nz5wmE0lL._SL500_.jpg" alt="Product Image"></a><p>Eight Saints Wonder-fill Plumping Eye Cream, Natural and Organic Anti Aging Under Eye Cream to Plump Skin, Reduce Wrinkles, Fine Lines, and Under Eye Bags, Dark Circles Under Eye Treatment, 0.5 Ounces</p><p>$38.00 ($76.00 / Ounce)</p><a href="https://www.amazon.com/dp/B0CRM6KKK5?tag=eloabder-20&linkCode=osi&th=1&psc=1">View Product</a></div>


<div class="product"><a href="https://www.amazon.com/dp/B099J2SWXV?tag=eloabder-20&linkCode=osi&th=1&psc=1"><img src="https://m.media-amazon.com/images/I/51XFs0dRjpL._SL500_.jpg" alt="Product Image"></a><p>Dymatize ISO100 Hydrolyzed Protein Powder, 100% Whey Isolate Protein, 25g of Protein, 5.5g BCAAs, Gluten Free, Fast Absorbing, Easy Digesting, Gourmet Vanilla, 20 servings</p><p>$27.96 ($1.30 / Ounce)</p><a href="https://www.amazon.com/dp/B099J2SWXV?tag=eloabder-20&linkCode=osi&th=1&psc=1">View Product</a></div><div class="product"><a href="https://www.amazon.com/dp/B000QSNYGI?tag=eloabder-20&linkCode=osi&th=1&psc=1"><img src="https://m.media-amazon.com/images/I/418FT93kkzL._SL500_.jpg" alt="Product Image"></a><p>Optimum Nutrition Gold Standard 100% Whey Protein Powder, Double Rich Chocolate, 5 Pound (Packaging May Vary)</p><p>$73.33 ($0.92 / Ounce)</p><a href="https://www.amazon.com/dp/B000QSNYGI?tag=eloabder-20&linkCode=osi&th=1&psc=1">View Product</a></div><div class="product"><a href="https://www.amazon.com/dp/B013MRPPL6?tag=eloabder-20&linkCode=osi&th=1&psc=1"><img src="https://m.media-amazon.com/images/I/51fmY5QAcGL._SL500_.jpg" alt="Product Image"></a><p>Equip Foods Prime Protein - Grass Fed Beef Protein Powder Isolate - Paleo and Keto Friendly, Gluten Free Carnivore Protein Powder - Chocolate, 1.7 Pounds - Helps Build and Repair Tissue</p><p>$67.99 ($2.50 / Ounce)</p><a href="https://www.amazon.com/dp/B013MRPPL6?tag=eloabder-20&linkCode=osi&th=1&psc=1">View Product</a></div><div class="product"><a href="https://www.amazon.com/dp/B00J074W7Q?tag=eloabder-20&linkCode=osi&th=1&psc=1"><img src="https://m.media-amazon.com/images/I/417tUIFuGVL._SL500_.jpg" alt="Product Image"></a><p>Orgain Organic Vegan Protein Powder, Vanilla Bean - 21g Plant Protein, 4g Prebiotic Fiber, No Lactose Ingredients, No Added Sugar, Non-GMO, For Shakes & Smoothies, 2.03 lb (Packaging May Vary)</p><p>$26.34 ($0.81 / Ounce)</p><a href="https://www.amazon.com/dp/B00J074W7Q?tag=eloabder-20&linkCode=osi&th=1&psc=1">View Product</a></div><div class="product"><a href="https://www.amazon.com/dp/B06Y5ZG66K?tag=eloabder-20&linkCode=osi&th=1&psc=1"><img src="https://m.media-amazon.com/images/I/51Lyzdfa4oL._SL500_.jpg" alt="Product Image"></a><p>Premier Protein Powder, Chocolate Milkshake, 30g Protein, 1g Sugar, 100% Whey Protein, Keto Friendly, No Soy Ingredients, Gluten Free, 17 Servings, 23.9 Ounce (Pack of 1)</p><p>$25.18 ($1.03 / Ounce)</p><a href="https://www.amazon.com/dp/B06Y5ZG66K?tag=eloabder-20&linkCode=osi&th=1&psc=1">View Product</a></div><div class="product"><a href="https://www.amazon.com/dp/B0BJLBD427?tag=eloabder-20&linkCode=osi&th=1&psc=1"><img src="https://m.media-amazon.com/images/I/51YnBZqOwCL._SL500_.jpg" alt="Product Image"></a><p>Body Fortress Super Advanced Whey Protein Powder, Chocolate, Immune Support (1), Vitamins C & D Plus Zinc, 1.78 lbs (Packaging May Vary)</p><p>$22.98 ($0.81 / Ounce)</p><a href="https://www.amazon.com/dp/B0BJLBD427?tag=eloabder-20&linkCode=osi&th=1&psc=1">View Product</a></div><div class="product"><a href="https://www.amazon.com/dp/B07PXNNFGT?tag=eloabder-20&linkCode=osi&th=1&psc=1"><img src="https://m.media-amazon.com/images/I/51Fw9Wm0sGL._SL500_.jpg" alt="Product Image"></a><p>Orgain Organic Vegan Protein + 50 Superfoods Powder, Vanilla Bean - 21g Plant Based Protein, 8g Prebiotic Fiber, No Lactose Ingredients, Gluten Free, No Added Sugar, Non-GMO, 2.02 lb</p><p>$29.99 ($0.93 / Ounce)</p><a href="https://www.amazon.com/dp/B07PXNNFGT?tag=eloabder-20&linkCode=osi&th=1&psc=1">View Product</a></div><div class="product"><a href="https://www.amazon.com/dp/B00EACSHF4?tag=eloabder-20&linkCode=osi&th=1&psc=1"><img src="https://m.media-amazon.com/images/I/41D4SI8q0mL._SL500_.jpg" alt="Product Image"></a><p>Dymatize Elite 100% Whey Protein Powder, 25g Protein, 5.5g BCAAs & 2.7g L-Leucine, Quick Absorbing & Fast Digesting for Optimal Muscle Recovery, Gourmet Vanilla, 5 Pound, 67 Servings</p><p>$67.49 ($0.84 / Ounce)</p><a href="https://www.amazon.com/dp/B00EACSHF4?tag=eloabder-20&linkCode=osi&th=1&psc=1">View Product</a></div><div class="product"><a href="https://www.amazon.com/dp/B00J074W94?tag=eloabder-20&linkCode=osi&th=1&psc=1"><img src="https://m.media-amazon.com/images/I/41jXWg1fe6L._SL500_.jpg" alt="Product Image"></a><p>Orgain Organic Vegan Protein Powder, Creamy Chocolate Fudge - 21g Plant Protein, 7g Prebiotic Fiber, Low Net Carb, No Lactose Ingredients, No Added Sugar, Non-GMO, For Shakes & Smoothies, 2.03 lb</p><p>$30.49 ($0.94 / Ounce)</p><a href="https://www.amazon.com/dp/B00J074W94?tag=eloabder-20&linkCode=osi&th=1&psc=1">View Product</a></div><div class="product"><a href="https://www.amazon.com/dp/B002DYIZHG?tag=eloabder-20&linkCode=osi&th=1&psc=1"><img src="https://m.media-amazon.com/images/I/41JLcuooSqL._SL500_.jpg" alt="Product Image"></a><p>Optimum Nutrition Gold Standard 100% Whey Protein Powder, Extreme Milk Chocolate, 2 Pound (Pack of 1) (Packaging May Vary)</p><p>$35.47 ($1.11 / Ounce)</p><a href="https://www.amazon.com/dp/B002DYIZHG?tag=eloabder-20&linkCode=osi&th=1&psc=1">View Product</a></div>
<div class="product"><a href="https://www.amazon.com/dp/B019GU4ILQ?tag=eloabder-20&linkCode=osi&th=1&psc=1"><img src="https://m.media-amazon.com/images/I/51QLnQIgtZL._SL500_.jpg" alt="Product Image"></a><p>Nuun Sport Electrolyte Tablets for Proactive Hydration, Mixed Citrus Berry Flavors, 4 Pack (40 Servings)</p><p>$21.80 ($0.54 / Count)</p><a href="https://www.amazon.com/dp/B019GU4ILQ?tag=eloabder-20&linkCode=osi&th=1&psc=1">View Product</a></div><div class="product"><a href="https://www.amazon.com/dp/B07DX89ZHN?tag=eloabder-20&linkCode=osi&th=1&psc=1"><img src="https://m.media-amazon.com/images/I/41INqodQzYL._SL500_.jpg" alt="Product Image"></a><p>Sports Research Triple Strength Omega 3 Fish Oil - Burpless Fish Oil Supplement w/EPA & DHA Fatty Acids from Single-Source Wild Alaska Pollock - 1250 mg, 90 ct</p><p>$26.95 ($0.30 / Count)</p><a href="https://www.amazon.com/dp/B07DX89ZHN?tag=eloabder-20&linkCode=osi&th=1&psc=1">View Product</a></div><div class="product"><a href="https://www.amazon.com/dp/B0892R2K3P?tag=eloabder-20&linkCode=osi&th=1&psc=1"><img src="https://m.media-amazon.com/images/I/41Ru5Hoi+JL._SL500_.jpg" alt="Product Image"></a><p>BARE PERFORMANCE NUTRITION, BPN G.1.M Go One More Sport, Endurance Training Fuel, Fruit Punch, Superior Carbohydrate Source & Electrolyte Formula, Reduce Fatigue, 25 Servings</p><p>$39.99 ($1.92 / Ounce)</p><a href="https://www.amazon.com/dp/B0892R2K3P?tag=eloabder-20&linkCode=osi&th=1&psc=1">View Product</a></div><div class="product"><a href="https://www.amazon.com/dp/B000GISTZ4?tag=eloabder-20&linkCode=osi&th=1&psc=1"><img src="https://m.media-amazon.com/images/I/41oF8bNCKHL._SL500_.jpg" alt="Product Image"></a><p>Optimum Nutrition Gold Standard 100% Whey Protein Powder, Vanilla Ice Cream, 2 Pound (Pack of 1) (Packaging May Vary)</p><p>$35.34 ($1.10 / Ounce)</p><a href="https://www.amazon.com/dp/B000GISTZ4?tag=eloabder-20&linkCode=osi&th=1&psc=1">View Product</a></div><div class="product"><a href="https://www.amazon.com/dp/B0CCJZVJYG?tag=eloabder-20&linkCode=osi&th=1&psc=1"><img src="https://m.media-amazon.com/images/I/41tfAgk2pvL._SL500_.jpg" alt="Product Image"></a><p>Sports Research Creatine Monohydrate - Gain Lean Muscle, Improve Performance and Strength and Support Workout Recovery - 5 g Micronized Creatine - 1.1LBS</p><p>$27.95 ($1.58 / Ounce)</p><a href="https://www.amazon.com/dp/B0CCJZVJYG?tag=eloabder-20&linkCode=osi&th=1&psc=1">View Product</a></div><div class="product"><a href="https://www.amazon.com/dp/B0BSNZLT17?tag=eloabder-20&linkCode=osi&th=1&psc=1"><img src="https://m.media-amazon.com/images/I/41nQChd8nGL._SL500_.jpg" alt="Product Image"></a><p>Animal Pak - Convenient All-in-One Vitamin & Supplement Pack - Zinc, Vitamins C, B, D, Amino Acids and More - Sports Nutrition Performance Mulitvitamin for Women & Men - Updated Version - 44 Count</p><p>$39.94 ($0.91 / Count)</p><a href="https://www.amazon.com/dp/B0BSNZLT17?tag=eloabder-20&linkCode=osi&th=1&psc=1">View Product</a></div><div class="product"><a href="https://www.amazon.com/dp/B002DYIZEE?tag=eloabder-20&linkCode=osi&th=1&psc=1"><img src="https://m.media-amazon.com/images/I/41bCZ4N2pdL._SL500_.jpg" alt="Product Image"></a><p>Optimum Nutrition Micronized Creatine Monohydrate Powder, Unflavored, Keto Friendly, 60 Servings (Packaging May Vary)</p><p>$20.45 ($1.93 / Ounce)</p><a href="https://www.amazon.com/dp/B002DYIZEE?tag=eloabder-20&linkCode=osi&th=1&psc=1">View Product</a></div><div class="product"><a href="https://www.amazon.com/dp/B0013OWAB4?tag=eloabder-20&linkCode=osi&th=1&psc=1"><img src="https://m.media-amazon.com/images/I/41rmB5rTj8L._SL500_.jpg" alt="Product Image"></a><p>NOW Sports Nutrition, Whey Protein Isolate, 25 g With BCAAs, Unflavored Powder, 1.2-Pound</p><p>$28.95 ($1.51 / Ounce)</p><a href="https://www.amazon.com/dp/B0013OWAB4?tag=eloabder-20&linkCode=osi&th=1&psc=1">View Product</a></div><div class="product"><a href="https://www.amazon.com/dp/B001LXMUW6?tag=eloabder-20&linkCode=osi&th=1&psc=1"><img src="https://m.media-amazon.com/images/I/413hbtz4hkL._SL500_.jpg" alt="Product Image"></a><p>NOW Sports Nutrition, ZMA (Zinc, Magnesium and Vitamin B-6), Enhanced Absorption, Sports Recovery*, 180 Capsules</p><p>$24.53 ($0.14 / Count)</p><a href="https://www.amazon.com/dp/B001LXMUW6?tag=eloabder-20&linkCode=osi&th=1&psc=1">View Product</a></div><div class="product"><a href="https://www.amazon.com/dp/B07BVJ858K?tag=eloabder-20&linkCode=osi&th=1&psc=1"><img src="https://m.media-amazon.com/images/I/510iuVavSBL._SL500_.jpg" alt="Product Image"></a><p>C4 Ripped Sport Pre Workout Powder Arctic Snow Cone - NSF Certified for Sport + Sugar Free Preworkout Energy Supplement for Men & Women - 135mg Caffeine + Weight Loss - 30 Servings</p><p>$22.94 ($2.64 / Ounce)</p><a href="https://www.amazon.com/dp/B07BVJ858K?tag=eloabder-20&linkCode=osi&th=1&psc=1">View Product</a></div>
<div class="product"><a href="https://www.amazon.com/dp/B078SJH4V3?tag=eloabder-20&linkCode=osi&th=1&psc=1"><img src="https://m.media-amazon.com/images/I/41Jdxoi2qyL._SL500_.jpg" alt="Product Image"></a><p>Turmeric Curcumin with BioPerine & Ginger 95% Curcuminoids 1950mg - Black Pepper Extract for Max Absorption, Nature's Joint Support Supplement, Herbal Turmeric Pills, Vegan Non-GMO - 60 Capsules</p><p>$12.82 ($0.21 / Count)</p><a href="https://www.amazon.com/dp/B078SJH4V3?tag=eloabder-20&linkCode=osi&th=1&psc=1">View Product</a></div><div class="product"><a href="https://www.amazon.com/dp/B01NCUJPBF?tag=eloabder-20&linkCode=osi&th=1&psc=1"><img src="https://m.media-amazon.com/images/I/418t59tc2oL._SL500_.jpg" alt="Product Image"></a><p>Liver Cleanse and Detox & Repair Formula - Herbal Liver Support Supplement with Milk Thistle Dandelion Root & Artichoke Extract for Liver Health - Silymarin Milk Thistle Liver Detox Capsules</p><p>$22.77 ($0.33 / Count)</p><a href="https://www.amazon.com/dp/B01NCUJPBF?tag=eloabder-20&linkCode=osi&th=1&psc=1">View Product</a></div><div class="product"><a href="https://www.amazon.com/dp/B07FSWJ5QR?tag=eloabder-20&linkCode=osi&th=1&psc=1"><img src="https://m.media-amazon.com/images/I/41PO8m1VIWL._SL500_.jpg" alt="Product Image"></a><p>Herbal Roots Organic Whole Bulb Garlic Pills - Potent Extra Strength | 600 mg - 60 Organic Vegan Capsules</p><p>$23.99 ($0.40 / Count)</p><a href="https://www.amazon.com/dp/B07FSWJ5QR?tag=eloabder-20&linkCode=osi&th=1&psc=1">View Product</a></div><div class="product"><a href="https://www.amazon.com/dp/B07W7N8SLX?tag=eloabder-20&linkCode=osi&th=1&psc=1"><img src="https://m.media-amazon.com/images/I/51G0BB4e-AL._SL500_.jpg" alt="Product Image"></a><p>Turmeric Curcumin with BioPerine 95% Standardized Curcuminoids 1950mg - Black Pepper Extract for Max Absorption, Nature's Joint Support Supplement, Herbal Turmeric Pills, Vegan Non-GMO - 240 Capsules</p><p>$26.32 ($0.11 / Count)</p><a href="https://www.amazon.com/dp/B07W7N8SLX?tag=eloabder-20&linkCode=osi&th=1&psc=1">View Product</a></div><div class="product"><a href="https://www.amazon.com/dp/B00HG0YZMG?tag=eloabder-20&linkCode=osi&th=1&psc=1"><img src="https://m.media-amazon.com/images/I/41VJNay0ZCL._SL500_.jpg" alt="Product Image"></a><p>Quality of Life Premium Kinoko Platinum AHCC Herbal Supplement, 750mg of AHCC per Capsule, for Immune Support, Liver Function, Maintains Natural Killer Cell Activity, 1 Pack, 60 Veggie Capsules</p><p>$74.96 ($1.25 / Count)</p><a href="https://www.amazon.com/dp/B00HG0YZMG?tag=eloabder-20&linkCode=osi&th=1&psc=1">View Product</a></div><div class="product"><a href="https://www.amazon.com/dp/B000RP5Q70?tag=eloabder-20&linkCode=osi&th=1&psc=1"><img src="https://m.media-amazon.com/images/I/31URCaNT8sL._SL500_.jpg" alt="Product Image"></a><p>Source Naturals Wellness Formula Bio-Aligned Vitamins & Herbal Defense for Immune System Support - Dietary Supplement & Immunity Booster - 60 Capsules</p><p>$9.63 ($0.16 / Count)</p><a href="https://www.amazon.com/dp/B000RP5Q70?tag=eloabder-20&linkCode=osi&th=1&psc=1">View Product</a></div><div class="product"><a href="https://www.amazon.com/dp/B0BNWDY2G7?tag=eloabder-20&linkCode=osi&th=1&psc=1"><img src="https://m.media-amazon.com/images/I/41fiG9I387L._SL500_.jpg" alt="Product Image"></a><p>Carlyle Turmeric Curcumin Supplement 2400mg | 180 Powder Capsules | Herbal Formula | Non-GMO, Gluten Free</p><p>$9.89 ($0.05 / Count)</p><a href="https://www.amazon.com/dp/B0BNWDY2G7?tag=eloabder-20&linkCode=osi&th=1&psc=1">View Product</a></div><div class="product"><a href="https://www.amazon.com/dp/B09QCTW4Z1?tag=eloabder-20&linkCode=osi&th=1&psc=1"><img src="https://m.media-amazon.com/images/I/51SwkLX9yzL._SL500_.jpg" alt="Product Image"></a><p>Turmeric Tablets 2600mg with Black Pepper & Ginger - 95% Curcumin Extract 180 and (3 Month) High Strength Active Supplements Not Capsules,by New Leaf</p><p>$14.95 ($0.08 / Count)</p><a href="https://www.amazon.com/dp/B09QCTW4Z1?tag=eloabder-20&linkCode=osi&th=1&psc=1">View Product</a></div><div class="product"><a href="https://www.amazon.com/dp/B07TMQ3RW8?tag=eloabder-20&linkCode=osi&th=1&psc=1"><img src="https://m.media-amazon.com/images/I/51rnnuvcjaL._SL500_.jpg" alt="Product Image"></a><p>HCL HERBAL CODE LABS Turmeric Boswellia Extract Supplement 2000 mg – Strong Natural Joint Support Pills – Extra Strength Boswellia Serrata with Turmeric Curcumin Powder 90 Capsules</p><p>$22.88 ($0.25 / Count)</p><a href="https://www.amazon.com/dp/B07TMQ3RW8?tag=eloabder-20&linkCode=osi&th=1&psc=1">View Product</a></div>
<div class="product"><a href="https://www.amazon.com/dp/B00YMSLT88?tag=eloabder-20&linkCode=osi&th=1&psc=1"><img src="https://m.media-amazon.com/images/I/41S95x-3xaL._SL500_.jpg" alt="Product Image"></a><p>Nature Made Multivitamin Tablets with Iron, Multivitamin for Women and Men for Daily Nutritional Support, 130 Tablets, 130 Day Supply</p><p>$11.99 ($0.09 / Count)</p><a href="https://www.amazon.com/dp/B00YMSLT88?tag=eloabder-20&linkCode=osi&th=1&psc=1">View Product</a></div><div class="product"><a href="https://www.amazon.com/dp/B00FOTMGTU?tag=eloabder-20&linkCode=osi&th=1&psc=1"><img src="https://m.media-amazon.com/images/I/41PtIQlINuL._SL500_.jpg" alt="Product Image"></a><p>THORNE Basic Nutrients 2/Day - Comprehensive Daily Multivitamin with Optimal Bioavailability - Vitamin and Mineral Formula - Gluten-Free, Dairy-Free, Soy-Free - 60 Capsules - 30 Servings</p><p>$32.00 ($0.53 / Count)</p><a href="https://www.amazon.com/dp/B00FOTMGTU?tag=eloabder-20&linkCode=osi&th=1&psc=1">View Product</a></div><div class="product"><a href="https://www.amazon.com/dp/B097S1GQ5B?tag=eloabder-20&linkCode=osi&th=1&psc=1"><img src="https://m.media-amazon.com/images/I/41XR1ndDxdL._SL500_.jpg" alt="Product Image"></a><p>Primal Harvest Multivitamin for Women and Men Vitamin A, Vitamin C, Vitamin D and E, Vitamin B12, B6, Biotin, Zinc Supplements, 30 Capsules</p><p>$29.95 ($1.00 / Count )</p><a href="https://www.amazon.com/dp/B097S1GQ5B?tag=eloabder-20&linkCode=osi&th=1&psc=1">View Product</a></div><div class="product"><a href="https://www.amazon.com/dp/B09BVYY7XR?tag=eloabder-20&linkCode=osi&th=1&psc=1"><img src="https://m.media-amazon.com/images/I/41y16Rsk2tL._SL500_.jpg" alt="Product Image"></a><p>Centrum Adult Multivitamin/Multimineral Supplement with Antioxidants, Zinc, Vitamin D3 and B Vitamins, Gluten Free, Non-GMO Ingredients - 200 Count</p><p>$12.12 ($0.06 / Count)</p><a href="https://www.amazon.com/dp/B09BVYY7XR?tag=eloabder-20&linkCode=osi&th=1&psc=1">View Product</a></div><div class="product"><a href="https://www.amazon.com/dp/B09KF8MKB8?tag=eloabder-20&linkCode=osi&th=1&psc=1"><img src="https://m.media-amazon.com/images/I/41jL2KGnSaL._SL500_.jpg" alt="Product Image"></a><p>One A Day Men’s 50+ Healthy Advantage Multivitamin, Multivitamin for Men with Vitamins A, C, E, B6, B12, Calcium and Vitamin D, Tablet, 200 Count (Pack of 1)</p><p>$19.98 ($0.10 / Count)</p><a href="https://www.amazon.com/dp/B09KF8MKB8?tag=eloabder-20&linkCode=osi&th=1&psc=1">View Product</a></div><div class="product"><a href="https://www.amazon.com/dp/B01BGZVXC6?tag=eloabder-20&linkCode=osi&th=1&psc=1"><img src="https://m.media-amazon.com/images/I/41Jd5FzxAkL._SL500_.jpg" alt="Product Image"></a><p>Pure Encapsulations O.N.E. Multivitamin - Once Daily Multivitamin with Antioxidant Complex Metafolin, CoQ10, and Lutein to Support Vision, Cognitive Function, and Cellular Health* - 120 Capsules</p><p>$86.00 ($0.72 / Count)</p><a href="https://www.amazon.com/dp/B01BGZVXC6?tag=eloabder-20&linkCode=osi&th=1&psc=1">View Product</a></div><div class="product"><a href="https://www.amazon.com/dp/B007L0DONW?tag=eloabder-20&linkCode=osi&th=1&psc=1"><img src="https://m.media-amazon.com/images/I/41vIgYSAtXL._SL500_.jpg" alt="Product Image"></a><p>vitafusion Adult Gummy Vitamins for Men, Berry Flavored Daily Multivitamins for Men With Vitamins A, C, D, E, B6 and B12, America’s Number 1 Gummy Vitamin Brand, 75 Day Supply, 150 Count</p><p>$11.99 ($0.08 / Count)</p><a href="https://www.amazon.com/dp/B007L0DONW?tag=eloabder-20&linkCode=osi&th=1&psc=1">View Product</a></div><div class="product"><a href="https://www.amazon.com/dp/B0007YCC7S?tag=eloabder-20&linkCode=osi&th=1&psc=1"><img src="https://m.media-amazon.com/images/I/41ZeBcOfAQL._SL500_.jpg" alt="Product Image"></a><p>Rainbow Light Multivitamin for Men, Vitamin C, D & Zinc, Probiotics, Men's One Multivitamin Provides High Potency Immune Support, Non-GMO, Vegetarian, 150 Tablets</p><p>$40.79 ($0.27 / Count)</p><a href="https://www.amazon.com/dp/B0007YCC7S?tag=eloabder-20&linkCode=osi&th=1&psc=1">View Product</a></div><div class="product"><a href="https://www.amazon.com/dp/B09QBKGDLS?tag=eloabder-20&linkCode=osi&th=1&psc=1"><img src="https://m.media-amazon.com/images/I/41Xr3sSp+8L._SL500_.jpg" alt="Product Image"></a><p>ONE A DAY Womens Complete Daily Multivitamin with Vitamin A, B , C, D, and E, Calcium and Magnesium, Immune Health Support, 200 Count</p><p>$17.48 ($0.09 / Count)</p><a href="https://www.amazon.com/dp/B09QBKGDLS?tag=eloabder-20&linkCode=osi&th=1&psc=1">View Product</a></div>
<div class="product"><a href="https://www.amazon.com/dp/B000NPYY04?tag=eloabder-20&linkCode=osi&th=1&psc=1"><img src="https://m.media-amazon.com/images/I/41AB0odrkeL._SL500_.jpg" alt="Product Image"></a><p>Nature's Bounty Fish Oil, Supports Heart Health, 1200 Mg, 360 Mg Omega-3, Rapid Release Softgels, 200 Ct</p><p>$13.32 ($0.07 / Count)</p><a href="https://www.amazon.com/dp/B000NPYY04?tag=eloabder-20&linkCode=osi&th=1&psc=1">View Product</a></div><div class="product"><a href="https://www.amazon.com/dp/B0046XC528?tag=eloabder-20&linkCode=osi&th=1&psc=1"><img src="https://m.media-amazon.com/images/I/41cdANHQ68L._SL500_.jpg" alt="Product Image"></a><p>Nature Made Fish Oil 1000 mg Softgels, Fish Oil Supplements, Omega 3 Fish Oil for Healthy Heart Support, Omega 3 Supplement with 250 Softgels, 125 Day Supply</p><p>$18.29 ($0.07 / Count)</p><a href="https://www.amazon.com/dp/B0046XC528?tag=eloabder-20&linkCode=osi&th=1&psc=1">View Product</a></div><div class="product"><a href="https://www.amazon.com/dp/B01BTBZWBU?tag=eloabder-20&linkCode=osi&th=1&psc=1"><img src="https://m.media-amazon.com/images/I/41KDZ4VcuHL._SL500_.jpg" alt="Product Image"></a><p>Sports Research Triple Strength Omega 3 Fish Oil - Burpless Fish Oil Supplement w/EPA & DHA Fatty Acids from Single-Source Wild Alaska Pollock - 1250 mg, 180 ct</p><p>$52.95 ($0.29 / Count)</p><a href="https://www.amazon.com/dp/B01BTBZWBU?tag=eloabder-20&linkCode=osi&th=1&psc=1">View Product</a></div><div class="product"><a href="https://www.amazon.com/dp/B014LDT0ZM?tag=eloabder-20&linkCode=osi&th=1&psc=1"><img src="https://m.media-amazon.com/images/I/51c-3W4m1RL._SL500_.jpg" alt="Product Image"></a><p>Viva Naturals Triple Strength Omega 3 Fish Oil Supplement - 2500 mg Fish Oil with Re-Esterified Omega 3 Fatty Acids including EPA, DHA DPA - 180 Pescatarian-Friendly Softgels</p><p>$58.95 ($0.33 / Count)</p><a href="https://www.amazon.com/dp/B014LDT0ZM?tag=eloabder-20&linkCode=osi&th=1&psc=1">View Product</a></div><div class="product"><a href="https://www.amazon.com/dp/B07QHP2ZNQ?tag=eloabder-20&linkCode=osi&th=1&psc=1"><img src="https://m.media-amazon.com/images/I/41p2LIEGL3L._SL500_.jpg" alt="Product Image"></a><p>Nordic Naturals Ultimate Omega, Lemon Flavor - 210 Soft Gels - 1280 mg Omega-3 - High-Potency Omega-3 Fish Oil with EPA & DHA - Promotes Brain & Heart Health - Non-GMO - 105 Servings</p><p>$67.20 ($0.32 / Count)</p><a href="https://www.amazon.com/dp/B07QHP2ZNQ?tag=eloabder-20&linkCode=osi&th=1&psc=1">View Product</a></div><div class="product"><a href="https://www.amazon.com/dp/B01NBTJFJB?tag=eloabder-20&linkCode=osi&th=1&psc=1"><img src="https://m.media-amazon.com/images/I/41gJBxUZtcL._SL500_.jpg" alt="Product Image"></a><p>Triple Strength Omega 3 Fish Oil | 3600 mg EPA & DHA | Over 2100mg of Omega 3 Fatty Acids | 1300mg EPA + 860mg DHA | Best Essential Fatty Acids | Premium Burpless Softgel Supplements (120 Ct)</p><p>$29.95 ($0.25 / Count)</p><a href="https://www.amazon.com/dp/B01NBTJFJB?tag=eloabder-20&linkCode=osi&th=1&psc=1">View Product</a></div><div class="product"><a href="https://www.amazon.com/dp/B00CAZAU62?tag=eloabder-20&linkCode=osi&th=1&psc=1"><img src="https://m.media-amazon.com/images/I/41gdtyE2xHL._SL500_.jpg" alt="Product Image"></a><p>Dr. Tobias Omega 3 Fish Oil, 2000mg Triple Strength Omega 3 Supplement with 800mg EPA 600mg DHA Per Serving, Fish Oil Omega 3 Supplements for Heart, Brain & Immune Support, 180 Softgels, 90 Servings</p><p>$42.99 ($0.24 / Count)</p><a href="https://www.amazon.com/dp/B00CAZAU62?tag=eloabder-20&linkCode=osi&th=1&psc=1">View Product</a></div><div class="product"><a href="https://www.amazon.com/dp/B01GV4O37E?tag=eloabder-20&linkCode=osi&th=1&psc=1"><img src="https://m.media-amazon.com/images/I/41JtERQfIWL._SL500_.jpg" alt="Product Image"></a><p>Arazo Nutrition Wild Caught Omega 3 Fish Oil – 120 Soft Gels – 4,080mg High EPA 1200mg DHA 900mg Lemon Flavor Burpless Softgels</p><p>$28.95 ($0.24 / Count)</p><a href="https://www.amazon.com/dp/B01GV4O37E?tag=eloabder-20&linkCode=osi&th=1&psc=1">View Product</a></div>
<div class="product"><a href="https://www.amazon.com/dp/B09GLGC9DG?tag=eloabder-20&linkCode=osi&th=1&psc=1"><img src="https://m.media-amazon.com/images/I/51OsLLY4B6L._SL500_.jpg" alt="Product Image"></a><p>Physician's CHOICE Probiotics 60 Billion CFU - 10 Strains + Organic Prebiotics - Immune, Digestive & Gut Health - Supports Occasional Constipation, Diarrhea, Gas & Bloating - for Women & Men - 60ct</p><p>$36.97 ($0.62 / Count)</p><a href="https://www.amazon.com/dp/B09GLGC9DG?tag=eloabder-20&linkCode=osi&th=1&psc=1">View Product</a></div><div class="product"><a href="https://www.amazon.com/dp/B004JO3JTM?tag=eloabder-20&linkCode=osi&th=1&psc=1"><img src="https://m.media-amazon.com/images/I/51kOhkzzLKL._SL500_.jpg" alt="Product Image"></a><p>Nature's Bounty Acidophilus Probiotic, Daily Probiotic Supplement, Supports Digestive Health, Twin Pack, 100 Count (Pack of 2)</p><p>$14.99 ($0.07 / Count)</p><a href="https://www.amazon.com/dp/B004JO3JTM?tag=eloabder-20&linkCode=osi&th=1&psc=1">View Product</a></div><div class="product"><a href="https://www.amazon.com/dp/B071DZQLPQ?tag=eloabder-20&linkCode=osi&th=1&psc=1"><img src="https://m.media-amazon.com/images/I/51E-+x12x5L._SL500_.jpg" alt="Product Image"></a><p>NewRhythm Probiotics 50 Billion CFU 20 Strains, 60 Veggie Capsules, Targeted Release Technology, Stomach Acid Resistant, No Need for Refrigeration, Non-GMO, Gluten Free</p><p>$16.99 ($0.28 / Count)</p><a href="https://www.amazon.com/dp/B071DZQLPQ?tag=eloabder-20&linkCode=osi&th=1&psc=1">View Product</a></div><div class="product"><a href="https://www.amazon.com/dp/B00L1GHMN0?tag=eloabder-20&linkCode=osi&th=1&psc=1"><img src="https://m.media-amazon.com/images/I/41Msqs9cM9L._SL500_.jpg" alt="Product Image"></a><p>NOW Supplements, Probiotic-10™, 25 Billion, with 10 Probiotic Strains, Dairy, Soy and Gluten Free, Strain Verified, 100 Veg Capsules</p><p>$22.90 ($0.23 / Count)</p><a href="https://www.amazon.com/dp/B00L1GHMN0?tag=eloabder-20&linkCode=osi&th=1&psc=1">View Product</a></div><div class="product"><a href="https://www.amazon.com/dp/B0D5FZGY8W?tag=eloabder-20&linkCode=osi&th=1&psc=1"><img src="https://m.media-amazon.com/images/I/51gWW6a+5uL._SL500_.jpg" alt="Product Image"></a><p>URO Vaginal Probiotics for Women pH Balance with Prebiotics & Lactobacillus Probiotic Blend - Women's Vaginal Health Supplement - Promote Healthy Vaginal Odor & Vaginal Flora, 60 Count (Pack of 1)</p><p>$28.79 ($0.48 / Count)</p><a href="https://www.amazon.com/dp/B0D5FZGY8W?tag=eloabder-20&linkCode=osi&th=1&psc=1">View Product</a></div><div class="product"><a href="https://www.amazon.com/dp/B00Y8MP4G6?tag=eloabder-20&linkCode=osi&th=1&psc=1"><img src="https://m.media-amazon.com/images/I/41DODStWo4L._SL500_.jpg" alt="Product Image"></a><p>Garden of Life Once Daily Dr. Formulated Probiotics for Women 50 Billion CFU 16 Probiotic Strains with Organic Prebiotics for Digestive, Vaginal & Immune Health, Dairy Free, Shelf Stable 30 Capsules</p><p>$32.19 ($1.07 / Count)</p><a href="https://www.amazon.com/dp/B00Y8MP4G6?tag=eloabder-20&linkCode=osi&th=1&psc=1">View Product</a></div><div class="product"><a href="https://www.amazon.com/dp/B08GR12D4T?tag=eloabder-20&linkCode=osi&th=1&psc=1"><img src="https://m.media-amazon.com/images/I/413uXWNsVzL._SL500_.jpg" alt="Product Image"></a><p>Nature’s Bounty Probiotic 10, Ultra Strength Daily Probiotic Supplement, Support for Digestive, Immune and Upper Respiratory Health, 1 Pack, 30 Capsules</p><p>$12.84 ($0.43 / Count)</p><a href="https://www.amazon.com/dp/B08GR12D4T?tag=eloabder-20&linkCode=osi&th=1&psc=1">View Product</a></div><div class="product"><a href="https://www.amazon.com/dp/B09Z3TPGRZ?tag=eloabder-20&linkCode=osi&th=1&psc=1"><img src="https://m.media-amazon.com/images/I/51H4Kaf9VPL._SL500_.jpg" alt="Product Image"></a><p>Physician's Choice Probiotics - PH Balance, Digestive, UT, & Feminine Health - 50 Billion CFU - 6 Unique Strains for Women - Organic Prebiotics, Cranberry Extract+ - Probiotic - 60 CT</p><p>$36.97 ($0.62 / Count)</p><a href="https://www.amazon.com/dp/B09Z3TPGRZ?tag=eloabder-20&linkCode=osi&th=1&psc=1">View Product</a></div><div class="product"><a href="https://www.amazon.com/dp/B0811P73BT?tag=eloabder-20&linkCode=osi&th=1&psc=1"><img src="https://m.media-amazon.com/images/I/41bBVdIgYdS._SL500_.jpg" alt="Product Image"></a><p>Organic Probiotics 100 Billion CFU, Dr Formulated Probiotics for Women, Probiotics for Men and Adults, Complete Shelf Stable Probiotic Supplement with Prebiotics & Digestive Enzymes; 30 Capsules</p><p>$25.00 ($0.83 / Count)</p><a href="https://www.amazon.com/dp/B0811P73BT?tag=eloabder-20&linkCode=osi&th=1&psc=1">View Product</a></div>
<div class="product"><a href="https://www.amazon.com/dp/B0B76XSJN2?tag=eloabder-20&linkCode=osi&th=1&psc=1"><img src="https://m.media-amazon.com/images/I/419te9dWCML._SL500_.jpg" alt="Product Image"></a><p>HELIX PRIME Cod Liver Oil Extra Virgin Artic Softgels Omega 3, EPA, DHA</p><p>$40.00 ($0.67 / Count)</p><a href="https://www.amazon.com/dp/B0B76XSJN2?tag=eloabder-20&linkCode=osi&th=1&psc=1">View Product</a></div><div class="product"><a href="https://www.amazon.com/dp/B0739KKHWL?tag=eloabder-20&linkCode=osi&th=1&psc=1"><img src="https://m.media-amazon.com/images/I/41g58vrlGWL._SL500_.jpg" alt="Product Image"></a><p>Nordic Naturals Ultimate Omega, Lemon Flavor - 90 Soft Gels - 1280 mg Omega-3 - High-Potency Omega-3 Fish Oil Supplement with EPA & DHA - Promotes Brain & Heart Health - Non-GMO - 45 Servings</p><p>$34.92 ($0.39 / Count)</p><a href="https://www.amazon.com/dp/B0739KKHWL?tag=eloabder-20&linkCode=osi&th=1&psc=1">View Product</a></div><div class="product"><a href="https://www.amazon.com/dp/B003PGJM00?tag=eloabder-20&linkCode=osi&th=1&psc=1"><img src="https://m.media-amazon.com/images/I/419IYWUSY5L._SL500_.jpg" alt="Product Image"></a><p>Nature Made Triple Omega 3 6 9, Flaxseed, Safflower, & Olive Oils, Healthy Heart Support, Fish Free Omega 3 Supplement, 150 Softgels, 75 Day Supply</p><p>$30.28 ($0.20 / Count)</p><a href="https://www.amazon.com/dp/B003PGJM00?tag=eloabder-20&linkCode=osi&th=1&psc=1">View Product</a></div><div class="product"><a href="https://www.amazon.com/dp/B0CS56P75L?tag=eloabder-20&linkCode=osi&th=1&psc=1"><img src="https://m.media-amazon.com/images/I/41GI+Omt1AL._SL500_.jpg" alt="Product Image"></a><p>Triple Strength Omega 3 Fish Oil Supplements 4200mg Per Serving, 120 Softgels – Lemon Flavored – Burpless | EPA 1200mg + DHA 900mg | Deep Sea Fish</p><p>$19.95 ($0.17 / Count)</p><a href="https://www.amazon.com/dp/B0CS56P75L?tag=eloabder-20&linkCode=osi&th=1&psc=1">View Product</a></div><div class="product"><a href="https://www.amazon.com/dp/B0CWPY1XYN?tag=eloabder-20&linkCode=osi&th=1&psc=1"><img src="https://m.media-amazon.com/images/I/41S9PZKx8OL._SL500_.jpg" alt="Product Image"></a><p>Qunol Advanced Omega 3 Krill and Fish Oil Complex, 10x Better Bioavailability, One Pill Dose, 250mg EPA & DHA, Supports Brain, Eye, Heart and Joint Health, 90 Count (Pack of 1)</p><p>$26.99 ($0.30 / Count)</p><a href="https://www.amazon.com/dp/B0CWPY1XYN?tag=eloabder-20&linkCode=osi&th=1&psc=1">View Product</a></div>
<div class="product"><a href="https://www.amazon.com/dp/B09RQBHRCT?tag=eloabder-20&linkCode=osi&th=1&psc=1"><img src="https://m.media-amazon.com/images/I/417jtm1N43L._SL500_.jpg" alt="Product Image"></a><p>Vital Proteins Collagen Peptides Powder, Promotes Hair, Nail, Skin, Bone and Joint Health, Zero Sugar, Unflavored 9.33 OZ</p><p>$20.14 ($2.16 / Ounce)</p><a href="https://www.amazon.com/dp/B09RQBHRCT?tag=eloabder-20&linkCode=osi&th=1&psc=1">View Product</a></div><div class="product"><a href="https://www.amazon.com/dp/B00K6JUG4K?tag=eloabder-20&linkCode=osi&th=1&psc=1"><img src="https://m.media-amazon.com/images/I/41wLQfDnEKL._SL500_.jpg" alt="Product Image"></a><p>Vital Proteins Collagen Peptides Powder with Hyaluronic Acid and Vitamin C, Unflavored, 20 oz</p><p>$46.99 ($2.35 / Ounce)</p><a href="https://www.amazon.com/dp/B00K6JUG4K?tag=eloabder-20&linkCode=osi&th=1&psc=1">View Product</a></div><div class="product"><a href="https://www.amazon.com/dp/B07WZVX3L1?tag=eloabder-20&linkCode=osi&th=1&psc=1"><img src="https://m.media-amazon.com/images/I/41FQaGyTUlL._SL500_.jpg" alt="Product Image"></a><p>Vital Vitamins Collagen for Women & Men - Type I, II, III, V, X Multi Collagen Pills - Grass Fed, Non-GMO - 150 Capsules</p><p>$22.85 ($0.15 / Count)</p><a href="https://www.amazon.com/dp/B07WZVX3L1?tag=eloabder-20&linkCode=osi&th=1&psc=1">View Product</a></div><div class="product"><a href="https://www.amazon.com/dp/B01BHF3OMW?tag=eloabder-20&linkCode=osi&th=1&psc=1"><img src="https://m.media-amazon.com/images/I/41dMvUDFrgL._SL500_.jpg" alt="Product Image"></a><p>Micro Ingredients Multi Collagen Protein Powder, 2 Pounds – Type I,II,III,V,X with Biotin, Hyaluronic Acid, Vitamin C – Unflavored Collagen Peptides – Keto & Paleo Friendly, Easy Dissolve, Non-GMO</p><p>$49.95 ($1.56 / Ounce)</p><a href="https://www.amazon.com/dp/B01BHF3OMW?tag=eloabder-20&linkCode=osi&th=1&psc=1">View Product</a></div><div class="product"><a href="https://www.amazon.com/dp/B085GB45VK?tag=eloabder-20&linkCode=osi&th=1&psc=1"><img src="https://m.media-amazon.com/images/I/51gvq703LsL._SL500_.jpg" alt="Product Image"></a><p>Primal Harvest Collagen Powder for Women or Men Primal Collagen Peptides Powder Type I & III, 10 Oz Collagen Protein Powder for Hair, Skin, Nails (Single, Original)</p><p>$36.95 ($3.70 / Ounce)</p><a href="https://www.amazon.com/dp/B085GB45VK?tag=eloabder-20&linkCode=osi&th=1&psc=1">View Product</a></div><div class="product"><a href="https://www.amazon.com/dp/B005KG7EDU?tag=eloabder-20&linkCode=osi&th=1&psc=1"><img src="https://m.media-amazon.com/images/I/41hWRb-uSmL._SL500_.jpg" alt="Product Image"></a><p>Great Lakes Wellness Collagen Peptides Powder for Skin, Hair, Nails, Joints & Digestion - Unflavored - Quick Dissolve Hydrolyzed, Non-GMO, Keto, Kosher - 16oz - Packaging May Vary</p><p>$32.82 ($2.05 / Ounce)</p><a href="https://www.amazon.com/dp/B005KG7EDU?tag=eloabder-20&linkCode=osi&th=1&psc=1">View Product</a></div><div class="product"><a href="https://www.amazon.com/dp/B071S8D69C?tag=eloabder-20&linkCode=osi&th=1&psc=1"><img src="https://m.media-amazon.com/images/I/41E-Q4q+kWL._SL500_.jpg" alt="Product Image"></a><p>Anthony's Collagen Peptide Powder, 1 lb, Pure Hydrolyzed, Gluten Free, Keto and Paleo Friendly, Grass Fed, Unflavored, Non GMO</p><p>$22.99 ($1.44 / Ounce)</p><a href="https://www.amazon.com/dp/B071S8D69C?tag=eloabder-20&linkCode=osi&th=1&psc=1">View Product</a></div><div class="product"><a href="https://www.amazon.com/dp/B07K4SK9SY?tag=eloabder-20&linkCode=osi&th=1&psc=1"><img src="https://m.media-amazon.com/images/I/51t8W8AmaFL._SL500_.jpg" alt="Product Image"></a><p>Garden of Life Grass Fed Collagen Peptides Powder – Unflavored Collagen Powder for Women Men Hair Skin Nails Joints, Hydrolyzed Collagen Protein Supplements, Post Workout, Paleo & Keto, 28 Servings</p><p>$30.91 ($1.56 / Ounce)</p><a href="https://www.amazon.com/dp/B07K4SK9SY?tag=eloabder-20&linkCode=osi&th=1&psc=1">View Product</a></div>
<div class="product"><a href="https://www.amazon.com/dp/B07JMHNP9F?tag=eloabder-20&linkCode=osi&th=1&psc=1"><img src="https://m.media-amazon.com/images/I/616tKX8dAxL._SL500_.jpg" alt="Product Image"></a><p>Prebiotics for Advanced Gut Health - Immune System Support & Dietary Fiber - Fuels Good Bacteria Growth to Promote Digestive Health - Gas & Digestion Support - Probiotics for Men & Women - 60 Capsules</p><p>$19.97 ($0.33 / Count)</p><a href="https://www.amazon.com/dp/B07JMHNP9F?tag=eloabder-20&linkCode=osi&th=1&psc=1">View Product</a></div><div class="product"><a href="https://www.amazon.com/dp/B07VYMQF6M?tag=eloabder-20&linkCode=osi&th=1&psc=1"><img src="https://m.media-amazon.com/images/I/51Y0hMBp3NL._SL500_.jpg" alt="Product Image"></a><p>Prebiotics and Probiotic with Whole Food Enzymes for Adults Women & Men - Probiotics Lactobacillus Acidophilus - Digestive Health Capsules Shelf Stable Supplement - Non-GMO Gluten & Dairy Free -30ct</p><p>$19.97 ($0.67 / Count)</p><a href="https://www.amazon.com/dp/B07VYMQF6M?tag=eloabder-20&linkCode=osi&th=1&psc=1">View Product</a></div><div class="product"><a href="https://www.amazon.com/dp/B0BRTJ7BJ1?tag=eloabder-20&linkCode=osi&th=1&psc=1"><img src="https://m.media-amazon.com/images/I/51JFiTJs6ZL._SL500_.jpg" alt="Product Image"></a><p>Physician's CHOICE Prebiotic-Probiotic - Multi-Strain Probiotics & Synergistic Prebiotics -Designed for Digestive Health, Supporting Gut Microbiome - Powerful PrePro for Gut Health - for Women & Men</p><p>$18.97 ($0.63 / Count)</p><a href="https://www.amazon.com/dp/B0BRTJ7BJ1?tag=eloabder-20&linkCode=osi&th=1&psc=1">View Product</a></div><div class="product"><a href="https://www.amazon.com/dp/B0CPN9NK38?tag=eloabder-20&linkCode=osi&th=1&psc=1"><img src="https://m.media-amazon.com/images/I/41hL4HSQxwL._SL500_.jpg" alt="Product Image"></a><p>OLLY Probiotic + Prebiotic Gummy, Digestive Support and Gut Health, 500 Million CFUs, Fiber, Adult Chewable Supplement for Men and Women, Peach, 30 Day Supply - 60 Count</p><p>$21.35 ($0.36 / Count)</p><a href="https://www.amazon.com/dp/B0CPN9NK38?tag=eloabder-20&linkCode=osi&th=1&psc=1">View Product</a></div><div class="product"><a href="https://www.amazon.com/dp/B07GPFB6FJ?tag=eloabder-20&linkCode=osi&th=1&psc=1"><img src="https://m.media-amazon.com/images/I/41IkSyAmJOL._SL500_.jpg" alt="Product Image"></a><p>Amazon Basics Prebiotic & Probiotic Gummies, 2 Billion CFU, Blue Raspberry, 50 Count (2 per Serving) (Previously Solimo)</p><p>$9.21 ($0.18 / Count)</p><a href="https://www.amazon.com/dp/B07GPFB6FJ?tag=eloabder-20&linkCode=osi&th=1&psc=1">View Product</a></div><div class="product"><a href="https://www.amazon.com/dp/B01FICESXE?tag=eloabder-20&linkCode=osi&th=1&psc=1"><img src="https://m.media-amazon.com/images/I/41wI-mGIidL._SL500_.jpg" alt="Product Image"></a><p>Dr. Tobias Prebiotics, Supports Digestion & Gut Health, Feed Good Probiotic Bacteria, Boost Gut Immune Function, Vegan & Non-GMO Gut Health Supplements for Men and Women, 30 Capsules, 30 Servings</p><p>$25.99 ($0.87 / Count)</p><a href="https://www.amazon.com/dp/B01FICESXE?tag=eloabder-20&linkCode=osi&th=1&psc=1">View Product</a></div><div class="product"><a href="https://www.amazon.com/dp/B0CGMMYWR5?tag=eloabder-20&linkCode=osi&th=1&psc=1"><img src="https://m.media-amazon.com/images/I/414k9euXCUL._SL500_.jpg" alt="Product Image"></a><p>Horbäach Prebiotic for Men and Women | 120 Powder Pills | High Strength & Premium Quality Supplement | Non-GMO & Gluten Free Quick Release Capsules</p><p>$9.99 ($0.08 / Count)</p><a href="https://www.amazon.com/dp/B0CGMMYWR5?tag=eloabder-20&linkCode=osi&th=1&psc=1">View Product</a></div><div class="product"><a href="https://www.amazon.com/dp/B00N1G17GG?tag=eloabder-20&linkCode=osi&th=1&psc=1"><img src="https://m.media-amazon.com/images/I/418Nr2+sCOL._SL500_.jpg" alt="Product Image"></a><p>Earth's Pearl Probiotic Pearls for Women and Men - Kids Probiotic with Prebiotic Fiber - Daily Probiotic for Women and Men - 60-Day Supply of Prebiotics and Probiotics for Women and Men Probiotic</p><p>$23.87 ($0.40 / Count)</p><a href="https://www.amazon.com/dp/B00N1G17GG?tag=eloabder-20&linkCode=osi&th=1&psc=1">View Product</a></div>
<div class="product"><a href="https://www.amazon.com/dp/B00RH5K26I?tag=eloabder-20&linkCode=osi&th=1&psc=1"><img src="https://m.media-amazon.com/images/I/41bQqGtcXwL._SL500_.jpg" alt="Product Image"></a><p>Zenwise Health Digestive Enzymes - Probiotic Multi Enzymes with Probiotics and Prebiotics for Digestive Health and Bloating Relief for Women and Men, Daily Enzymes for Gut and Digestion - 180 Count</p><p>$39.97 ($0.22 / Count)</p><a href="https://www.amazon.com/dp/B00RH5K26I?tag=eloabder-20&linkCode=osi&th=1&psc=1">View Product</a></div><div class="product"><a href="https://www.amazon.com/dp/B0001T0GAE?tag=eloabder-20&linkCode=osi&th=1&psc=1"><img src="https://m.media-amazon.com/images/I/41G271GqUaL._SL500_.jpg" alt="Product Image"></a><p>NOW Supplements, Super Enzymes, Formulated with Bromelain, Ox Bile, Pancreatin and Papain, Super Enzymes,90 Capsules</p><p>$14.31 ($0.16 / Count)</p><a href="https://www.amazon.com/dp/B0001T0GAE?tag=eloabder-20&linkCode=osi&th=1&psc=1">View Product</a></div><div class="product"><a href="https://www.amazon.com/dp/B0016XGOVO?tag=eloabder-20&linkCode=osi&th=1&psc=1"><img src="https://m.media-amazon.com/images/I/41SK0PjZTZL._SL500_.jpg" alt="Product Image"></a><p>Pure Encapsulations Digestive Enzymes Ultra - Vegetarian Digestive Enzyme Supplement to Support Protein, Carb, Fiber, and Dairy Digestion* - 90 Capsules</p><p>$36.20 ($0.40 / Count)</p><a href="https://www.amazon.com/dp/B0016XGOVO?tag=eloabder-20&linkCode=osi&th=1&psc=1">View Product</a></div><div class="product"><a href="https://www.amazon.com/dp/B0009EXOUA?tag=eloabder-20&linkCode=osi&th=1&psc=1"><img src="https://m.media-amazon.com/images/I/41jQAIqtQxL._SL500_.jpg" alt="Product Image"></a><p>Source Naturals Essential Enzymes 500mg Bio-Aligned Multiple Supplement Herbal Defense for Digestion, Gas & Constipation Relief - Strong Immune System Support* - 120 Capsules</p><p>$12.94 ($0.11 / Count)</p><a href="https://www.amazon.com/dp/B0009EXOUA?tag=eloabder-20&linkCode=osi&th=1&psc=1">View Product</a></div><div class="product"><a href="https://www.amazon.com/dp/B00GSP4R6O?tag=eloabder-20&linkCode=osi&th=1&psc=1"><img src="https://m.media-amazon.com/images/I/41oaLuwaf6L._SL500_.jpg" alt="Product Image"></a><p>Pure Encapsulations Digestive Enzymes Ultra with Betaine HCl - Vegetarian Digestive Enzyme Supplement to Support Protein, Carb, Fiber, and Dairy Digestion* - 90 Capsules</p><p>$36.80 ($0.41 / Count)</p><a href="https://www.amazon.com/dp/B00GSP4R6O?tag=eloabder-20&linkCode=osi&th=1&psc=1">View Product</a></div><div class="product"><a href="https://www.amazon.com/dp/B0971P79G2?tag=eloabder-20&linkCode=osi&th=1&psc=1"><img src="https://m.media-amazon.com/images/I/41sjwVKMyyL._SL500_.jpg" alt="Product Image"></a><p>Digestive Enzymes - 800mg Blend of All 10 Most Essential Digestive and Pancreatic Enzymes (Amylase, Lipase, Bromelain, Lactase, Papain, Protease, Cellulase, Maltase, Invertase) by Double Wood</p><p>$18.95 ($0.11 / Count)</p><a href="https://www.amazon.com/dp/B0971P79G2?tag=eloabder-20&linkCode=osi&th=1&psc=1">View Product</a></div><div class="product"><a href="https://www.amazon.com/dp/B07N3X6T57?tag=eloabder-20&linkCode=osi&th=1&psc=1"><img src="https://m.media-amazon.com/images/I/41YXJ96hUCL._SL500_.jpg" alt="Product Image"></a><p>Enzymedica Digest Gold + ATPro Maximum Strength Digestive Enzymes | Prevents Bloating Gas & Indigestion, Natural Digestion Support, Multi Enzyme Amylase, Protease, Lipase & Lactase, 90 Capsules</p><p>$40.12 ($0.45 / Count)</p><a href="https://www.amazon.com/dp/B07N3X6T57?tag=eloabder-20&linkCode=osi&th=1&psc=1">View Product</a></div><div class="product"><a href="https://www.amazon.com/dp/B000Q487DC?tag=eloabder-20&linkCode=osi&th=1&psc=1"><img src="https://m.media-amazon.com/images/I/318ZKbie4-L._SL500_.jpg" alt="Product Image"></a><p>Doctor's Best Digestive Enzymes Non-GMO Vegetarian Gluten Free, 90 Veggie Caps</p><p>$21.95 ($0.24 / Count)</p><a href="https://www.amazon.com/dp/B000Q487DC?tag=eloabder-20&linkCode=osi&th=1&psc=1">View Product</a></div>
<div class="product"><a href="https://www.amazon.com/dp/B093P29P79?tag=eloabder-20&linkCode=osi&th=1&psc=1"><img src="https://m.media-amazon.com/images/I/419UA39m4vL._SL500_.jpg" alt="Product Image"></a><p>8 in 1 Immune Support with Quercetin Zinc 50mg Vitamin C 1000mg Vitamin D3 5000 IU and Elderberry Echinacea Ginger for Adults Kids - Vit D Immunity Defense Booster Supplement Veg Capsules Made in USA</p><p>$24.95 ($0.42 / Count)</p><a href="https://www.amazon.com/dp/B093P29P79?tag=eloabder-20&linkCode=osi&th=1&psc=1">View Product</a></div><div class="product"><a href="https://www.amazon.com/dp/B00MJ7VL1O?tag=eloabder-20&linkCode=osi&th=1&psc=1"><img src="https://m.media-amazon.com/images/I/41dN7-gv40L._SL500_.jpg" alt="Product Image"></a><p>Nature’s Way Sambucus Elderberry Immune Gummies, Daily Immune Support for Kids and Adults*, with Vitamin C, Vitamin D3, Zinc, Gluten Free, Vegetarian, 60 Gummies (Packaging May Vary)</p><p>$14.97 ($0.25 / Count)</p><a href="https://www.amazon.com/dp/B00MJ7VL1O?tag=eloabder-20&linkCode=osi&th=1&psc=1">View Product</a></div><div class="product"><a href="https://www.amazon.com/dp/B09ZYN6Z5R?tag=eloabder-20&linkCode=osi&th=1&psc=1"><img src="https://m.media-amazon.com/images/I/61CzAf44o4L._SL500_.jpg" alt="Product Image"></a><p>12 in 1 Premium Immune Defense Vitamins - Immune Supplement w/ Vitamin D3 5000 IU Vitamin С 1000mg Zinс 50mg - Luxe Choice for Premium Immune Support - With Echinacea Elderberry and Ginger - 120 Caps</p><p>$29.95 ($29.95 / Count)</p><a href="https://www.amazon.com/dp/B09ZYN6Z5R?tag=eloabder-20&linkCode=osi&th=1&psc=1">View Product</a></div><div class="product"><a href="https://www.amazon.com/dp/B08SCKMC3G?tag=eloabder-20&linkCode=osi&th=1&psc=1"><img src="https://m.media-amazon.com/images/I/51coRaMYZjL._SL500_.jpg" alt="Product Image"></a><p>Immune Support Supplement with Zinc Vitamin C Vitamin D 5000 IU Elderberry Ginger D3 Goldenseal - Dr Approved Immunity Vitamins for Adults Women and Men - Natural Immune System Booster Defense -120ct</p><p>$15.97 ($0.13 / Count)</p><a href="https://www.amazon.com/dp/B08SCKMC3G?tag=eloabder-20&linkCode=osi&th=1&psc=1">View Product</a></div><div class="product"><a href="https://www.amazon.com/dp/B08CBBHPTF?tag=eloabder-20&linkCode=osi&th=1&psc=1"><img src="https://m.media-amazon.com/images/I/41U8ywAfz1L._SL500_.jpg" alt="Product Image"></a><p>A Dose of Immunity Quercetin with Vitamin C and Zinc, Vitamin D, 500mg Quercetin Bromelain with Echinacea & B Vitamins, Lung Immune Support Supplement 7 in 1 Immunity Defense Booster (60 Count)</p><p>$19.95 ($0.33 / Count)</p><a href="https://www.amazon.com/dp/B08CBBHPTF?tag=eloabder-20&linkCode=osi&th=1&psc=1">View Product</a></div><div class="product"><a href="https://www.amazon.com/dp/B09HBGLZP8?tag=eloabder-20&linkCode=osi&th=1&psc=1"><img src="https://m.media-amazon.com/images/I/51MHWotEUXL._SL500_.jpg" alt="Product Image"></a><p>8 in 1 Immune Defense Support, Immunity Vitamins Supplement Booster with Zinc 50mg, Vitamin C Elderberry Vit D3 5000 IU, Turmeric Curcumin & Ginger, Echinacea - Allergy Relief for Kids Adults (2 Pack)</p><p>$27.95 ($0.23 / Count)</p><a href="https://www.amazon.com/dp/B09HBGLZP8?tag=eloabder-20&linkCode=osi&th=1&psc=1">View Product</a></div>
<div class="product"><a href="https://www.amazon.com/dp/B0CKVSGYZV?tag=eloabder-20&linkCode=osi&th=1&psc=1"><img src="https://m.media-amazon.com/images/I/41meSPQU9WL._SL500_.jpg" alt="Product Image"></a><p>Basigano Natural Dopamine Supplement for Energy, Focus, Motivation, Mental Alertness, Mood, and Stress - Non-GMO, Gluten-Free - 90 Tablets</p><p>$19.97 ($0.22 / Count)</p><a href="https://www.amazon.com/dp/B0CKVSGYZV?tag=eloabder-20&linkCode=osi&th=1&psc=1">View Product</a></div><div class="product"><a href="https://www.amazon.com/dp/B0B1VRCJ2Z?tag=eloabder-20&linkCode=osi&th=1&psc=1"><img src="https://m.media-amazon.com/images/I/31rFUBNNRlL._SL500_.jpg" alt="Product Image"></a><p>Health by Habit Energy Supplement (60 Capsules) - Natual Caffeine Blend, Vitamins B & C, Supports Energy Levels, Promotes Mental Alertness and Focus, Vegan, Non-GMO, Sugar Free (1 Pack)</p><p>$7.88 ($0.13 / Count)</p><a href="https://www.amazon.com/dp/B0B1VRCJ2Z?tag=eloabder-20&linkCode=osi&th=1&psc=1">View Product</a></div><div class="product"><a href="https://www.amazon.com/dp/B01LXX5Z8Q?tag=eloabder-20&linkCode=osi&th=1&psc=1"><img src="https://m.media-amazon.com/images/I/41YtzgRxe8L._SL500_.jpg" alt="Product Image"></a><p>OLLY Daily Energy Gummy, Caffeine Free, Vitamin B12, CoQ10, Goji Berry, Adult Chewable Supplement, Tropical Flavor - 60 Count</p><p>$12.88 ($0.21 / Count)</p><a href="https://www.amazon.com/dp/B01LXX5Z8Q?tag=eloabder-20&linkCode=osi&th=1&psc=1">View Product</a></div><div class="product"><a href="https://www.amazon.com/dp/B078SJ9F5S?tag=eloabder-20&linkCode=osi&th=1&psc=1"><img src="https://m.media-amazon.com/images/I/41kM5+mO9kL._SL500_.jpg" alt="Product Image"></a><p>Genius Mushroom - Lions Mane, Cordyceps and Reishi - System Booster & Nootropic Supplement - for Energy & Support, 90 Veggie Pills</p><p>$17.55 ($0.20 / Count)</p><a href="https://www.amazon.com/dp/B078SJ9F5S?tag=eloabder-20&linkCode=osi&th=1&psc=1">View Product</a></div><div class="product"><a href="https://www.amazon.com/dp/B0BV4F17B4?tag=eloabder-20&linkCode=osi&th=1&psc=1"><img src="https://m.media-amazon.com/images/I/41UR52LyNJL._SL500_.jpg" alt="Product Image"></a><p>OLLY Extra Strength Daily Energy Gummy, Caffeine Free, 1000mcg Vitamin B12, CoQ10, Goji Berry, Adult Chewable Supplement, Berry Yuzu Flavor - 60 Count</p><p>$15.88 ($0.26 / Count)</p><a href="https://www.amazon.com/dp/B0BV4F17B4?tag=eloabder-20&linkCode=osi&th=1&psc=1">View Product</a></div><div class="product"><a href="https://www.amazon.com/dp/B008PQDCG0?tag=eloabder-20&linkCode=osi&th=1&psc=1"><img src="https://m.media-amazon.com/images/I/51EFLU6zpCL._SL500_.jpg" alt="Product Image"></a><p>Nature Made Super B Energy Complex, Dietary Supplement for Brain Cell Function Support, 60 Softgels, 60 Day Supply</p><p>$9.34 ($0.16 / Count)</p><a href="https://www.amazon.com/dp/B008PQDCG0?tag=eloabder-20&linkCode=osi&th=1&psc=1">View Product</a></div><div class="product"><a href="https://www.amazon.com/dp/B0019CULMA?tag=eloabder-20&linkCode=osi&th=1&psc=1"><img src="https://m.media-amazon.com/images/I/41Yjst8ffCL._SL500_.jpg" alt="Product Image"></a><p>One A Day Energy Multivitamin with Vitamin A, C, D, E, Zinc for Immune Health*, Caffeine, Biotin, B6, B12 & More, 50 Tablets</p><p>$12.95 ($0.26 / Count)</p><a href="https://www.amazon.com/dp/B0019CULMA?tag=eloabder-20&linkCode=osi&th=1&psc=1">View Product</a></div><div class="product"><a href="https://www.amazon.com/dp/B07Q6ZVMK4?tag=eloabder-20&linkCode=osi&th=1&psc=1"><img src="https://m.media-amazon.com/images/I/41rv+HJYEeL._SL500_.jpg" alt="Product Image"></a><p>Acetyl L-Carnitine 1,500 mg High Potency Supports Natural Energy Production, Sports Nutrition, Supports Memory/Focus - 100 Veggie Capsules</p><p>$17.88 ($0.18 / Count)</p><a href="https://www.amazon.com/dp/B07Q6ZVMK4?tag=eloabder-20&linkCode=osi&th=1&psc=1">View Product</a></div>
<div class="product"><a href="https://www.amazon.com/dp/B01M5DEMWI?tag=eloabder-20&linkCode=osi&th=1&psc=1"><img src="https://m.media-amazon.com/images/I/410zXYEJpKL._SL500_.jpg" alt="Product Image"></a><p>Arazo Nutrition Glucosamine Chondroitin Turmeric Msm Boswellia - Joint Support Supplement for Relief 180 Tablets for Bones, Back, Knees, Hands (180 Tablets)</p><p>$25.95 ($0.14 / Count)</p><a href="https://www.amazon.com/dp/B01M5DEMWI?tag=eloabder-20&linkCode=osi&th=1&psc=1">View Product</a></div><div class="product"><a href="https://www.amazon.com/dp/B07SSVYMJV?tag=eloabder-20&linkCode=osi&th=1&psc=1"><img src="https://m.media-amazon.com/images/I/41nKoj5uWZL._SL500_.jpg" alt="Product Image"></a><p>Kirkland Signature Triple Action Joint Health, UC•ll Undenatured Type II Collagen, Boron, Hyaluronic Acid,with Boron,110 Coated Tablets(Pack of 2)</p><p>$51.47 ($0.23 / Count)</p><a href="https://www.amazon.com/dp/B07SSVYMJV?tag=eloabder-20&linkCode=osi&th=1&psc=1">View Product</a></div><div class="product"><a href="https://www.amazon.com/dp/B07VLJN7C6?tag=eloabder-20&linkCode=osi&th=1&psc=1"><img src="https://m.media-amazon.com/images/I/51DwRUN7v6L._SL500_.jpg" alt="Product Image"></a><p>Move Free Ultra Triple Action Joint Support Supplement - Type II Collagen Boron & Hyaluronic Acid - Supports Joint Comfort, Cartiliage & Bones in 1 Tiny Pill Per Day, 64 Tablets (64 servings)*</p><p>$20.47 ($0.32 / Count)</p><a href="https://www.amazon.com/dp/B07VLJN7C6?tag=eloabder-20&linkCode=osi&th=1&psc=1">View Product</a></div><div class="product"><a href="https://www.amazon.com/dp/B0CZBMTDTQ?tag=eloabder-20&linkCode=osi&th=1&psc=1"><img src="https://m.media-amazon.com/images/I/51-QUiTWfiL._SL500_.jpg" alt="Product Image"></a><p>Qunol 5-in-1 Joint Support Supplement, Fast Acting, One Pill Dose, Support Healthy Inflammation Response & Discomfort Caused by Overuse of Joints, Alternative to Glucosamine Chondroitin MSM, 45 Count</p><p>$22.49 ($0.50 / Count)</p><a href="https://www.amazon.com/dp/B0CZBMTDTQ?tag=eloabder-20&linkCode=osi&th=1&psc=1">View Product</a></div><div class="product"><a href="https://www.amazon.com/dp/B0082D9QUW?tag=eloabder-20&linkCode=osi&th=1&psc=1"><img src="https://m.media-amazon.com/images/I/413QAFL8wML._SL500_.jpg" alt="Product Image"></a><p>Osteo Bi-Flex One Per Day, Glucosamine Joint Health Supplement with Vitamin D, Coated Tablets, 60 Count</p><p>$18.99 ($0.32 / Count)</p><a href="https://www.amazon.com/dp/B0082D9QUW?tag=eloabder-20&linkCode=osi&th=1&psc=1">View Product</a></div><div class="product"><a href="https://www.amazon.com/dp/B001W2MBSE?tag=eloabder-20&linkCode=osi&th=1&psc=1"><img src="https://m.media-amazon.com/images/I/4144YmkKbfL._SL500_.jpg" alt="Product Image"></a><p>Move Free Advanced Glucosamine Chondroitin MSM Joint Support Supplement, Supports Mobility Comfort Strength Flexibility & Bone - 120 Tablets (40 servings)*</p><p>$21.99 ($0.18 / Count)</p><a href="https://www.amazon.com/dp/B001W2MBSE?tag=eloabder-20&linkCode=osi&th=1&psc=1">View Product</a></div><div class="product"><a href="https://www.amazon.com/dp/B01N0T9PFZ?tag=eloabder-20&linkCode=osi&th=1&psc=1"><img src="https://m.media-amazon.com/images/I/51QekqG+VoL._SL500_.jpg" alt="Product Image"></a><p>Member's Mark™ Ultra Triple Action Joint Health</p><p>$36.80 ($0.29 / Count)</p><a href="https://www.amazon.com/dp/B01N0T9PFZ?tag=eloabder-20&linkCode=osi&th=1&psc=1">View Product</a></div><div class="product"><a href="https://www.amazon.com/dp/B0055UFNQG?tag=eloabder-20&linkCode=osi&th=1&psc=1"><img src="https://m.media-amazon.com/images/I/51j+Ymx9G-L._SL500_.jpg" alt="Product Image"></a><p>Osteo Bi-Flex Triple Strength with Vitamin D Glucosamine Chondroitin Joint Health Supplement, Coated Tablets, Red, 120 Count</p><p>$29.49 ($0.25 / Count)</p><a href="https://www.amazon.com/dp/B0055UFNQG?tag=eloabder-20&linkCode=osi&th=1&psc=1">View Product</a></div><div class="product"><a href="https://www.amazon.com/dp/B000059Z77?tag=eloabder-20&linkCode=osi&th=1&psc=1"><img src="https://m.media-amazon.com/images/I/51bPlGhhCzL._SL500_.jpg" alt="Product Image"></a><p>Osteo Bi-Flex Triple Strength(5), Glucosamine Chondroitin with Vitamin C Joint Health Supplement, Coated Tablets, 80 Count (Pack of 1)</p><p>$17.49 ($0.22 / Count)</p><a href="https://www.amazon.com/dp/B000059Z77?tag=eloabder-20&linkCode=osi&th=1&psc=1">View Product</a></div>
<div class="product"><a href="https://www.amazon.com/dp/B08ML6GMY4?tag=eloabder-20&linkCode=osi&th=1&psc=1"><img src="https://m.media-amazon.com/images/I/415l9I+T6aL._SL500_.jpg" alt="Product Image"></a><p>Snap Supplements Heart Health Supplements and Blood Circulation Supplements, 90 Capsules</p><p>$39.95 ($0.44 / Count)</p><a href="https://www.amazon.com/dp/B08ML6GMY4?tag=eloabder-20&linkCode=osi&th=1&psc=1">View Product</a></div><div class="product"><a href="https://www.amazon.com/dp/B0B36DNWQQ?tag=eloabder-20&linkCode=osi&th=1&psc=1"><img src="https://m.media-amazon.com/images/I/41piHVRRu9L._SL500_.jpg" alt="Product Image"></a><p>Heart Health Blood Pressure Support Supplement - Support Blood Pressure & Healthy Circularity Naturally with Hawthorn Berry & Hibiscus.Vitamins Pills for Healthy Hypertension (BP) & Healthy Heart.</p><p>$23.91 ($0.27 / Count)</p><a href="https://www.amazon.com/dp/B0B36DNWQQ?tag=eloabder-20&linkCode=osi&th=1&psc=1">View Product</a></div><div class="product"><a href="https://www.amazon.com/dp/B0BMW8YF9G?tag=eloabder-20&linkCode=osi&th=1&psc=1"><img src="https://m.media-amazon.com/images/I/41CZEmqjJ+L._SL500_.jpg" alt="Product Image"></a><p>Heart Defend-Her Womens Heart Health Supplements – Advanced 3-in-1 Blend with Grape Seed Extract, Vitamin K2 MK-7, and CoQ10 – Support Blood Pressure, Artery and Bone Strength – 60 Vegetarian Capsules</p><p>$12.99 ($0.22 / Count)</p><a href="https://www.amazon.com/dp/B0BMW8YF9G?tag=eloabder-20&linkCode=osi&th=1&psc=1">View Product</a></div><div class="product"><a href="https://www.amazon.com/dp/B00NLYAL5G?tag=eloabder-20&linkCode=osi&th=1&psc=1"><img src="https://m.media-amazon.com/images/I/41t26FosJSL._SL500_.jpg" alt="Product Image"></a><p>Life Extension FLORASSIST Heart Health - 2.5 Billion CFU Heart Health Support Advanced Probiotics Supplement for Men and Women – Gluten-Free, Non-GMO, Vegetarian – 60 Capsules</p><p>$24.00 ($0.40 / Count)</p><a href="https://www.amazon.com/dp/B00NLYAL5G?tag=eloabder-20&linkCode=osi&th=1&psc=1">View Product</a></div><div class="product"><a href="https://www.amazon.com/dp/B07CT1KCY8?tag=eloabder-20&linkCode=osi&th=1&psc=1"><img src="https://m.media-amazon.com/images/I/41uYctPvrhL._SL500_.jpg" alt="Product Image"></a><p>NutraPro Healthy Heart - Heart Health Supplements. Artery Cleanse & Protect. Supports Cholesterol and Triglyceride Balancing. GMP Certified</p><p>$28.91 ($0.32 / Count)</p><a href="https://www.amazon.com/dp/B07CT1KCY8?tag=eloabder-20&linkCode=osi&th=1&psc=1">View Product</a></div><div class="product"><a href="https://www.amazon.com/dp/B000FH11VU?tag=eloabder-20&linkCode=osi&th=1&psc=1"><img src="https://m.media-amazon.com/images/I/31OdjGI-eRL._SL500_.jpg" alt="Product Image"></a><p>THORNE Heart Health Complex - with CoQ10, Taurine and Hawthorn - Coenzyme Q10 Supplement with Minerals, Amino Acids, and Botanicals - 90 Capsules</p><p>$38.00 ($0.42 / Count)</p><a href="https://www.amazon.com/dp/B000FH11VU?tag=eloabder-20&linkCode=osi&th=1&psc=1">View Product</a></div><div class="product"><a href="https://www.amazon.com/dp/B00014JOWU?tag=eloabder-20&linkCode=osi&th=1&psc=1"><img src="https://m.media-amazon.com/images/I/41L4KTA5YkL._SL500_.jpg" alt="Product Image"></a><p>Century Systems - Heart Miracle, Nutritional Supplement for Blood Pressure, Cholesterol, and Cardiovascular Support, 32 Ounce Liquid, 16-32 Servings</p><p>$32.99 ($1.03 / Fl Oz)</p><a href="https://www.amazon.com/dp/B00014JOWU?tag=eloabder-20&linkCode=osi&th=1&psc=1">View Product</a></div><div class="product"><a href="https://www.amazon.com/dp/B07ZTVS5KQ?tag=eloabder-20&linkCode=osi&th=1&psc=1"><img src="https://m.media-amazon.com/images/I/41YIIAodZqL._SL500_.jpg" alt="Product Image"></a><p>Heart Supplements 1650mg for Heart Health Support with CoQ10, L-Arginine, Magnesium, Hawthorn - 22 Natural Heart Vitamins & Extracts to Support Nitric Oxide & Energy Production, and More - 60 Capsules</p><p>$14.62 ($0.24 / Count)</p><a href="https://www.amazon.com/dp/B07ZTVS5KQ?tag=eloabder-20&linkCode=osi&th=1&psc=1">View Product</a></div><div class="product"><a href="https://www.amazon.com/dp/B0B9CF8B52?tag=eloabder-20&linkCode=osi&th=1&psc=1"><img src="https://m.media-amazon.com/images/I/51-GopuoY+L._SL500_.jpg" alt="Product Image"></a><p>YUMMYVITE Heart Health Supplement - Supports Heart Health - 60 Capsules</p><p>$14.99 ($0.25 / Count)</p><a href="https://www.amazon.com/dp/B0B9CF8B52?tag=eloabder-20&linkCode=osi&th=1&psc=1">View Product</a></div>
<div class="product"><a href="https://www.amazon.com/dp/B0B5Y5J6G2?tag=eloabder-20&linkCode=osi&th=1&psc=1"><img src="https://m.media-amazon.com/images/I/41MlY2QgEJL._SL500_.jpg" alt="Product Image"></a><p>Primal Harvest Primal Bone Health Calcium Carbonate Bone Health Complex for Men & Women with Calcium, Magnesium, Zinc, Manganese, Potassium, & L-Carnitine (120 capsules)</p><p>$39.95 ($0.33 / Count)</p><a href="https://www.amazon.com/dp/B0B5Y5J6G2?tag=eloabder-20&linkCode=osi&th=1&psc=1">View Product</a></div><div class="product"><a href="https://www.amazon.com/dp/B009E9YK90?tag=eloabder-20&linkCode=osi&th=1&psc=1"><img src="https://m.media-amazon.com/images/I/41k8JHjszUL._SL500_.jpg" alt="Product Image"></a><p>Life Extension Bone Restore + Vitamin K2 Vitamins & Minerals Maintain Bone Health & Strength - Fortifying Nutrients Calcium, D3 & Important Bone Building Minerals - Non-GMO, Gluten-Free -120 Capsules</p><p>$18.00 ($0.15 / Count)</p><a href="https://www.amazon.com/dp/B009E9YK90?tag=eloabder-20&linkCode=osi&th=1&psc=1">View Product</a></div><div class="product"><a href="https://www.amazon.com/dp/B0716RWHX4?tag=eloabder-20&linkCode=osi&th=1&psc=1"><img src="https://m.media-amazon.com/images/I/51GW4bwdnIL._SL500_.jpg" alt="Product Image"></a><p>NATURELO Calcium Supplement - Bone Strength with Calcium 600mg, Vitamin D3, K2, C, Magnesium Zinc - Plant-Based, 120 Vegetarian Capsules, Non-GMO, Soy & Gluten-Free</p><p>$26.95 ($0.22 / Count)</p><a href="https://www.amazon.com/dp/B0716RWHX4?tag=eloabder-20&linkCode=osi&th=1&psc=1">View Product</a></div><div class="product"><a href="https://www.amazon.com/dp/B0CCXFCR88?tag=eloabder-20&linkCode=osi&th=1&psc=1"><img src="https://m.media-amazon.com/images/I/316DOWXwifL._SL500_.jpg" alt="Product Image"></a><p>NativePath Bone Health Collagen Peptides, Type 1 & 3 Peptides, with Fortibone and Verisol, 7.9 Ounce, 30 Servings</p><p>$62.99 ($7.97 / Ounce)</p><a href="https://www.amazon.com/dp/B0CCXFCR88?tag=eloabder-20&linkCode=osi&th=1&psc=1">View Product</a></div><div class="product"><a href="https://www.amazon.com/dp/B00KTI9Q3U?tag=eloabder-20&linkCode=osi&th=1&psc=1"><img src="https://m.media-amazon.com/images/I/41377DEZNsL._SL500_.jpg" alt="Product Image"></a><p>New Chapter Calcium Supplement - Bone Strength Organic Calcium with Magnesium, Vitamin D3+K2, 70+ Trace Minerals for Bone Health, Gluten Free, Easy to Swallow - 180 Slim Tablets</p><p>$50.96 ($0.28 / Count)</p><a href="https://www.amazon.com/dp/B00KTI9Q3U?tag=eloabder-20&linkCode=osi&th=1&psc=1">View Product</a></div><div class="product"><a href="https://www.amazon.com/dp/B07ZQQWKGN?tag=eloabder-20&linkCode=osi&th=1&psc=1"><img src="https://m.media-amazon.com/images/I/51Z+ZOCtD6L._SL500_.jpg" alt="Product Image"></a><p>Bone Strength Calcium Supplement - With Calcium, Vitamin D3, K2, C, Magnesium, Zinc - 8 Bone-Building Nutrients, High Absorption, Non-Constipating Formula - 120 Veggie Capsules for Optimal Bone Health</p><p>$17.97 ($0.15 / Count)</p><a href="https://www.amazon.com/dp/B07ZQQWKGN?tag=eloabder-20&linkCode=osi&th=1&psc=1">View Product</a></div><div class="product"><a href="https://www.amazon.com/dp/B00CYT33Q8?tag=eloabder-20&linkCode=osi&th=1&psc=1"><img src="https://m.media-amazon.com/images/I/41YDhk963AL._SL500_.jpg" alt="Product Image"></a><p>Redd Remedies, Bone Health Advanced, Natural Support with Calcium and Vitamin K2, 120 Capsules</p><p>$39.99 ($0.33 / Count)</p><a href="https://www.amazon.com/dp/B00CYT33Q8?tag=eloabder-20&linkCode=osi&th=1&psc=1">View Product</a></div><div class="product"><a href="https://www.amazon.com/dp/B0012ZW8TI?tag=eloabder-20&linkCode=osi&th=1&psc=1"><img src="https://m.media-amazon.com/images/I/31oIwyVZXlL._SL500_.jpg" alt="Product Image"></a><p>THORNE Advanced Bone Support‡ - (Formerly Oscap) - Bone Health Supplement with Calcium and Vitamin D - 120 Capsules</p><p>$25.00 ($0.21 / Count)</p><a href="https://www.amazon.com/dp/B0012ZW8TI?tag=eloabder-20&linkCode=osi&th=1&psc=1">View Product</a></div><div class="product"><a href="https://www.amazon.com/dp/B0042CXFDG?tag=eloabder-20&linkCode=osi&th=1&psc=1"><img src="https://m.media-amazon.com/images/I/41iCFN2jDqL._SL500_.jpg" alt="Product Image"></a><p>Premier Research Labs OsteoVen TM, 60 Capsules - Nutraceutical Bone and Joint Formula for Comprehensive Support for Healthy Bones and Joints</p><p>$32.91 ($0.55 / Count)</p><a href="https://www.amazon.com/dp/B0042CXFDG?tag=eloabder-20&linkCode=osi&th=1&psc=1">View Product</a></div><div class="product"><a href="https://www.amazon.com/dp/B0B1N5Z372?tag=eloabder-20&linkCode=osi&th=1&psc=1"><img src="https://m.media-amazon.com/images/I/41yz7a0Qn5L._SL500_.jpg" alt="Product Image"></a><p>ALGAECAL Plus - Organic Red Algae Calcium Supplement, Vitamin K2 MK7 (100mg), Vitamin D3 (1600 IU), Magnesium (350mg) & Trace Minerals, for Bone Health & Strength, Easy to Swallow, 120 Veggie Caps</p><p>$74.00 ($0.62 / Count)</p><a href="https://www.amazon.com/dp/B0B1N5Z372?tag=eloabder-20&linkCode=osi&th=1&psc=1">View Product</a></div>
<div class="product"><a href="https://www.amazon.com/dp/B07PN7FB1R?tag=eloabder-20&linkCode=osi&th=1&psc=1"><img src="https://m.media-amazon.com/images/I/515GHvAy+FL._SL500_.jpg" alt="Product Image"></a><p>Physician's CHOICE Probiotics for Weight Management & Bloating - 6 Probiotic Strains - Prebiotics - Key ingredient Cayenne & Green Tea - Supports Gut Health - Weight Management for Women & Men - 30 CT</p><p>$29.97 ($1.00 / Count)</p><a href="https://www.amazon.com/dp/B07PN7FB1R?tag=eloabder-20&linkCode=osi&th=1&psc=1">View Product</a></div><div class="product"><a href="https://www.amazon.com/dp/B01ANSJV80?tag=eloabder-20&linkCode=osi&th=1&psc=1"><img src="https://m.media-amazon.com/images/I/4124WZb3jhL._SL500_.jpg" alt="Product Image"></a><p>Estroven Weight Management for Menopause Relief - 30 Ct. - Clinically Proven Ingredients Help Manage Weight, Provide Night Sweats & Hot Flash Relief - Drug-Free & Gluten-Free Caplets</p><p>$18.68 ($0.62 / Count)</p><a href="https://www.amazon.com/dp/B01ANSJV80?tag=eloabder-20&linkCode=osi&th=1&psc=1">View Product</a></div><div class="product"><a href="https://www.amazon.com/dp/B08HJBTZMH?tag=eloabder-20&linkCode=osi&th=1&psc=1"><img src="https://m.media-amazon.com/images/I/51HQpbfo4QL._SL500_.jpg" alt="Product Image"></a><p>Culturelle Probiotic Capsules for Healthy Metabolism & Weight Management (Ages 18+) - 30 Count - Helps Manage Weight & Promote Metabolism of Fats, Carbs & Proteins - Caffeine-Free</p><p>$26.99 ($0.90 / Count)</p><a href="https://www.amazon.com/dp/B08HJBTZMH?tag=eloabder-20&linkCode=osi&th=1&psc=1">View Product</a></div><div class="product"><a href="https://www.amazon.com/dp/B003MB26LK?tag=eloabder-20&linkCode=osi&th=1&psc=1"><img src="https://m.media-amazon.com/images/I/41DjVuzo7DL._SL500_.jpg" alt="Product Image"></a><p>Purina Pro Plan Large Breed Weight Management Dog Food, Chicken & Rice Formula - 34 lb. Bag</p><p>$71.98 ($2.12 / Pound)</p><a href="https://www.amazon.com/dp/B003MB26LK?tag=eloabder-20&linkCode=osi&th=1&psc=1">View Product</a></div><div class="product"><a href="https://www.amazon.com/dp/B072F8HRM1?tag=eloabder-20&linkCode=osi&th=1&psc=1"><img src="https://m.media-amazon.com/images/I/51KS6y-EH7L._SL500_.jpg" alt="Product Image"></a><p>AZO Bladder Control with Go-Less® & Weight Management Dietary Supplement | Helps Reduce Occasional Urgency* | Promotes Healthy Metabolism* | Supports a Good Night’s Sleep* | 48 Capsules</p><p>$19.74 ($0.41 / Count)</p><a href="https://www.amazon.com/dp/B072F8HRM1?tag=eloabder-20&linkCode=osi&th=1&psc=1">View Product</a></div><div class="product"><a href="https://www.amazon.com/dp/B0CKFHQPZV?tag=eloabder-20&linkCode=osi&th=1&psc=1"><img src="https://m.media-amazon.com/images/I/519Qr2jD-tL._SL500_.jpg" alt="Product Image"></a><p>21-in-1 Berberine Supplement with Ceylon Cinnamon - Berberine 1500 mg with Chromium, Bitter Melon and Green Tea Extract - Berberine 5X for Weight Management & Metabolism Support with 5279 mg (120 ct)</p><p>$21.95 ($0.18 / Count)</p><a href="https://www.amazon.com/dp/B0CKFHQPZV?tag=eloabder-20&linkCode=osi&th=1&psc=1">View Product</a></div><div class="product"><a href="https://www.amazon.com/dp/B00027D80A?tag=eloabder-20&linkCode=osi&th=1&psc=1"><img src="https://m.media-amazon.com/images/I/41hpUYe6+cL._SL500_.jpg" alt="Product Image"></a><p>Natrol Carb Intercept with Phase 2 Carb Controller Capsules, White kidney bean extract, Helps control carbs, Helps metabolize fats, Clinically tested, Promotes healthy body weight, 1,000mg, 120 Count</p><p>$21.94 ($0.18 / Count)</p><a href="https://www.amazon.com/dp/B00027D80A?tag=eloabder-20&linkCode=osi&th=1&psc=1">View Product</a></div><div class="product"><a href="https://www.amazon.com/dp/B0CYCPG3DM?tag=eloabder-20&linkCode=osi&th=1&psc=1"><img src="https://m.media-amazon.com/images/I/41vkuI2sW7L._SL500_.jpg" alt="Product Image"></a><p>Estroven SlimBiotics, Weight Management Menopause Supplements for Women, 30 Capsules, B Vitamins to Support Metabolic Health, Probiotics for Digestive Health to Provide Gas & Bloating Relief</p><p>$26.58 ($0.89 / Count)</p><a href="https://www.amazon.com/dp/B0CYCPG3DM?tag=eloabder-20&linkCode=osi&th=1&psc=1">View Product</a></div><div class="product"><a href="https://www.amazon.com/dp/B0CBB1H324?tag=eloabder-20&linkCode=osi&th=1&psc=1"><img src="https://m.media-amazon.com/images/I/41RGDg2i1YL._SL500_.jpg" alt="Product Image"></a><p>Berberine Supplement 1200mg - 5X Higher Absorption - Ultra Pure 98% Berberine HCL - Healthy Weight Management, Immune Support - Non GMO, Manufactured in USA - 60 Vegan Capsules</p><p>$29.99 ($0.50 / Count)</p><a href="https://www.amazon.com/dp/B0CBB1H324?tag=eloabder-20&linkCode=osi&th=1&psc=1">View Product</a></div>
<div class="product"><a href="https://www.amazon.com/dp/B00ISAPPLI?tag=eloabder-20&linkCode=osi&th=1&psc=1"><img src="https://m.media-amazon.com/images/I/417-h8k4YML._SL500_.jpg" alt="Product Image"></a><p>Dr. Tobias Colon 14 Day Cleanse, Advanced Gut Cleanse Detox for Women & Men with Cascara Sagrada, Psyllium Husk & Senna Leaf, Non-GMO Colon Cleanse, 28 Capsules 1-2 Daily</p><p>$19.99 ($0.71 / Count)</p><a href="https://www.amazon.com/dp/B00ISAPPLI?tag=eloabder-20&linkCode=osi&th=1&psc=1">View Product</a></div><div class="product"><a href="https://www.amazon.com/dp/B07J9KNS9G?tag=eloabder-20&linkCode=osi&th=1&psc=1"><img src="https://m.media-amazon.com/images/I/31tx0nQjZ9L._SL500_.jpg" alt="Product Image"></a><p>JSHealth Vitamins Detox and Debloat Liver Health Formula | Liver Detox Pills | Debloating Formula with Milk Thistle, Turmeric, Fennel | Liver Cleanse Supplement (60 Tablets)</p><p>$37.99 ($0.63 / Count)</p><a href="https://www.amazon.com/dp/B07J9KNS9G?tag=eloabder-20&linkCode=osi&th=1&psc=1">View Product</a></div><div class="product"><a href="https://www.amazon.com/dp/B095H6GR19?tag=eloabder-20&linkCode=osi&th=1&psc=1"><img src="https://m.media-amazon.com/images/I/41cAOGEXneL._SL500_.jpg" alt="Product Image"></a><p>Colon Cleanser Detox for Weight Flush - 15 Day Intestinal Cleanse Pills & Probiotic - Fast Natural Laxative for Constipation Relief - Bowel Movement Supplements for Stomach Bloating, Gut Loss Support</p><p>$9.95 ($0.33 / Count)</p><a href="https://www.amazon.com/dp/B095H6GR19?tag=eloabder-20&linkCode=osi&th=1&psc=1">View Product</a></div><div class="product"><a href="https://www.amazon.com/dp/B0C9N21MB9?tag=eloabder-20&linkCode=osi&th=1&psc=1"><img src="https://m.media-amazon.com/images/I/41VtUHf8FIL._SL500_.jpg" alt="Product Image"></a><p>Bronson Liver Detox Advanced Detox & Cleansing Formula Supports Health Liver Function with Milk Thistle, Dandelion Root, Turmeric, Artichoke Leaf & More, Non-GMO, 60 Vegetarian Capsules</p><p>$9.99 ($0.17 / Count)</p><a href="https://www.amazon.com/dp/B0C9N21MB9?tag=eloabder-20&linkCode=osi&th=1&psc=1">View Product</a></div><div class="product"><a href="https://www.amazon.com/dp/B0CZDXGW2H?tag=eloabder-20&linkCode=osi&th=1&psc=1"><img src="https://m.media-amazon.com/images/I/519ruoENRPL._SL500_.jpg" alt="Product Image"></a><p>90,000 MG Detox and Liver Cleanser, Full Body Detox Cleanse, Fast Detox, Natural Toxins Remove, Natural Herbal Premium Formula for Liver, Urinary Tract, Digestion & Mood, Made in USA, 60 Caps</p><p>$27.99 ($0.47 / Count)</p><a href="https://www.amazon.com/dp/B0CZDXGW2H?tag=eloabder-20&linkCode=osi&th=1&psc=1">View Product</a></div><div class="product"><a href="https://www.amazon.com/dp/B0CLH9BQ22?tag=eloabder-20&linkCode=osi&th=1&psc=1"><img src="https://m.media-amazon.com/images/I/31rR+aA0rBL._SL500_.jpg" alt="Product Image"></a><p>Bella All Natural Extreme Detox Powder - Mango</p><p>$35.00 ($2.48 / Ounce)</p><a href="https://www.amazon.com/dp/B0CLH9BQ22?tag=eloabder-20&linkCode=osi&th=1&psc=1">View Product</a></div><div class="product"><a href="https://www.amazon.com/dp/B01AVJGHW4?tag=eloabder-20&linkCode=osi&th=1&psc=1"><img src="https://m.media-amazon.com/images/I/51xGQHea+JL._SL500_.jpg" alt="Product Image"></a><p>Century Systems The Cleaner Detox, Powerful 7-Day Complete Internal Cleansing Formula for Men, Support Digestive Health, 52 Vegetarian Capsules</p><p>$15.55 ($0.30 / Count)</p><a href="https://www.amazon.com/dp/B01AVJGHW4?tag=eloabder-20&linkCode=osi&th=1&psc=1">View Product</a></div><div class="product"><a href="https://www.amazon.com/dp/B07D4372Y8?tag=eloabder-20&linkCode=osi&th=1&psc=1"><img src="https://m.media-amazon.com/images/I/41BJ0OX9gML._SL500_.jpg" alt="Product Image"></a><p>Herbal Nitro My Gentle Detox - Fast, Gentle Constipation Relief in 1 Day - All-Natural Colon Cleanse Detox Pills for Women & Men - Helps Reduce Bloating, Gas, Irregularity - 30 Capsules</p><p>$27.97 ($0.93 / Count)</p><a href="https://www.amazon.com/dp/B07D4372Y8?tag=eloabder-20&linkCode=osi&th=1&psc=1">View Product</a></div><div class="product"><a href="https://www.amazon.com/dp/B016BAO0LW?tag=eloabder-20&linkCode=osi&th=1&psc=1"><img src="https://m.media-amazon.com/images/I/41CEuhtv5jL._SL500_.jpg" alt="Product Image"></a><p>Purely Inspired 7-Day Detox Cleanse - Whole Body Cleanse & Detox Pills for Women & Men, Powered with Senna Leaf, Vitamin C, Apple Cider Vinegar, Digestive Enzymes & Probiotics - 42 Acai Berry Capsules</p><p>$11.23 ($0.27 / Count)</p><a href="https://www.amazon.com/dp/B016BAO0LW?tag=eloabder-20&linkCode=osi&th=1&psc=1">View Product</a></div><div class="product"><a href="https://www.amazon.com/dp/B0CRMVWKL4?tag=eloabder-20&linkCode=osi&th=1&psc=1"><img src="https://m.media-amazon.com/images/I/41wTqdC2eiL._SL500_.jpg" alt="Product Image"></a><p>28-in-1 Liver Cleanse with Milk Thistle, Artichoke & Apple Cider Vinegar - Liver Cleanse Detox & Repair Heath Formula Liver Support Supplement 60 Vegan Capsules</p><p>$24.99 ($0.42 / Count)</p><a href="https://www.amazon.com/dp/B0CRMVWKL4?tag=eloabder-20&linkCode=osi&th=1&psc=1">View Product</a></div>
<div class="product"><a href="https://www.amazon.com/dp/B08DP57QF5?tag=eloabder-20&linkCode=osi&th=1&psc=1"><img src="https://m.media-amazon.com/images/I/41fG9e3QHeL._SL500_.jpg" alt="Product Image"></a><p>Inno Cleanse - Waist Trimming Complex | Digestive System Support & Aid | Reduced Bloating | Improves Energy Levels | Gluten Free, Vegan Friendly</p><p>$43.99 ($0.73 / Count)</p><a href="https://www.amazon.com/dp/B08DP57QF5?tag=eloabder-20&linkCode=osi&th=1&psc=1">View Product</a></div><div class="product"><a href="https://www.amazon.com/dp/B0015R3L5S?tag=eloabder-20&linkCode=osi&th=1&psc=1"><img src="https://m.media-amazon.com/images/I/51LB3xPDZ+L._SL500_.jpg" alt="Product Image"></a><p>Renew Life Detox Cleanse More, Reduces Bloating and Restores Regularity, Overnight Constipation Relief, Soy, Dairy and gluten-free, 100 Capsules</p><p>$24.99 ($0.25 / Count)</p><a href="https://www.amazon.com/dp/B0015R3L5S?tag=eloabder-20&linkCode=osi&th=1&psc=1">View Product</a></div><div class="product"><a href="https://www.amazon.com/dp/B00CGFKD4K?tag=eloabder-20&linkCode=osi&th=1&psc=1"><img src="https://m.media-amazon.com/images/I/31mtuMnrYaL._SL500_.jpg" alt="Product Image"></a><p>Health Plus Super Colon Cleanse 10 Day Gentle Gut Cleanse Detox, Psyllium Husk, Probiotics for Constipation Relief & Digestive Support, 60 Capsules</p><p>$12.99 ($0.22 / Count)</p><a href="https://www.amazon.com/dp/B00CGFKD4K?tag=eloabder-20&linkCode=osi&th=1&psc=1">View Product</a></div><div class="product"><a href="https://www.amazon.com/dp/B000W6N3B0?tag=eloabder-20&linkCode=osi&th=1&psc=1"><img src="https://m.media-amazon.com/images/I/513eRgpwDzL._SL500_.jpg" alt="Product Image"></a><p>Nature's Secret Ultimate Cleanse 2-Part Total Body Detoxification & Elimination Supports Digestion, Wellness, Colon Health & Regularity - Multi-Herb Digestion & Multi-Fiber Cleanse - 240 Tablets</p><p>$26.24 ($0.11 / Count)</p><a href="https://www.amazon.com/dp/B000W6N3B0?tag=eloabder-20&linkCode=osi&th=1&psc=1">View Product</a></div><div class="product"><a href="https://www.amazon.com/dp/B076QGVCTJ?tag=eloabder-20&linkCode=osi&th=1&psc=1"><img src="https://m.media-amazon.com/images/I/51mTNryXDDL._SL500_.jpg" alt="Product Image"></a><p>CLEANSE on the go - 3 Day Juice Cleanse - Just Add Water - 21 Powder Packets</p><p>$64.95 ($64.95 / Count)</p><a href="https://www.amazon.com/dp/B076QGVCTJ?tag=eloabder-20&linkCode=osi&th=1&psc=1">View Product</a></div>

<div class="product"><a href="https://www.amazon.com/dp/B08LQZCR3L?tag=eloabder-20&linkCode=osi&th=1&psc=1"><img src="https://m.media-amazon.com/images/I/41HE+7tML2L._SL500_.jpg" alt="Product Image"></a><p>OLLY Ultra Strength Goodbye Stress Softgels, GABA, Ashwagandha, L-Theanine and Lemon Balm, Stress Relief Supplement - 60 Count</p><p>$19.99 ($0.33 / Count)</p><a href="https://www.amazon.com/dp/B08LQZCR3L?tag=eloabder-20&linkCode=osi&th=1&psc=1">View Product</a></div><div class="product"><a href="https://www.amazon.com/dp/B07PWMXMZ6?tag=eloabder-20&linkCode=osi&th=1&psc=1"><img src="https://m.media-amazon.com/images/I/41VD6DY7HqL._SL500_.jpg" alt="Product Image"></a><p>Nature's Bounty Anxiety & Stress Relief Ashwagandha Ksm-66 Tablets, 50 Count</p><p>$10.98 ($0.22 / Count)</p><a href="https://www.amazon.com/dp/B07PWMXMZ6?tag=eloabder-20&linkCode=osi&th=1&psc=1">View Product</a></div><div class="product"><a href="https://www.amazon.com/dp/B08VYWSVVF?tag=eloabder-20&linkCode=osi&th=1&psc=1"><img src="https://m.media-amazon.com/images/I/41Ho+8wPa0L._SL500_.jpg" alt="Product Image"></a><p>Boiron StressCalm for Relief of Stress, Anxiousness, Nervousness, Irritability, and Fatigue - 60 Count</p><p>$9.99 ($0.17 / Count)</p><a href="https://www.amazon.com/dp/B08VYWSVVF?tag=eloabder-20&linkCode=osi&th=1&psc=1">View Product</a></div><div class="product"><a href="https://www.amazon.com/dp/B09SR84773?tag=eloabder-20&linkCode=osi&th=1&psc=1"><img src="https://m.media-amazon.com/images/I/41ZCNv-yCrL._SL500_.jpg" alt="Product Image"></a><p>Nature Made Wellblends Stress Relief Gummies, L theanine 200mg to Help Reduce Stress, with GABA 100mg, Same Day Stress Support, 40 Strawberry Flavor Gummies</p><p>$18.09 ($0.45 / Count)</p><a href="https://www.amazon.com/dp/B09SR84773?tag=eloabder-20&linkCode=osi&th=1&psc=1">View Product</a></div><div class="product"><a href="https://www.amazon.com/dp/B08JTDM8JX?tag=eloabder-20&linkCode=osi&th=1&psc=1"><img src="https://m.media-amazon.com/images/I/51UKAPsnDSL._SL500_.jpg" alt="Product Image"></a><p>Zenium - Relieve Stress, Tension, Worry, Nervousness, & Irritability | Calm The Mind & Body | Ayurvedic | Natural Relief Supplement | Boosts Mood | Ashwagandha, L-Theanine, GABA, Rhodiola |60 Capsules</p><p>$28.60 ($0.32 / Count)</p><a href="https://www.amazon.com/dp/B08JTDM8JX?tag=eloabder-20&linkCode=osi&th=1&psc=1">View Product</a></div><div class="product"><a href="https://www.amazon.com/dp/B01M1HYRNJ?tag=eloabder-20&linkCode=osi&th=1&psc=1"><img src="https://m.media-amazon.com/images/I/41cyJuNhkJL._SL500_.jpg" alt="Product Image"></a><p>OLLY Goodbye Stress Gummy, GABA, L-Theanine, Lemon Balm, Stress Relief Supplement, Berry - 42 Count</p><p>$11.99 ($0.29 / Count)</p><a href="https://www.amazon.com/dp/B01M1HYRNJ?tag=eloabder-20&linkCode=osi&th=1&psc=1">View Product</a></div><div class="product"><a href="https://www.amazon.com/dp/B0D3584KTT?tag=eloabder-20&linkCode=osi&th=1&psc=1"><img src="https://m.media-amazon.com/images/I/314M3cMtYEL._SL500_.jpg" alt="Product Image"></a><p>Habit Stress Relief Supplement (60 Capsules) - New Look, Supports Relaxation & Mood Balance, Vitamin B, Adaptogens, Lemon Balm, Calming, Vegan, Non-GMO (1 Pack)</p><p>$7.99 ($0.13 / Count)</p><a href="https://www.amazon.com/dp/B0D3584KTT?tag=eloabder-20&linkCode=osi&th=1&psc=1">View Product</a></div><div class="product"><a href="https://www.amazon.com/dp/B0B7YVVCJD?tag=eloabder-20&linkCode=osi&th=1&psc=1"><img src="https://m.media-amazon.com/images/I/41FfvHvKl7L._SL500_.jpg" alt="Product Image"></a><p>Primal Harvest Stress Relief Supplement for Women and Men Pure Ashwagandha Root Extract, L-Theanine Supplements, 30 Capsules</p><p>$39.95 ($1.33 / Count)</p><a href="https://www.amazon.com/dp/B0B7YVVCJD?tag=eloabder-20&linkCode=osi&th=1&psc=1">View Product</a></div><div class="product"><a href="https://www.amazon.com/dp/B08F2TY6SQ?tag=eloabder-20&linkCode=osi&th=1&psc=1"><img src="https://m.media-amazon.com/images/I/41zMS+Vdv7L._SL500_.jpg" alt="Product Image"></a><p>Stress Relief Gummies for Adults | with Gaba, L Theanine and Lemon Balm | Lemon Strawberry Gummies | Non-GMO, Gluten Free Supplement | by Nature's Truth</p><p>$9.99 ($0.21 / Count)</p><a href="https://www.amazon.com/dp/B08F2TY6SQ?tag=eloabder-20&linkCode=osi&th=1&psc=1">View Product</a></div>
<div class="product"><a href="https://www.amazon.com/dp/B07PBZRDJN?tag=eloabder-20&linkCode=osi&th=1&psc=1"><img src="https://m.media-amazon.com/images/I/51mpObXjYwL._SL500_.jpg" alt="Product Image"></a><p>NEURIVA Plus Brain Supplement for Memory and Focus Clinically Tested Nootropics for Concentration for Mental Clarity, Cognitive Enhancement Vitamins B6, B12, Phosphatidylserine 30 Capsules</p><p>$29.78 ($0.99 / Count)</p><a href="https://www.amazon.com/dp/B07PBZRDJN?tag=eloabder-20&linkCode=osi&th=1&psc=1">View Product</a></div><div class="product"><a href="https://www.amazon.com/dp/B01JIKQDPS?tag=eloabder-20&linkCode=osi&th=1&psc=1"><img src="https://m.media-amazon.com/images/I/41Ezne379HL._SL500_.jpg" alt="Product Image"></a><p>Nootropics Brain Support Supplement - Mental Focus Nootropic Memory Supplement for Brain Health & and Performance Blend, with Energy and Vitamins DMAE Bacopa and Phosphatidylserine Capsule</p><p>$19.55 ($0.33 / Count)</p><a href="https://www.amazon.com/dp/B01JIKQDPS?tag=eloabder-20&linkCode=osi&th=1&psc=1">View Product</a></div><div class="product"><a href="https://www.amazon.com/dp/B07Q5DZJTK?tag=eloabder-20&linkCode=osi&th=1&psc=1"><img src="https://m.media-amazon.com/images/I/414Ts8+w+YL._SL500_.jpg" alt="Product Image"></a><p>DR. EMIL NUTRITION 2100mg Organic Lions Mane Supplement Capsules - Focus, Mental Clarity & Cognition - Nootropic Lion's Mane Mushroom Supplement with Organic Lions Mane</p><p>$22.85 ($0.25 / Count)</p><a href="https://www.amazon.com/dp/B07Q5DZJTK?tag=eloabder-20&linkCode=osi&th=1&psc=1">View Product</a></div><div class="product"><a href="https://www.amazon.com/dp/B07WT6RLX9?tag=eloabder-20&linkCode=osi&th=1&psc=1"><img src="https://m.media-amazon.com/images/I/51o6VcG9A4L._SL500_.jpg" alt="Product Image"></a><p>ONNIT Alpha Brain Premium Nootropic Brain Supplement, 30 Count, for Men & Women - Caffeine-Free Focus Capsules for Concentration, Brain Booster & Memory Support</p><p>$29.71 ($0.99 / Count)</p><a href="https://www.amazon.com/dp/B07WT6RLX9?tag=eloabder-20&linkCode=osi&th=1&psc=1">View Product</a></div><div class="product"><a href="https://www.amazon.com/dp/B06XP35CN9?tag=eloabder-20&linkCode=osi&th=1&psc=1"><img src="https://m.media-amazon.com/images/I/41mC1EgSjWL._SL500_.jpg" alt="Product Image"></a><p>Advanced Nootropics Brain Support Supplement - Synergetic Mental Energy and Focus Supplement with Brain Vitamins for Cognitive Enhancement - Mind and Memory Supplement for Brain Health (30 Servings)</p><p>$13.78 ($0.23 / Count)</p><a href="https://www.amazon.com/dp/B06XP35CN9?tag=eloabder-20&linkCode=osi&th=1&psc=1">View Product</a></div><div class="product"><a href="https://www.amazon.com/dp/B0C8ZHNVHK?tag=eloabder-20&linkCode=osi&th=1&psc=1"><img src="https://m.media-amazon.com/images/I/51LyeYCadbL._SL500_.jpg" alt="Product Image"></a><p>Switch, Brain Boosting Nootropic Energy Supplement, Increase Mental Focus & Cognitive Function, Enhances Mood & Memory, Alpha GPC, Ashwagandha, Sugar Free Energy Powder-Keto</p><p>$49.99 ($8.91 / Ounce)</p><a href="https://www.amazon.com/dp/B0C8ZHNVHK?tag=eloabder-20&linkCode=osi&th=1&psc=1">View Product</a></div><div class="product"><a href="https://www.amazon.com/dp/B0BXTN1V7F?tag=eloabder-20&linkCode=osi&th=1&psc=1"><img src="https://m.media-amazon.com/images/I/513JW5FoUhL._SL500_.jpg" alt="Product Image"></a><p>NEURIVA Ultra Decaffeinated Clinically Tested Nootropic Brain Supplement for Mental Alertness, Memory, Focus & Concentration, Cognivive, Neurofactor, Phosphatidylserine, Vitamins B6 B12, 60 Capsules</p><p>$69.99 ($1.17 / Count)</p><a href="https://www.amazon.com/dp/B0BXTN1V7F?tag=eloabder-20&linkCode=osi&th=1&psc=1">View Product</a></div><div class="product"><a href="https://www.amazon.com/dp/B07RP44QPT?tag=eloabder-20&linkCode=osi&th=1&psc=1"><img src="https://m.media-amazon.com/images/I/414Ge8If89L._SL500_.jpg" alt="Product Image"></a><p>Vital Vitamins Brain Supplements for Memory and Focus - Nootropic Brain Support - Memory, Clarity, Focus, Energy - Vitamin B12, Gingko Biloba, DMAE</p><p>$21.01 ($0.70 / Count)</p><a href="https://www.amazon.com/dp/B07RP44QPT?tag=eloabder-20&linkCode=osi&th=1&psc=1">View Product</a></div><div class="product"><a href="https://www.amazon.com/dp/B00GQVA728?tag=eloabder-20&linkCode=osi&th=1&psc=1"><img src="https://m.media-amazon.com/images/I/41XREocXS9L._SL500_.jpg" alt="Product Image"></a><p>NOW Essential Oils, Mental Focus Oil Blend, Centering Aromatherapy Scent, Blend of Pure Essential Oils, Vegan, Child Resistant Cap, 1-Ounce</p><p>$9.99</p><a href="https://www.amazon.com/dp/B00GQVA728?tag=eloabder-20&linkCode=osi&th=1&psc=1">View Product</a></div>
<div class="product"><a href="https://www.amazon.com/dp/B0CLJ62HJN?tag=eloabder-20&linkCode=osi&th=1&psc=1"><img src="https://m.media-amazon.com/images/I/51fzZ1f4aKL._SL500_.jpg" alt="Product Image"></a><p>Probiotics for Men, 500 Billion CFU 12 Strains Mens Probiotic with Turmeric Cranberry & Goji, Gut Health for Men, Probiotics for Men Digestive Health, Bloating, Immune & Overall Health, 30-Day Supply</p><p>$24.90 ($0.42 / Count)</p><a href="https://www.amazon.com/dp/B0CLJ62HJN?tag=eloabder-20&linkCode=osi&th=1&psc=1">View Product</a></div><div class="product"><a href="https://www.amazon.com/dp/B01KE592JU?tag=eloabder-20&linkCode=osi&th=1&psc=1"><img src="https://m.media-amazon.com/images/I/41H9Ng4ybQL._SL500_.jpg" alt="Product Image"></a><p>Multivitamin for Men - Daily Mens Multivitamins & Multiminerals Supplement for Energy, Focus and Performance. Mens Vitamins A, C, D, E & B12, Zinc, Calcium, Magnesium & More. Multi Vitamin Capsules</p><p>$22.97 ($0.38 / Count)</p><a href="https://www.amazon.com/dp/B01KE592JU?tag=eloabder-20&linkCode=osi&th=1&psc=1">View Product</a></div><div class="product"><a href="https://www.amazon.com/dp/B084HGKTSD?tag=eloabder-20&linkCode=osi&th=1&psc=1"><img src="https://m.media-amazon.com/images/I/51TL3dHZ-fL._SL500_.jpg" alt="Product Image"></a><p>NATURE TARGET Probiotics for Men with Men Care Supplement, Prebiotics & Probiotic for Men's Digestive and Immune Health,60 Billion CFUs & 14 Strains Shelf Stable, Gluten & Soy Free (90 Tablets)</p><p>$16.99 ($0.19 / Count)</p><a href="https://www.amazon.com/dp/B084HGKTSD?tag=eloabder-20&linkCode=osi&th=1&psc=1">View Product</a></div><div class="product"><a href="https://www.amazon.com/dp/B09N44X5GZ?tag=eloabder-20&linkCode=osi&th=1&psc=1"><img src="https://m.media-amazon.com/images/I/41AH6xcqptL._SL500_.jpg" alt="Product Image"></a><p>Saw Palmetto Supplement - Potent 3X Formula with Stinging Nettle + Pumpkin Seed Extract - DHT Blocker Urinary Health & Prostate Support Supplement for Mens Health - Saw Palmetto for Men 2 Month Supply</p><p>$27.49 ($0.23 / Count)</p><a href="https://www.amazon.com/dp/B09N44X5GZ?tag=eloabder-20&linkCode=osi&th=1&psc=1">View Product</a></div><div class="product"><a href="https://www.amazon.com/dp/B01MQ1JLWY?tag=eloabder-20&linkCode=osi&th=1&psc=1"><img src="https://m.media-amazon.com/images/I/41O5MqjxlDL._SL500_.jpg" alt="Product Image"></a><p>Prime Labs - Men's Testosterone Booster - Stamina, Endurance, & Strength Booster - 60 Caplets</p><p>$21.49 ($0.36 / Count)</p><a href="https://www.amazon.com/dp/B01MQ1JLWY?tag=eloabder-20&linkCode=osi&th=1&psc=1">View Product</a></div><div class="product"><a href="https://www.amazon.com/dp/B09X2CG92L?tag=eloabder-20&linkCode=osi&th=1&psc=1"><img src="https://m.media-amazon.com/images/I/41ebxpgEyDL._SL500_.jpg" alt="Product Image"></a><p>21,800mg Testosterone Booster for Men 8X Strength w. Ashwagandha, Tongkat Ali, Pycnogenol, Tribulus - Total T Male Enhancing Test Libido Booster + Muscle Builder Growth Testosterone Supplement for Men</p><p>$29.95 ($0.33 / Count)</p><a href="https://www.amazon.com/dp/B09X2CG92L?tag=eloabder-20&linkCode=osi&th=1&psc=1">View Product</a></div><div class="product"><a href="https://www.amazon.com/dp/B0B44VP9QV?tag=eloabder-20&linkCode=osi&th=1&psc=1"><img src="https://m.media-amazon.com/images/I/31Ep1XHYAUL._SL500_.jpg" alt="Product Image"></a><p>Health by Habit Mens Multi Supplement (60 Capsules) - 23 Essential Vitamins and Minerals, Supports General Health & Wellness, Non-GMO, Sugar Free (1 Pack)</p><p>$10.06 ($0.17 / Count)</p><a href="https://www.amazon.com/dp/B0B44VP9QV?tag=eloabder-20&linkCode=osi&th=1&psc=1">View Product</a></div><div class="product"><a href="https://www.amazon.com/dp/B09W1R4JJ9?tag=eloabder-20&linkCode=osi&th=1&psc=1"><img src="https://m.media-amazon.com/images/I/51FMBwtAQZL._SL500_.jpg" alt="Product Image"></a><p>Force Factor Test X180 Gummies Testosterone Booster for Men with Tongkat Ali, Horny Goat Weed, Tribulus Terrestris, Fenugreek, & Black Maca, Supplement Men, Berry Punch, 60 Gummies, 1-Pack</p><p>$18.80 ($0.31 / Count)</p><a href="https://www.amazon.com/dp/B09W1R4JJ9?tag=eloabder-20&linkCode=osi&th=1&psc=1">View Product</a></div><div class="product"><a href="https://www.amazon.com/dp/B00Y8MP5VA?tag=eloabder-20&linkCode=osi&th=1&psc=1"><img src="https://m.media-amazon.com/images/I/41EWrdWCUSL._SL500_.jpg" alt="Product Image"></a><p>Garden of Life Probiotics for Men Dr Formulated 50 Billion CFU 15 Probiotics + Organic Prebiotic Fiber for Digestive, Colon & Immune Support, Daily Gas Relief, Dairy Free, Shelf Stable, 30 Capsules</p><p>$31.71 ($1.06 / Count)</p><a href="https://www.amazon.com/dp/B00Y8MP5VA?tag=eloabder-20&linkCode=osi&th=1&psc=1">View Product</a></div>
<div class="product"><a href="https://www.amazon.com/dp/B07B8BSGPL?tag=eloabder-20&linkCode=osi&th=1&psc=1"><img src="https://m.media-amazon.com/images/I/51fhicydrEL._SL500_.jpg" alt="Product Image"></a><p>Physician's Choice Probiotics for Women - PH Balance, Digestive, UT, & Feminine Health - 50 Billion CFU - 6 Unique Strains for Women - Organic Prebiotics, Cranberry Extract+ - Women Probiotic - 30 CT</p><p>$23.98 ($0.80 / Count)</p><a href="https://www.amazon.com/dp/B07B8BSGPL?tag=eloabder-20&linkCode=osi&th=1&psc=1">View Product</a></div><div class="product"><a href="https://www.amazon.com/dp/B0BL2GM261?tag=eloabder-20&linkCode=osi&th=1&psc=1"><img src="https://m.media-amazon.com/images/I/31nzULQJHwL._SL500_.jpg" alt="Product Image"></a><p>Health by Habit Womens Multi Supplement (60 Capsules) - 23 Essential Vitamins and Minerals, Supports General Health & Wellness, Non-GMO, Sugar Free (1 Pack)</p><p>$10.70 ($0.18 / Count)</p><a href="https://www.amazon.com/dp/B0BL2GM261?tag=eloabder-20&linkCode=osi&th=1&psc=1">View Product</a></div><div class="product"><a href="https://www.amazon.com/dp/B07YWJZJNY?tag=eloabder-20&linkCode=osi&th=1&psc=1"><img src="https://m.media-amazon.com/images/I/51lB0uUNGDL._SL500_.jpg" alt="Product Image"></a><p>Doctor's Recipes Women’s Probiotic, 60 Caps 50 Billion CFU 16 Strains, with Organic Cranberry, Digestive Immune Vaginal & Urinary Health, Shelf Stable, Delayed Release, No Soy Gluten Dairy</p><p>$17.49 ($0.29 / Count)</p><a href="https://www.amazon.com/dp/B07YWJZJNY?tag=eloabder-20&linkCode=osi&th=1&psc=1">View Product</a></div><div class="product"><a href="https://www.amazon.com/dp/B004ZNDFIW?tag=eloabder-20&linkCode=osi&th=1&psc=1"><img src="https://m.media-amazon.com/images/I/51+VsWEmpSL._SL500_.jpg" alt="Product Image"></a><p>Renew Life Women's Probiotic Capsules, Supports pH Balance for Women, Vaginal, Urinary, Digestive and Immune Health, L. Rhamnosus GG, Dairy, Soy and Gluten-Free, 25 Billion CFU - 30 Ct</p><p>$16.78 ($0.56 / Count)</p><a href="https://www.amazon.com/dp/B004ZNDFIW?tag=eloabder-20&linkCode=osi&th=1&psc=1">View Product</a></div><div class="product"><a href="https://www.amazon.com/dp/B006I7AT78?tag=eloabder-20&linkCode=osi&th=1&psc=1"><img src="https://m.media-amazon.com/images/I/41v96+mT7-L._SL500_.jpg" alt="Product Image"></a><p>Nature's Way Women's Probiotic Pearls, Supports Vaginal and Digestive Health*, 1 Billion Live Cultures, No Refrigeration Required, 30 Softgels (Packaging May Vary)</p><p>$11.81 ($0.39 / Count)</p><a href="https://www.amazon.com/dp/B006I7AT78?tag=eloabder-20&linkCode=osi&th=1&psc=1">View Product</a></div><div class="product"><a href="https://www.amazon.com/dp/B092CS29NR?tag=eloabder-20&linkCode=osi&th=1&psc=1"><img src="https://m.media-amazon.com/images/I/41mHol7tOzL._SL500_.jpg" alt="Product Image"></a><p>OLLY Happy Hoo-Ha Capsules, Probiotic for Women, Vaginal Health and pH Balance, 10 Billion CFU, Gluten Free - 25 Count</p><p>$16.37 ($0.65 / Count)</p><a href="https://www.amazon.com/dp/B092CS29NR?tag=eloabder-20&linkCode=osi&th=1&psc=1">View Product</a></div><div class="product"><a href="https://www.amazon.com/dp/B09YM5LMX7?tag=eloabder-20&linkCode=osi&th=1&psc=1"><img src="https://m.media-amazon.com/images/I/51h9mac9ZFL._SL500_.jpg" alt="Product Image"></a><p>OMOGS Women's Probiotic,with Cranberry Extract and Organic Prebiotics,90 Billion CFUs,18 Strains,Help for Boost Immune,Digestive, Gut and Women's Health,Gluten Dairy Yeast & Soy Free, 90 Tablets</p><p>$8.99 ($0.10 / Count)</p><a href="https://www.amazon.com/dp/B09YM5LMX7?tag=eloabder-20&linkCode=osi&th=1&psc=1">View Product</a></div><div class="product"><a href="https://www.amazon.com/dp/B074BLLV81?tag=eloabder-20&linkCode=osi&th=1&psc=1"><img src="https://m.media-amazon.com/images/I/51KGSL1CsIL._SL500_.jpg" alt="Product Image"></a><p>AZO Complete Feminine Balance Daily Probiotics for Women, Clinically Proven to Help Protect Vaginal Health, balance pH and yeast, Non-GMO, 30 Count</p><p>$23.51 ($0.78 / Count)</p><a href="https://www.amazon.com/dp/B074BLLV81?tag=eloabder-20&linkCode=osi&th=1&psc=1">View Product</a></div>
<div class="product"><a href="https://www.amazon.com/dp/B0CGKVHHCY?tag=eloabder-20&linkCode=osi&th=1&psc=1"><img src="https://m.media-amazon.com/images/I/51HSSDVp7sL._SL500_.jpg" alt="Product Image"></a><p>MaryRuth's Liquid Multivitamin + Lustriva® Hair Growth Vitamins | Biotin 10000mcg | Vitamin D | Clinically Tested for Thicker Hair, Wrinkles, Fine Lines, Skin Care | Ages 18+ | 30 Fl Oz</p><p>$74.95 ($2.50 / Fl Oz)</p><a href="https://www.amazon.com/dp/B0CGKVHHCY?tag=eloabder-20&linkCode=osi&th=1&psc=1">View Product</a></div><div class="product"><a href="https://www.amazon.com/dp/B09RKDGYJD?tag=eloabder-20&linkCode=osi&th=1&psc=1"><img src="https://m.media-amazon.com/images/I/51VPhOLi43L._SL500_.jpg" alt="Product Image"></a><p>Biotin | Collagen | Keratin | Hyaluronic Acid - Hair Growth Support Supplement | Skin & Nails Beauty Complex 25000 mcg - B1 | B2 | B3 | B6 | B7 - Made in USA - For Women & Men | 60 Capsules</p><p>$21.16 ($0.35 / Count)</p><a href="https://www.amazon.com/dp/B09RKDGYJD?tag=eloabder-20&linkCode=osi&th=1&psc=1">View Product</a></div><div class="product"><a href="https://www.amazon.com/dp/B0D379XS3Z?tag=eloabder-20&linkCode=osi&th=1&psc=1"><img src="https://m.media-amazon.com/images/I/41ZnobZ4taL._SL500_.jpg" alt="Product Image"></a><p>WONDERCOW Hair Skin and Nails Vitamins w/Bovine Colostrum, Collagen, Hyaluronic Acid, Biotin, Zinc, & Lactoferrin┃Supports Faster Hair Growth, Stronger Nails and Glowing Skin (30 servings, Capsule)</p><p>$39.99 ($0.44 / Count)</p><a href="https://www.amazon.com/dp/B0D379XS3Z?tag=eloabder-20&linkCode=osi&th=1&psc=1">View Product</a></div><div class="product"><a href="https://www.amazon.com/dp/B0D2JFRTJY?tag=eloabder-20&linkCode=osi&th=1&psc=1"><img src="https://m.media-amazon.com/images/I/415HdLpj8pL._SL500_.jpg" alt="Product Image"></a><p>InstaRelief® Hair Growth with Lustriva® - Clinically Shown to Grow Thicker, Healthier Hair in 3 Weeks, Reduce Wrinkles and Fine Lines, with Biotin, Silicon, and Arginine, 60 Tablets</p><p>$26.98 ($0.45 / Count)</p><a href="https://www.amazon.com/dp/B0D2JFRTJY?tag=eloabder-20&linkCode=osi&th=1&psc=1">View Product</a></div><div class="product"><a href="https://www.amazon.com/dp/B07H8RQCX2?tag=eloabder-20&linkCode=osi&th=1&psc=1"><img src="https://m.media-amazon.com/images/I/41c4gXD7hAS._SL500_.jpg" alt="Product Image"></a><p>JSHealth Vitamins Hair and Energy Formula Hair Growth Vitamins | Hair Vitamins for Women and Men | Zinc and Iodine Hair Supplements for Hair Growth | Hair Loss Supplements | (30 Capsules)</p><p>$27.99 ($0.93 / Count)</p><a href="https://www.amazon.com/dp/B07H8RQCX2?tag=eloabder-20&linkCode=osi&th=1&psc=1">View Product</a></div><div class="product"><a href="https://www.amazon.com/dp/B07L8KPCFY?tag=eloabder-20&linkCode=osi&th=1&psc=1"><img src="https://m.media-amazon.com/images/I/31NkOtXpn0L._SL500_.jpg" alt="Product Image"></a><p>Hello Lovely! Hair Vitamins Gummies with Biotin 5000 mcg Vitamin E & C Support Hair Growth, Premium Vegetarian Non-GMO, for Stronger Beautiful Hair, Skin & Nails Supplement - 60 Gummy Bears</p><p>$14.62 ($0.24 / Count)</p><a href="https://www.amazon.com/dp/B07L8KPCFY?tag=eloabder-20&linkCode=osi&th=1&psc=1">View Product</a></div>
<div class="product"><a href="https://www.amazon.com/dp/B0072F8D7S?tag=eloabder-20&linkCode=osi&th=1&psc=1"><img src="https://m.media-amazon.com/images/I/41j4CBYG0SL._SL500_.jpg" alt="Product Image"></a><p>Nature's Bounty Advanced Hair, Skin & Nails, Argan-Infused Vitamin Supplement with Biotin and Hyaluronic Acid, 150 Rapid Release Softgels</p><p>$11.22 ($0.07 / Count)</p><a href="https://www.amazon.com/dp/B0072F8D7S?tag=eloabder-20&linkCode=osi&th=1&psc=1">View Product</a></div><div class="product"><a href="https://www.amazon.com/dp/B07SRVJBSJ?tag=eloabder-20&linkCode=osi&th=1&psc=1"><img src="https://m.media-amazon.com/images/I/415Fg7XSFDL._SL500_.jpg" alt="Product Image"></a><p>Horbäach Hair Skin and Nails Vitamins | 300 Softgels | with Biotin and Collagen | Infused with Argan Oil and Coconut Oil | Non-GMO, Gluten Free Supplement</p><p>$16.47 ($0.05 / Count)</p><a href="https://www.amazon.com/dp/B07SRVJBSJ?tag=eloabder-20&linkCode=osi&th=1&psc=1">View Product</a></div><div class="product"><a href="https://www.amazon.com/dp/B07FB65182?tag=eloabder-20&linkCode=osi&th=1&psc=1"><img src="https://m.media-amazon.com/images/I/41Dof1D4sQL._SL500_.jpg" alt="Product Image"></a><p>Life Extension Skin Restoring Ceramides - Promotes Hydration & Encourages Healthy Ceramide Levels in Skin - Once-Daily Oral Supplement - Non-GMO, Gluten-Free – 30 Liquid Vegetarian Capsules</p><p>$18.75 ($0.62 / Count)</p><a href="https://www.amazon.com/dp/B07FB65182?tag=eloabder-20&linkCode=osi&th=1&psc=1">View Product</a></div><div class="product"><a href="https://www.amazon.com/dp/B0B3GBJJGW?tag=eloabder-20&linkCode=osi&th=1&psc=1"><img src="https://m.media-amazon.com/images/I/41h5D2kKYEL._SL500_.jpg" alt="Product Image"></a><p>Collagen Pills 1000mg Biotin 10000mcg Keratin Saw Palmetto 2500mg Hyaluronic Acid - Hair Skin and Nails Vitamins and DHT Blocker with Vitamin E Folic Acid Pumpkin Seed MSM - 90 Count</p><p>$29.95 ($0.33 / Count)</p><a href="https://www.amazon.com/dp/B0B3GBJJGW?tag=eloabder-20&linkCode=osi&th=1&psc=1">View Product</a></div><div class="product"><a href="https://www.amazon.com/dp/B00EEOGIWC?tag=eloabder-20&linkCode=osi&th=1&psc=1"><img src="https://m.media-amazon.com/images/I/41KNQKYyyaL._SL500_.jpg" alt="Product Image"></a><p>Phytoceramides 350mg per softgel - Plant Derived Ceramides for Healthy Skin and Hydration - Non GMO with No Fillers or Synthetic Vitamins - 30 Liquid softgels</p><p>$19.95 ($0.66 / Count)</p><a href="https://www.amazon.com/dp/B00EEOGIWC?tag=eloabder-20&linkCode=osi&th=1&psc=1">View Product</a></div><div class="product"><a href="https://www.amazon.com/dp/B0CG9QS1JY?tag=eloabder-20&linkCode=osi&th=1&psc=1"><img src="https://m.media-amazon.com/images/I/41GR02V0-iL._SL500_.jpg" alt="Product Image"></a><p>CLEARstem - MINDBODYSKIN Hormonal Acne Supplement (5-HTP) - Natural DIM Supplement - Skin Care Vitamins - Hormone Balance, Antioxidants - Vegan, Gluten Free, Cruelty Free - 30 Servings, 90 Capsules</p><p>$57.35 ($0.64 / Count)</p><a href="https://www.amazon.com/dp/B0CG9QS1JY?tag=eloabder-20&linkCode=osi&th=1&psc=1">View Product</a></div><div class="product"><a href="https://www.amazon.com/dp/B0CCYZ4ZG4?tag=eloabder-20&linkCode=osi&th=1&psc=1"><img src="https://m.media-amazon.com/images/I/41UMUWSDIBL._SL500_.jpg" alt="Product Image"></a><p>Vital Vitamins Multi Collagen Plus - Biotin, Hyaluronic Acid, Vitamin C - Collagen for Women & Men - Hair Growth Support Supplement - Skin, Nails Beauty Complex - 150 Pills</p><p>$25.95 ($0.17 / Count)</p><a href="https://www.amazon.com/dp/B0CCYZ4ZG4?tag=eloabder-20&linkCode=osi&th=1&psc=1">View Product</a></div>
<div class="product"><a href="https://www.amazon.com/dp/B0D354DJQH?tag=eloabder-20&linkCode=osi&th=1&psc=1"><img src="https://m.media-amazon.com/images/I/31Q9PLna2VL._SL500_.jpg" alt="Product Image"></a><p>HABIT Hair, Skin & Nails Supplement (60 Capsules) - New Look, Supports Skin Hydration, Hair & Nail Strength, Biotin 2000mcg, Vitamin A & C, Hyaluronic Acid, Rosehip, Vegan, Non-GMO (1 Pack)</p><p>$7.88 ($0.13 / Count)</p><a href="https://www.amazon.com/dp/B0D354DJQH?tag=eloabder-20&linkCode=osi&th=1&psc=1">View Product</a></div><div class="product"><a href="https://www.amazon.com/dp/B01D6AQR7A?tag=eloabder-20&linkCode=osi&th=1&psc=1"><img src="https://m.media-amazon.com/images/I/41ot-3xB2JL._SL500_.jpg" alt="Product Image"></a><p>Nature Made Hair Skin and Nails with Biotin 2500 mcg, Dietary Supplement For Healthy Hair Skin and Nails Support, 120 Softgels, 120 Day Supply</p><p>$18.97 ($0.16 / Count)</p><a href="https://www.amazon.com/dp/B01D6AQR7A?tag=eloabder-20&linkCode=osi&th=1&psc=1">View Product</a></div><div class="product"><a href="https://www.amazon.com/dp/B00006MMU6?tag=eloabder-20&linkCode=osi&th=1&psc=1"><img src="https://m.media-amazon.com/images/I/41ItG2Bl1RL._SL500_.jpg" alt="Product Image"></a><p>NONYX Fungal Nail Clarifying Gel | Rids Nails of Fungus by Removing Keratin Debris Where Nail Fungus Grows | 90% of Toenails Improved Using this Toenail Fungus Treatment | 4 oz</p><p>$19.98 ($5.00 / Fl Oz)</p><a href="https://www.amazon.com/dp/B00006MMU6?tag=eloabder-20&linkCode=osi&th=1&psc=1">View Product</a></div><div class="product"><a href="https://www.amazon.com/dp/B09S3Y3J92?tag=eloabder-20&linkCode=osi&th=1&psc=1"><img src="https://m.media-amazon.com/images/I/41lQO63btQL._SL500_.jpg" alt="Product Image"></a><p>Kerasal Nail Renewal and Nail File Combo Pack, Restores Appearance of Discolored or Damaged Nails, 5 Heavy Duty Nail Files, 0.33 fl oz, Clear</p><p>$25.85 ($78.33 / Fl Oz)</p><a href="https://www.amazon.com/dp/B09S3Y3J92?tag=eloabder-20&linkCode=osi&th=1&psc=1">View Product</a></div><div class="product"><a href="https://www.amazon.com/dp/B000EH0NEC?tag=eloabder-20&linkCode=osi&th=1&psc=1"><img src="https://m.media-amazon.com/images/I/41XaFeLycBL._SL500_.jpg" alt="Product Image"></a><p>Nutra Nail 5 to 7 Day Growth Treatment - Fast Keratin Nail Hardener & Nail Strengthener for Thin Nails, Brittle & Damaged (0.47 Fl Oz)</p><p>$14.97 ($31.85 / Fl Oz)</p><a href="https://www.amazon.com/dp/B000EH0NEC?tag=eloabder-20&linkCode=osi&th=1&psc=1">View Product</a></div><div class="product"><a href="https://www.amazon.com/dp/B089RQTWLR?tag=eloabder-20&linkCode=osi&th=1&psc=1"><img src="https://m.media-amazon.com/images/I/417WgL6e20L._SL500_.jpg" alt="Product Image"></a><p>Clear Nails - Extra Strength - Probiotic Fungus Inhibitor - 50 Billion CFU</p><p>$22.49 ($0.37 / Count)</p><a href="https://www.amazon.com/dp/B089RQTWLR?tag=eloabder-20&linkCode=osi&th=1&psc=1">View Product</a></div>
<div class="product"><a href="https://www.amazon.com/dp/B07FZ85R1Y?tag=eloabder-20&linkCode=osi&th=1&psc=1"><img src="https://m.media-amazon.com/images/I/51NlAN37ewL._SL500_.jpg" alt="Product Image"></a><p>Areds 2 Eye Vitamins - Lutein, Zeaxanthin & Bilberry Extract - Supports Eye Strain, Dry Eyes, and Vision Health - 2 Award-Winning Clinically Proven Eye Vitamin Ingredients - Carotenoid Blend</p><p>$23.97 ($0.40 / Count)</p><a href="https://www.amazon.com/dp/B07FZ85R1Y?tag=eloabder-20&linkCode=osi&th=1&psc=1">View Product</a></div><div class="product"><a href="https://www.amazon.com/dp/B0C4J8G4SB?tag=eloabder-20&linkCode=osi&th=1&psc=1"><img src="https://m.media-amazon.com/images/I/51VNHCxN5pL._SL500_.jpg" alt="Product Image"></a><p>Eye Health Vitamins with Bilberry 6000mg Lutein & Zeaxanthin 40mg Lycopene 40mg Resveratrol 3000mg Grape Seed Extract 6000mg Omega 3 4000mg Astaxanthin - Eye Vitamin - 60 Capsules</p><p>$29.95 ($0.50 / Count)</p><a href="https://www.amazon.com/dp/B0C4J8G4SB?tag=eloabder-20&linkCode=osi&th=1&psc=1">View Product</a></div><div class="product"><a href="https://www.amazon.com/dp/B00DJUK8IM?tag=eloabder-20&linkCode=osi&th=1&psc=1"><img src="https://m.media-amazon.com/images/I/51LPoH2nRnL._SL500_.jpg" alt="Product Image"></a><p>Ocuvite Eye Vitamin & Mineral Supplement, Contains Zinc, Vitamins C, E, Omega 3, Lutein, & Zeaxanthin, 90 Softgels (Packaging May Vary)</p><p>$23.47 ($0.26 / Count)</p><a href="https://www.amazon.com/dp/B00DJUK8IM?tag=eloabder-20&linkCode=osi&th=1&psc=1">View Product</a></div><div class="product"><a href="https://www.amazon.com/dp/B0CGRYBQ2J?tag=eloabder-20&linkCode=osi&th=1&psc=1"><img src="https://m.media-amazon.com/images/I/51Hxps2kajL._SL500_.jpg" alt="Product Image"></a><p>Garden of Life Herbals Eye Health Supplement with Sunflower & Safflower Oil, Lutein, Zeaxanthin & Black Currant for Dry Eyes & Healthy Vision Support – Non-GMO, Gluten-Free, Berry Flavor, 30 Servings</p><p>$28.34 ($0.94 / Count)</p><a href="https://www.amazon.com/dp/B0CGRYBQ2J?tag=eloabder-20&linkCode=osi&th=1&psc=1">View Product</a></div><div class="product"><a href="https://www.amazon.com/dp/B07Y6Q6TFF?tag=eloabder-20&linkCode=osi&th=1&psc=1"><img src="https://m.media-amazon.com/images/I/518zmodQYgL._SL500_.jpg" alt="Product Image"></a><p>UpNourish AREDS 2+ - Advanced Eye Vitamin Supplement for Macular Health and Dry Eye - Lutein, Zeaxanthin, Saffron, Astaxanthin & DHA - Supports Eye Strain, Pressure, Night Vision - 120 softgels</p><p>$24.99 ($0.21 / Count)</p><a href="https://www.amazon.com/dp/B07Y6Q6TFF?tag=eloabder-20&linkCode=osi&th=1&psc=1">View Product</a></div><div class="product"><a href="https://www.amazon.com/dp/B07JNK257G?tag=eloabder-20&linkCode=osi&th=1&psc=1"><img src="https://m.media-amazon.com/images/I/41HuGBuDqaL._SL500_.jpg" alt="Product Image"></a><p>EyeScience Macular Health Beyond AREDS2 Formula, Advanced Ocular Vitamin - Containing Lutein, Zeaxanthin, Bilberry, and Vitamins C, D, E, and B6 (60 Day Supply)</p><p>$54.99 ($0.46 / Count)</p><a href="https://www.amazon.com/dp/B07JNK257G?tag=eloabder-20&linkCode=osi&th=1&psc=1">View Product</a></div><div class="product"><a href="https://www.amazon.com/dp/B007Z4EKQE?tag=eloabder-20&linkCode=osi&th=1&psc=1"><img src="https://m.media-amazon.com/images/I/315eIHyBj6L._SL500_.jpg" alt="Product Image"></a><p>EyePromise Restore Supplement - 60 Softgel Capsules Containing Lutein, Vitamin C, Vitamin D, Vitamin E, Omega-3 Fish Oil, and Zeaxanthin - A Patented Complete Eye Health Formula</p><p>$40.95 ($0.68 / Count)</p><a href="https://www.amazon.com/dp/B007Z4EKQE?tag=eloabder-20&linkCode=osi&th=1&psc=1">View Product</a></div><div class="product"><a href="https://www.amazon.com/dp/B004R66K9I?tag=eloabder-20&linkCode=osi&th=1&psc=1"><img src="https://m.media-amazon.com/images/I/41wdjw9An4L._SL500_.jpg" alt="Product Image"></a><p>Puritan's Pride Lutein 40 Mg with Zeaxanthin, Helps Support Eye Health*, Whole Bean, 60 Ct,</p><p>$8.08 ($0.13 / Count)</p><a href="https://www.amazon.com/dp/B004R66K9I?tag=eloabder-20&linkCode=osi&th=1&psc=1">View Product</a></div>


<div class="product"><a href="https://www.amazon.com/dp/B0C9M3VMD5?tag=eloabder-20&linkCode=osi&th=1&psc=1"><img src="https://m.media-amazon.com/images/I/51Ef845LRAL._SL500_.jpg" alt="Product Image"></a><p>Poygik Premium 420 Piece Large First Aid Kit for Home, Car, Travel, Camping, Truck, Hiking, Sports, Office, Vehicle & Outdoor Emergencies - Emergency Medical Kits, Businesses & Home Medical Supplies</p><p>$46.95 ($46.95 / Count)</p><a href="https://www.amazon.com/dp/B0C9M3VMD5?tag=eloabder-20&linkCode=osi&th=1&psc=1">View Product</a></div><div class="product"><a href="https://www.amazon.com/dp/B08127GKPR?tag=eloabder-20&linkCode=osi&th=1&psc=1"><img src="https://m.media-amazon.com/images/I/51IJV3GwkxL._SL500_.jpg" alt="Product Image"></a><p>Care Science First Aid Kit, 110 Pieces | Professional Use for Travel, Work, School, Home, Car, Survival, Camping, Hiking, and More</p><p>$9.99 ($0.09 / Count)</p><a href="https://www.amazon.com/dp/B08127GKPR?tag=eloabder-20&linkCode=osi&th=1&psc=1">View Product</a></div><div class="product"><a href="https://www.amazon.com/dp/B0B41MYSGP?tag=eloabder-20&linkCode=osi&th=1&psc=1"><img src="https://m.media-amazon.com/images/I/51TXjQQrgWL._SL500_.jpg" alt="Product Image"></a><p>Johnson & Johnson Travel Ready Portable Emergency First Aid Kit for Minor Wound Care with Assorted Adhesive Bandages, Gauze Pads & More, Ideal for Travel, Car & On-The-Go, 80 pc</p><p>$8.16 ($0.10 / Count)</p><a href="https://www.amazon.com/dp/B0B41MYSGP?tag=eloabder-20&linkCode=osi&th=1&psc=1">View Product</a></div><div class="product"><a href="https://www.amazon.com/dp/B006RNSPYM?tag=eloabder-20&linkCode=osi&th=1&psc=1"><img src="https://m.media-amazon.com/images/I/41oaygM+6-L._SL500_.jpg" alt="Product Image"></a><p>First Aid Only 9302-25M 25-Person Contractor's Emergency First Aid Kit for Home Renovation, Job Sites, and Construction Vehicles, 178 Pieces</p><p>$25.59</p><a href="https://www.amazon.com/dp/B006RNSPYM?tag=eloabder-20&linkCode=osi&th=1&psc=1">View Product</a></div><div class="product"><a href="https://www.amazon.com/dp/B07KRMQ8W6?tag=eloabder-20&linkCode=osi&th=1&psc=1"><img src="https://m.media-amazon.com/images/I/31-2HjYAfiL._SL500_.jpg" alt="Product Image"></a><p>Bactine MAX First Aid Spray - Pain Relief Cleansing Spray with 4% Lidocaine - Numbing Lidocaine Spray Kills 99.9% of Germs - Pain + Itch Relief for Minor Cuts & Scrapes, Burns & Bug Bites - 5oz</p><p>$4.42 ($0.88 / Fl Oz)</p><a href="https://www.amazon.com/dp/B07KRMQ8W6?tag=eloabder-20&linkCode=osi&th=1&psc=1">View Product</a></div><div class="product"><a href="https://www.amazon.com/dp/B096X2NK1B?tag=eloabder-20&linkCode=osi&th=1&psc=1"><img src="https://m.media-amazon.com/images/I/41Qyy+jNITL._SL500_.jpg" alt="Product Image"></a><p>330 Piece First Aid Kit, Premium Waterproof Compact Trauma Medical Kits for Any Emergencies, Ideal for Home, Office, Car, Travel, Outdoor, Camping, Hiking, Boating (Red)</p><p>$45.99 ($0.14 / Count)</p><a href="https://www.amazon.com/dp/B096X2NK1B?tag=eloabder-20&linkCode=osi&th=1&psc=1">View Product</a></div><div class="product"><a href="https://www.amazon.com/dp/B00164IIUI?tag=eloabder-20&linkCode=osi&th=1&psc=1"><img src="https://m.media-amazon.com/images/I/51vsE2VasGL._SL500_.jpg" alt="Product Image"></a><p>Neosporin Original First Aid Antibiotic Ointment with Bacitracin Zinc For Infection Protection, Wound Care Treatment & Scar Appearance Minimizer for Minor Cuts, Scrapes and Burns,.5 oz</p><p>$4.87 ($9.74 / Ounce)</p><a href="https://www.amazon.com/dp/B00164IIUI?tag=eloabder-20&linkCode=osi&th=1&psc=1">View Product</a></div><div class="product"><a href="https://www.amazon.com/dp/B0C17MKP1S?tag=eloabder-20&linkCode=osi&th=1&psc=1"><img src="https://m.media-amazon.com/images/I/41If81FeQFL._SL500_.jpg" alt="Product Image"></a><p>Mini First Aid Kit, 100 Pieces Water-Resistant Hard Shell Small Case - Perfect for Travel, Outdoor, Home, Office, Camping, Hiking, Car (Red)</p><p>$12.99 ($0.13 / Count)</p><a href="https://www.amazon.com/dp/B0C17MKP1S?tag=eloabder-20&linkCode=osi&th=1&psc=1">View Product</a></div>
<div class="product"><a href="https://www.amazon.com/dp/B007EBRA6A?tag=eloabder-20&linkCode=osi&th=1&psc=1"><img src="https://m.media-amazon.com/images/I/31XNtfz6-lL._SL500_.jpg" alt="Product Image"></a><p>Improved Medihoney Gel Wound and & Burn Dressing from Derma Sciences, 0.5 oz,</p><p>$7.99 ($15.98 / Fl Oz)</p><a href="https://www.amazon.com/dp/B007EBRA6A?tag=eloabder-20&linkCode=osi&th=1&psc=1">View Product</a></div><div class="product"><a href="https://www.amazon.com/dp/B07964SRBL?tag=eloabder-20&linkCode=osi&th=1&psc=1"><img src="https://m.media-amazon.com/images/I/31BpDfWNr6L._SL500_.jpg" alt="Product Image"></a><p>Be Smart Get Prepared SILVEX Wound Gel</p><p>$8.12 ($16.24 / Ounce)</p><a href="https://www.amazon.com/dp/B07964SRBL?tag=eloabder-20&linkCode=osi&th=1&psc=1">View Product</a></div><div class="product"><a href="https://www.amazon.com/dp/B00N2VOLF4?tag=eloabder-20&linkCode=osi&th=1&psc=1"><img src="https://m.media-amazon.com/images/I/31k3xbO6c2L._SL500_.jpg" alt="Product Image"></a><p>terrasil Wound Care 3X - Healing Ointment for Cuts, Burns, Blisters, Rashes, Scars, Bed Sores, & Diabetic Ulcers. Natural Skin Care Treatment, Dermatologist-Tested, Hypoallergenic Approved (.5oz)</p><p>$24.00 ($48.98 / Ounce)</p><a href="https://www.amazon.com/dp/B00N2VOLF4?tag=eloabder-20&linkCode=osi&th=1&psc=1">View Product</a></div><div class="product"><a href="https://www.amazon.com/dp/B019660RPG?tag=eloabder-20&linkCode=osi&th=1&psc=1"><img src="https://m.media-amazon.com/images/I/41wsMk2hIZL._SL500_.jpg" alt="Product Image"></a><p>Vashe Wound Solution OTC | Pure Hypochlorous Acid-Preserved Wound Cleanser | Home Wound Care | Non-Cytotoxic and Skin-Neutral pH | 8.5 Fl Oz</p><p>$23.99</p><a href="https://www.amazon.com/dp/B019660RPG?tag=eloabder-20&linkCode=osi&th=1&psc=1">View Product</a></div><div class="product"><a href="https://www.amazon.com/dp/B09V3GHJYF?tag=eloabder-20&linkCode=osi&th=1&psc=1"><img src="https://m.media-amazon.com/images/I/41DjaWOgweL._SL500_.jpg" alt="Product Image"></a><p>Absorbine Silver Honey Rapid Wound Repair Ointment 2oz Tube, Medical Grade Manuka Honey & MicroSilver BG</p><p>$23.36 ($11.68 / Ounce)</p><a href="https://www.amazon.com/dp/B09V3GHJYF?tag=eloabder-20&linkCode=osi&th=1&psc=1">View Product</a></div><div class="product"><a href="https://www.amazon.com/dp/B00EC6DE7Y?tag=eloabder-20&linkCode=osi&th=1&psc=1"><img src="https://m.media-amazon.com/images/I/41BlVTkyTCL._SL500_.jpg" alt="Product Image"></a><p>NeilMed Cleanse Sterile Saline Wound Wash, 6.3 Ounce</p><p>$5.98 ($1.00 / Fl Oz)</p><a href="https://www.amazon.com/dp/B00EC6DE7Y?tag=eloabder-20&linkCode=osi&th=1&psc=1">View Product</a></div><div class="product"><a href="https://www.amazon.com/dp/B07FYDFGVD?tag=eloabder-20&linkCode=osi&th=1&psc=1"><img src="https://m.media-amazon.com/images/I/515p26GgPxL._SL500_.jpg" alt="Product Image"></a><p>All Health Wound Care Kit, 40 Items | For Small to Medium Sized Wounds</p><p>$7.47</p><a href="https://www.amazon.com/dp/B07FYDFGVD?tag=eloabder-20&linkCode=osi&th=1&psc=1">View Product</a></div><div class="product"><a href="https://www.amazon.com/dp/B0019FHWPQ?tag=eloabder-20&linkCode=osi&th=1&psc=1"><img src="https://m.media-amazon.com/images/I/31Qs02lFNDL._SL500_.jpg" alt="Product Image"></a><p>Medline Skintegrity Wound Cleanser, 8 ounce Spray Bottle, for wound cleaning, debridement, removing protein, pressure injuries, infected wounds, spray can be adjusted from mist to stream,White</p><p>$9.99 ($1.25 / Ounce)</p><a href="https://www.amazon.com/dp/B0019FHWPQ?tag=eloabder-20&linkCode=osi&th=1&psc=1">View Product</a></div>
<div class="product"><a href="https://www.amazon.com/dp/B0B1N47758?tag=eloabder-20&linkCode=osi&th=1&psc=1"><img src="https://m.media-amazon.com/images/I/517wH3I79AL._SL500_.jpg" alt="Product Image"></a><p>LifeVac Yellow Travel Kit 2 Pack - Portable Suction Rescue Device, First Aid Kit for Kids and Adults, Portable Airway Suction Device for Children and Adults</p><p>$139.99 ($70.00 / Count)</p><a href="https://www.amazon.com/dp/B0B1N47758?tag=eloabder-20&linkCode=osi&th=1&psc=1">View Product</a></div>



<div class="product"><a href="https://www.amazon.com/dp/B09K1RKQS6?tag=eloabder-20&linkCode=osi&th=1&psc=1"><img src="https://m.media-amazon.com/images/I/41lzaD4UgAL._SL500_.jpg" alt="Product Image"></a><p>EarCentric EasyCharge Rechargeable Hearing Aids (Pair) for Seniors, Behind-The-Ear BTE Ear Aid PSAP digital Personal sound amplification products devices with Noise Cancellation (Beige)</p><p>$199.00</p><a href="https://www.amazon.com/dp/B09K1RKQS6?tag=eloabder-20&linkCode=osi&th=1&psc=1">View Product</a></div><div class="product"><a href="https://www.amazon.com/dp/B0BNK7XV1C?tag=eloabder-20&linkCode=osi&th=1&psc=1"><img src="https://m.media-amazon.com/images/I/41qea6gV+JL._SL500_.jpg" alt="Product Image"></a><p>BIBIED Hearing Aids, Digital Rechargeable OTC Hearing Aids for Seniors with Charging Case, Invisible Hearing Amplifier with Noise Reduction (White)</p><p>$139.99 ($70.00 / Count)</p><a href="https://www.amazon.com/dp/B0BNK7XV1C?tag=eloabder-20&linkCode=osi&th=1&psc=1">View Product</a></div>

<div class="product"><a href="https://www.amazon.com/dp/B01KOFCNP0?tag=eloabder-20&linkCode=osi&th=1&psc=1"><img src="https://m.media-amazon.com/images/I/51T7jeHIa5L._SL500_.jpg" alt="Product Image"></a><p>Depend Incontinence Guards/Incontinence Pads for Men/Bladder Control Pads, Maximum Absorbency, 104 Count (2 Packs of 52), Packaging May Vary</p><p>$25.98 ($0.25 / Count)</p><a href="https://www.amazon.com/dp/B01KOFCNP0?tag=eloabder-20&linkCode=osi&th=1&psc=1">View Product</a></div><div class="product"><a href="https://www.amazon.com/dp/B09XJHYBZ2?tag=eloabder-20&linkCode=osi&th=1&psc=1"><img src="https://m.media-amazon.com/images/I/417IAXjLWAL._SL500_.jpg" alt="Product Image"></a><p>TENA Incontinence Pads, Bladder Control & Postpartum for Women, Overnight Absorbency, Extra Coverage, Intimates - 135 Count</p><p>$59.81 ($0.44 / Count)</p><a href="https://www.amazon.com/dp/B09XJHYBZ2?tag=eloabder-20&linkCode=osi&th=1&psc=1">View Product</a></div><div class="product"><a href="https://www.amazon.com/dp/B09556SRJH?tag=eloabder-20&linkCode=osi&th=1&psc=1"><img src="https://m.media-amazon.com/images/I/518XK4z+XIL._SL500_.jpg" alt="Product Image"></a><p>Depend Fresh Protection Adult Incontinence & Postpartum Bladder Leak Underwear for Women, Disposable, Maximum, Large, Blush, 72 Count (2 Packs of 36), Packaging May Vary</p><p>$46.95 ($0.65 / Count)</p><a href="https://www.amazon.com/dp/B09556SRJH?tag=eloabder-20&linkCode=osi&th=1&psc=1">View Product</a></div><div class="product"><a href="https://www.amazon.com/dp/B0C8BQDT6R?tag=eloabder-20&linkCode=osi&th=1&psc=1"><img src="https://m.media-amazon.com/images/I/51rbgC5un8L._SL500_.jpg" alt="Product Image"></a><p>Chucks MAX Hospital Bed Pads Disposable Adult 36 x 36 Breathable Incontinence Pads - XXX-Large Pee Pads for Elderly Adults - Heavy Duty Absorbency Underpads - 400 Lbs. Patient Repositioning [20 Pads]</p><p>$34.99</p><a href="https://www.amazon.com/dp/B0C8BQDT6R?tag=eloabder-20&linkCode=osi&th=1&psc=1">View Product</a></div><div class="product"><a href="https://www.amazon.com/dp/B0CGGY6SXH?tag=eloabder-20&linkCode=osi&th=1&psc=1"><img src="https://m.media-amazon.com/images/I/41yqJlr0DzL._SL500_.jpg" alt="Product Image"></a><p>Improvia Positioning Bed Pad with Handles – Quick-Drying, 8-Handle Incontinence Bed Pads – Washable, Waterproof, Reusable Pads for Elderly, Bedridden, Transferring, & Mattress Protection, 34x52 in.</p><p>$27.99</p><a href="https://www.amazon.com/dp/B0CGGY6SXH?tag=eloabder-20&linkCode=osi&th=1&psc=1">View Product</a></div><div class="product"><a href="https://www.amazon.com/dp/B0CWVPT7D2?tag=eloabder-20&linkCode=osi&th=1&psc=1"><img src="https://m.media-amazon.com/images/I/41ZJqxR1GJL._SL500_.jpg" alt="Product Image"></a><p>BH Supplies Disposable Underpads - 23 x 23 inches (50 Count)</p><p>$12.99</p><a href="https://www.amazon.com/dp/B0CWVPT7D2?tag=eloabder-20&linkCode=osi&th=1&psc=1">View Product</a></div><div class="product"><a href="https://www.amazon.com/dp/B0C4YLGZ8Z?tag=eloabder-20&linkCode=osi&th=1&psc=1"><img src="https://m.media-amazon.com/images/I/41wYIK7Q-1L._SL500_.jpg" alt="Product Image"></a><p>9 Pcs Waterproof Incontinence Underpants Plastic Pull on Cover Pants Leak Proof Incontinence Underwear Adult Diaper Cover Incontinence Supplies Washable Incontinence Pants (Black,l)</p><p>$16.99 ($16.99 / Count)</p><a href="https://www.amazon.com/dp/B0C4YLGZ8Z?tag=eloabder-20&linkCode=osi&th=1&psc=1">View Product</a></div><div class="product"><a href="https://www.amazon.com/dp/B00KXUW2FS?tag=eloabder-20&linkCode=osi&th=1&psc=1"><img src="https://m.media-amazon.com/images/I/51nWVjuAcML._SL500_.jpg" alt="Product Image"></a><p>Always Discreet Adult Moderate Long Incontinence Pads, Up to 100% Leak-Free Protection, 54 Count (Packaging May Vary)</p><p>$13.88 ($0.26 / Count)</p><a href="https://www.amazon.com/dp/B00KXUW2FS?tag=eloabder-20&linkCode=osi&th=1&psc=1">View Product</a></div><div class="product"><a href="https://www.amazon.com/dp/B082BCSKH6?tag=eloabder-20&linkCode=osi&th=1&psc=1"><img src="https://m.media-amazon.com/images/I/31JIqX8ZTJL._SL500_.jpg" alt="Product Image"></a><p>Revive Bladder Support for Women | Discreetly Control Leaks for up to 12 Hours | Supports Stress Incontinence | Comfortable Alternative to Pads & Liners, Reusable & Easy-to-Use | 1 Pack, 31 Day Supply</p><p>$31.99 ($31.99 / Count)</p><a href="https://www.amazon.com/dp/B082BCSKH6?tag=eloabder-20&linkCode=osi&th=1&psc=1">View Product</a></div><div class="product"><a href="https://www.amazon.com/dp/B081VRG3NK?tag=eloabder-20&linkCode=osi&th=1&psc=1"><img src="https://m.media-amazon.com/images/I/51ta38t5qwL._SL500_.jpg" alt="Product Image"></a><p>Chucks Pads Disposable [50-Pack] Underpads 23x36 Incontinence Chux Pads Absorbent Fluff Protective Bed Pads, Pee Pads for Babies, Kids, Adults & Elderly | Puppy Pads Large for Training Leak Proof</p><p>$18.99 ($0.38 / Count)</p><a href="https://www.amazon.com/dp/B081VRG3NK?tag=eloabder-20&linkCode=osi&th=1&psc=1">View Product</a></div>
<div class="product"><a href="https://www.amazon.com/dp/B07MN8ZD21?tag=eloabder-20&linkCode=osi&th=1&psc=1"><img src="https://m.media-amazon.com/images/I/41k+ga9d6lL._SL500_.jpg" alt="Product Image"></a><p>Shower Body Wipes, 40 Individually Wrapped Personal Hygiene Body Wipes for Women and Men, Keep Clean After Gym Travel Camping Outdoors Sports</p><p>$33.99 ($0.85 / Count)</p><a href="https://www.amazon.com/dp/B07MN8ZD21?tag=eloabder-20&linkCode=osi&th=1&psc=1">View Product</a></div><div class="product"><a href="https://www.amazon.com/dp/B0BYSJ59PH?tag=eloabder-20&linkCode=osi&th=1&psc=1"><img src="https://m.media-amazon.com/images/I/41fN7Aq0YsL._SL500_.jpg" alt="Product Image"></a><p>Portable Peri Bottle for Postpartum & Perineal Care: Easy
Home Handheld Bidet Perfect for Personal Hygiene Cleaning & Travel Friendly | 380ml Leakproof & Convenient Design | EPB-01 Purple</p><p>$13.99 ($13.99 / Count)</p><a href="https://www.amazon.com/dp/B0BYSJ59PH?tag=eloabder-20&linkCode=osi&th=1&psc=1">View Product</a></div>
<div class="product"><a href="https://www.amazon.com/dp/B07LGSYTLM?tag=eloabder-20&linkCode=osi&th=1&psc=1"><img src="https://m.media-amazon.com/images/I/31YRxbr1qCL._SL500_.jpg" alt="Product Image"></a><p>DenTek Professional Oral Care Kit, Advanced Clean- Portable, Multiple Tips, Dental Pick, Scaler, Stimulator, and Dental Mirror, White</p><p>$6.43</p><a href="https://www.amazon.com/dp/B07LGSYTLM?tag=eloabder-20&linkCode=osi&th=1&psc=1">View Product</a></div><div class="product"><a href="https://www.amazon.com/dp/B0054J2G54?tag=eloabder-20&linkCode=osi&th=1&psc=1"><img src="https://m.media-amazon.com/images/I/41ohbbkP8zL._SL500_.jpg" alt="Product Image"></a><p>Listerine Total Care Alcohol-Free Anticavity Fluoride Mouthwash, 6 Benefit Oral Rinse to Help Kill 99% of Germs That Cause Bad Breath, Strengthen Enamel, Fresh Mint Flavor, 500 mL</p><p>$7.98 ($0.47 / Fl Oz)</p><a href="https://www.amazon.com/dp/B0054J2G54?tag=eloabder-20&linkCode=osi&th=1&psc=1">View Product</a></div><div class="product"><a href="https://www.amazon.com/dp/B07ZJZWJ7R?tag=eloabder-20&linkCode=osi&th=1&psc=1"><img src="https://m.media-amazon.com/images/I/51mE3ZY5N5L._SL500_.jpg" alt="Product Image"></a><p>Oral-B Mouth Sore Mouthwash Special Care Oral Rinse, 16 fl oz</p><p>$8.12 ($0.51 / Fl Oz)</p><a href="https://www.amazon.com/dp/B07ZJZWJ7R?tag=eloabder-20&linkCode=osi&th=1&psc=1">View Product</a></div><div class="product"><a href="https://www.amazon.com/dp/B0B2P9YMFG?tag=eloabder-20&linkCode=osi&th=1&psc=1"><img src="https://m.media-amazon.com/images/I/41pSS7wzBYL._SL500_.jpg" alt="Product Image"></a><p>Teeth Whitening Kit Gel Pen Strips - Ollm Specially Formulated for Sensitive Teeth, Gum, Braces Care 32X LED Light Tooth Whitener, Professional Oral Beauty Products Dental Tools 2 Mouth Trays</p><p>$16.88 ($16.88 / Fl Oz)</p><a href="https://www.amazon.com/dp/B0B2P9YMFG?tag=eloabder-20&linkCode=osi&th=1&psc=1">View Product</a></div><div class="product"><a href="https://www.amazon.com/dp/B0CRR5ZMZ8?tag=eloabder-20&linkCode=osi&th=1&psc=1"><img src="https://m.media-amazon.com/images/I/51TNIi0mjRL._SL500_.jpg" alt="Product Image"></a><p>Coconut Oil Pulling for Fresh Breath and Oral Hygiene - Ayurvedic Expert Formulated | Supports Healthy Gums | Natural - includes Tongue Scraper and Measuring Cup - 16 fl. oz</p><p>$15.99 ($2.00 / Fl Oz)</p><a href="https://www.amazon.com/dp/B0CRR5ZMZ8?tag=eloabder-20&linkCode=osi&th=1&psc=1">View Product</a></div><div class="product"><a href="https://www.amazon.com/dp/B0CDH6DCRC?tag=eloabder-20&linkCode=osi&th=1&psc=1"><img src="https://m.media-amazon.com/images/I/41ETEEZqCcL._SL500_.jpg" alt="Product Image"></a><p>MasterMedi Tongue Scraper with Multicolor Cases (2 Pack), 100% Stainless Steel, Reduce Bad Breath, Easy to Use Tongue Scraper for Adults, Tongue Cleaner for Oral Care & Hygiene</p><p>$9.99 ($5.00 / Count)</p><a href="https://www.amazon.com/dp/B0CDH6DCRC?tag=eloabder-20&linkCode=osi&th=1&psc=1">View Product</a></div><div class="product"><a href="https://www.amazon.com/dp/B0B5Y2WGY4?tag=eloabder-20&linkCode=osi&th=1&psc=1"><img src="https://m.media-amazon.com/images/I/51y4EuB9N4L._SL500_.jpg" alt="Product Image"></a><p>Listerine Ultraclean Oral Care Antiseptic Mouthwash, Everfresh Technology to Help Fight Bad Breath, Gingivitis, Plaque & Tartar, ADA-Accepted Oral Rinse, Cool Mint, 1 L, Pack of 2</p><p>$13.96 ($0.21 / Fl Oz)</p><a href="https://www.amazon.com/dp/B0B5Y2WGY4?tag=eloabder-20&linkCode=osi&th=1&psc=1">View Product</a></div>

    </div>

    <!-- Bouton flottant -->
    <button class="floating-button" onclick="window.location.href='https://www.iasmarket.us'">HOME</button>
<div class="pagination">
                <a href="https://iasmarket.github.io/HealthPersonalCare/">0</a>
        <a href="https://iasmarket.github.io/HealthPersonalCare/1">1</a>
            <a href="https://iasmarket.github.io/HealthPersonalCare/2">2</a>
            <a href="https://iasmarket.github.io/HealthPersonalCare/3">4</a>
        <!-- Ajoutez plus de liens si nécessaire -->
    </div>
    <script>
        function updateTime() {
            const optionsDate = {
                timeZone: 'America/Los_Angeles',
                year: 'numeric',
                month: 'long',
                day: 'numeric',
                weekday: 'long'
            };
            const optionsTime = {
                timeZone: 'America/Los_Angeles',
                hour: '2-digit',
                minute: '2-digit',
                second: '2-digit'
            };

            const now = new Date();
            const formatterDate = new Intl.DateTimeFormat('en-US', optionsDate);
            const formatterTime = new Intl.DateTimeFormat('en-US', optionsTime);

            const formattedDate = formatterDate.format(now);
            const formattedTime = formatterTime.format(now);

            document.getElementById('comment').textContent = "As an AMAZON Associate, I earn from qualifying purchases.";
            document.getElementById('date').textContent = formattedDate;
            document.getElementById('time').textContent = formattedTime;
        }

        updateTime();
        setInterval(updateTime, 1000);
    </script>
</body>

</html>
