    <!DOCTYPE html>
    <html lang="en">
    
    <head>
        <meta charset="UTF-8">
        <meta http-equiv="X-UA-Compatible" content="IE=edge">
        <meta name="viewport" content="width=device-width, initial-scale=1.0">
        <title>IaSmarKet Products</title>
        <style>
            body {
                background-color: black;
                color: white;
                font-family: Arial, sans-serif;
            }
    
            .datetime {
                text-align: center;
                color: gray;
                margin-top: 20px;
            }
    
            .date,
            .time {
                font-size: 48px;
            }
    
            .container {
                display: flex;
                flex-wrap: wrap;
                justify-content: center;
                align-items: flex-start;
                min-height: calc(100vh - 7cm);
                padding: 20px;
            }
    
            .product {
                width: calc(100% / 4 - 40px);
                margin: 10px;
                text-align: center;
                border: 1px solid red;
                border-radius: 10px;
                overflow: hidden;
                padding: 10px;
                display: flex;
                flex-direction: column;
                background-color: black;
                color: white;
                transition: transform 0.3s;
            }
    
            .product:hover {
                transform: scale(1.05);
            }
    
            .product .content {
                height: 200px;
                overflow: hidden;
            }
    
            .product img {
                width: 100%;
                height: 200px;
                object-fit: cover;
            }
    
            .product .description {
                margin-top: 10px;
                flex-grow: 1;
            }
    
            .product .more-link {
                margin-top: 5px;
                cursor: pointer;
                color: blue;
                text-decoration: underline;
            }
    
            .pagination {
                text-align: center;
                margin: 20px 0;
                width: 100%;
            }
    
            .pagination a {
                color: white;
                padding: 8px 16px;
                text-decoration: none;
                background-color: gray;
                margin: 0 4px;
                border-radius: 4px;
            }
    
            .pagination a:hover {
                background-color: #575757;
            }
    
            @media (min-width: 768px) and (max-width: 991px) {
                .product {
                    width: calc(100% / 3 - 40px);
                }
            }
    
            @media (max-width: 767px) {
                .product {
                    width: calc(100% - 40px);
                }
            }
    
            /* Style pour le bouton flottant */
            .floating-button {
                position: fixed;
                bottom: 20px;
                right: 20px;
                background-color: red;
                color: white;
                border: none;
                border-radius: 50%;
                width: 60px;
                height: 60px;
                text-align: center;
                font-size: 18px;
                cursor: pointer;
                z-index: 1000;
                box-shadow: 0 4px 8px rgba(0, 0, 0, 0.2);
            }
    
            /* Style pour la barre de recherche */
            .search-bar {
                width: 100%;
                text-align: center;
                margin: 20px 0;
            }
    
            .search-bar input {
                width: 50%;
                padding: 10px;
                border-radius: 5px;
                border: none;
                font-size: 16px;
            }
    
            @media (max-width: 767px) {
                .search-bar input {
                    width: 80%;
                }
            }
        </style>
    </head>
    
    <body>
        <div class="datetime">
            <div class="date" id="comment"></div>
            <div class="date" id="date"></div>
            <div class="time" id="time"></div>
        </div>
        <!-- Pagination -->
        <div class="pagination">Pages :

         
            </div>
                <!-- Barre de recherche -->
                <div class="search-bar">serche:
                <input type="text" id="searchInput" placeholder=" search and filter by product / name Ex:'Blender' / discount percentage Ex:'30%' ..." onkeyup="filterProducts()">
                </div>

                <div class="container" id="productContainer">
                    <!-- Exemple de produits -->
          
            

<div class="product"><a href="https://www.amazon.com/dp/B0FS2XTBJW?tag=eloabder-20&linkCode=osi&th=1&psc=1"><img src="https://m.media-amazon.com/images/I/413BHekXfiL._SL500_.jpg" alt="Product Image"></a><p>ZHIXJIA Knee Massager with Heat, 3-in-1 Smart Portable, 3 Vibration Modes and 3 Heating Levels LED Vitality Joints Knee Massager, Gift for Men and Women, Black</p><p> -78% 0FF </p><p>$99.99 ($99.99 / Count)</p><a href="https://www.amazon.com/dp/B0FS2XTBJW?tag=eloabder-20&linkCode=osi&th=1&psc=1">View Product</a></div><div class="product"><a href="https://www.amazon.com/dp/B0FHQ3WV4L?tag=eloabder-20&linkCode=osi&th=1&psc=1"><img src="https://m.media-amazon.com/images/I/412JLGi0PiL._SL500_.jpg" alt="Product Image"></a><p>DUBSTAR 3-in-1 Pill Crusher Pill Grinder, Pill Crusher Fine Powder with Brush, Pill Crushers for Elderly with Pill Cutter and Storage, Pill Cutter Splitter for Small or Large Pills (Green)</p><p> -29% 0FF </p><p>$9.99 ($9.99 / Count)</p><a href="https://www.amazon.com/dp/B0FHQ3WV4L?tag=eloabder-20&linkCode=osi&th=1&psc=1">View Product</a></div><div class="product"><a href="https://www.amazon.com/dp/B0FR4SPYFK?tag=eloabder-20&linkCode=osi&th=1&psc=1"><img src="https://m.media-amazon.com/images/I/41+owzP2llL._SL500_.jpg" alt="Product Image"></a><p>DEPAD Adjustable Pill Cutters Splitter for Small and Tiny Pills with Accurate Alignment, Pill Cutters for Small or Large Pills with Sharp Safe Blade</p><p> -23% 0FF </p><p>$9.99</p><a href="https://www.amazon.com/dp/B0FR4SPYFK?tag=eloabder-20&linkCode=osi&th=1&psc=1">View Product</a></div><div class="product"><a href="https://www.amazon.com/dp/B0F9NTTCWX?tag=eloabder-20&linkCode=osi&th=1&psc=1"><img src="https://m.media-amazon.com/images/I/51rTYaWSgtL._SL500_.jpg" alt="Product Image"></a><p>AUVON Dual Channel TENS Unit Muscle Stimulator Machine with 20 Modes, 2" and 2"x4" TENS Unit Electrode Pads (Red)</p><p> -28% 0FF </p><p>$25.99</p><a href="https://www.amazon.com/dp/B0F9NTTCWX?tag=eloabder-20&linkCode=osi&th=1&psc=1">View Product</a></div><div class="product"><a href="https://www.amazon.com/dp/B0D63FTHH4?tag=eloabder-20&linkCode=osi&th=1&psc=1"><img src="https://m.media-amazon.com/images/I/41Gu1013yRL._SL500_.jpg" alt="Product Image"></a><p>Yicotira 4 Pack Reusable Microfiber Mop Pads Compatible with Swiffer Sweeper - Dry Sweeping Cloths & Wet Pad Refills for Wet & Dry, Washable Pads Refills for Household Cleaning (Mop is not Included)</p><p> -34% 0FF </p><p>$8.54 ($2.14 / Count)</p><a href="https://www.amazon.com/dp/B0D63FTHH4?tag=eloabder-20&linkCode=osi&th=1&psc=1">View Product</a></div>

<div class="product"><a href="https://www.amazon.com/dp/B0FS2XTBJW?tag=eloabder-20&linkCode=osi&th=1&psc=1"><img src="https://m.media-amazon.com/images/I/413BHekXfiL._SL500_.jpg" alt="Product Image"></a><p>ZHIXJIA Knee Massager with Heat, 3-in-1 Smart Portable, 3 Vibration Modes and 3 Heating Levels LED Vitality Joints Knee Massager, Gift for Men and Women, Black</p><p> -78% 0FF </p><p>$99.99 ($99.99 / Count)</p><a href="https://www.amazon.com/dp/B0FS2XTBJW?tag=eloabder-20&linkCode=osi&th=1&psc=1">View Product</a></div><div class="product"><a href="https://www.amazon.com/dp/B0FHQ3WV4L?tag=eloabder-20&linkCode=osi&th=1&psc=1"><img src="https://m.media-amazon.com/images/I/412JLGi0PiL._SL500_.jpg" alt="Product Image"></a><p>DUBSTAR 3-in-1 Pill Crusher Pill Grinder, Pill Crusher Fine Powder with Brush, Pill Crushers for Elderly with Pill Cutter and Storage, Pill Cutter Splitter for Small or Large Pills (Green)</p><p> -29% 0FF </p><p>$9.99 ($9.99 / Count)</p><a href="https://www.amazon.com/dp/B0FHQ3WV4L?tag=eloabder-20&linkCode=osi&th=1&psc=1">View Product</a></div><div class="product"><a href="https://www.amazon.com/dp/B0FR4SPYFK?tag=eloabder-20&linkCode=osi&th=1&psc=1"><img src="https://m.media-amazon.com/images/I/41+owzP2llL._SL500_.jpg" alt="Product Image"></a><p>DEPAD Adjustable Pill Cutters Splitter for Small and Tiny Pills with Accurate Alignment, Pill Cutters for Small or Large Pills with Sharp Safe Blade</p><p> -23% 0FF </p><p>$9.99</p><a href="https://www.amazon.com/dp/B0FR4SPYFK?tag=eloabder-20&linkCode=osi&th=1&psc=1">View Product</a></div><div class="product"><a href="https://www.amazon.com/dp/B0F9NTTCWX?tag=eloabder-20&linkCode=osi&th=1&psc=1"><img src="https://m.media-amazon.com/images/I/51rTYaWSgtL._SL500_.jpg" alt="Product Image"></a><p>AUVON Dual Channel TENS Unit Muscle Stimulator Machine with 20 Modes, 2" and 2"x4" TENS Unit Electrode Pads (Red)</p><p> -28% 0FF </p><p>$25.99</p><a href="https://www.amazon.com/dp/B0F9NTTCWX?tag=eloabder-20&linkCode=osi&th=1&psc=1">View Product</a></div><div class="product"><a href="https://www.amazon.com/dp/B0D63FTHH4?tag=eloabder-20&linkCode=osi&th=1&psc=1"><img src="https://m.media-amazon.com/images/I/41Gu1013yRL._SL500_.jpg" alt="Product Image"></a><p>Yicotira 4 Pack Reusable Microfiber Mop Pads Compatible with Swiffer Sweeper - Dry Sweeping Cloths & Wet Pad Refills for Wet & Dry, Washable Pads Refills for Household Cleaning (Mop is not Included)</p><p> -34% 0FF </p><p>$8.54 ($2.14 / Count)</p><a href="https://www.amazon.com/dp/B0D63FTHH4?tag=eloabder-20&linkCode=osi&th=1&psc=1">View Product</a></div>
<div class="product"><a href="https://www.amazon.com/dp/B000ZLVUYO?tag=eloabder-20&linkCode=osi&th=1&psc=1"><img src="https://m.media-amazon.com/images/I/41CNAwwnEqL._SL500_.jpg" alt="Product Image"></a><p>It's A 10 Miracle Hair Mask, 8-Ounce</p><p> -16% 0FF </p><p>$25.99 ($3.25 / Fl Oz)</p><a href="https://www.amazon.com/dp/B000ZLVUYO?tag=eloabder-20&linkCode=osi&th=1&psc=1">View Product</a></div><div class="product"><a href="https://www.amazon.com/dp/B07VCGRBGT?tag=eloabder-20&linkCode=osi&th=1&psc=1"><img src="https://m.media-amazon.com/images/I/51QprRDhFoL._SL500_.jpg" alt="Product Image"></a><p>Palmer's Coconut Oil Formula Moisture Boost Protein Pack, Hair Treatment for Dry, Damaged, Over-Processed and Colored Hair, 2.1 Ounce (Pack of 12)</p><p> -67% 0FF </p><p>$11.09 ($0.92 / Ounce)</p><a href="https://www.amazon.com/dp/B07VCGRBGT?tag=eloabder-20&linkCode=osi&th=1&psc=1">View Product</a></div>

<div class="product"><a href="https://www.amazon.com/dp/B0FS2XTBJW?tag=eloabder-20&linkCode=osi&th=1&psc=1"><img src="https://m.media-amazon.com/images/I/413BHekXfiL._SL500_.jpg" alt="Product Image"></a><p>ZHIXJIA Knee Massager with Heat, 3-in-1 Smart Portable, 3 Vibration Modes and 3 Heating Levels LED Vitality Joints Knee Massager, Gift for Men and Women, Black</p><p> -78% 0FF </p><p>$99.99 ($99.99 / Count)</p><a href="https://www.amazon.com/dp/B0FS2XTBJW?tag=eloabder-20&linkCode=osi&th=1&psc=1">View Product</a></div><div class="product"><a href="https://www.amazon.com/dp/B0FHQ3WV4L?tag=eloabder-20&linkCode=osi&th=1&psc=1"><img src="https://m.media-amazon.com/images/I/412JLGi0PiL._SL500_.jpg" alt="Product Image"></a><p>DUBSTAR 3-in-1 Pill Crusher Pill Grinder, Pill Crusher Fine Powder with Brush, Pill Crushers for Elderly with Pill Cutter and Storage, Pill Cutter Splitter for Small or Large Pills (Green)</p><p> -29% 0FF </p><p>$9.99 ($9.99 / Count)</p><a href="https://www.amazon.com/dp/B0FHQ3WV4L?tag=eloabder-20&linkCode=osi&th=1&psc=1">View Product</a></div><div class="product"><a href="https://www.amazon.com/dp/B0FR4SPYFK?tag=eloabder-20&linkCode=osi&th=1&psc=1"><img src="https://m.media-amazon.com/images/I/41+owzP2llL._SL500_.jpg" alt="Product Image"></a><p>DEPAD Adjustable Pill Cutters Splitter for Small and Tiny Pills with Accurate Alignment, Pill Cutters for Small or Large Pills with Sharp Safe Blade</p><p> -23% 0FF </p><p>$9.99</p><a href="https://www.amazon.com/dp/B0FR4SPYFK?tag=eloabder-20&linkCode=osi&th=1&psc=1">View Product</a></div><div class="product"><a href="https://www.amazon.com/dp/B0F9NTTCWX?tag=eloabder-20&linkCode=osi&th=1&psc=1"><img src="https://m.media-amazon.com/images/I/51rTYaWSgtL._SL500_.jpg" alt="Product Image"></a><p>AUVON Dual Channel TENS Unit Muscle Stimulator Machine with 20 Modes, 2" and 2"x4" TENS Unit Electrode Pads (Red)</p><p> -28% 0FF </p><p>$25.99</p><a href="https://www.amazon.com/dp/B0F9NTTCWX?tag=eloabder-20&linkCode=osi&th=1&psc=1">View Product</a></div><div class="product"><a href="https://www.amazon.com/dp/B0D63FTHH4?tag=eloabder-20&linkCode=osi&th=1&psc=1"><img src="https://m.media-amazon.com/images/I/41Gu1013yRL._SL500_.jpg" alt="Product Image"></a><p>Yicotira 4 Pack Reusable Microfiber Mop Pads Compatible with Swiffer Sweeper - Dry Sweeping Cloths & Wet Pad Refills for Wet & Dry, Washable Pads Refills for Household Cleaning (Mop is not Included)</p><p> -34% 0FF </p><p>$8.54 ($2.14 / Count)</p><a href="https://www.amazon.com/dp/B0D63FTHH4?tag=eloabder-20&linkCode=osi&th=1&psc=1">View Product</a></div>
<div class="product"><a href="https://www.amazon.com/dp/B000ZLVUYO?tag=eloabder-20&linkCode=osi&th=1&psc=1"><img src="https://m.media-amazon.com/images/I/41CNAwwnEqL._SL500_.jpg" alt="Product Image"></a><p>It's A 10 Miracle Hair Mask, 8-Ounce</p><p> -16% 0FF </p><p>$25.99 ($3.25 / Fl Oz)</p><a href="https://www.amazon.com/dp/B000ZLVUYO?tag=eloabder-20&linkCode=osi&th=1&psc=1">View Product</a></div><div class="product"><a href="https://www.amazon.com/dp/B07VCGRBGT?tag=eloabder-20&linkCode=osi&th=1&psc=1"><img src="https://m.media-amazon.com/images/I/51QprRDhFoL._SL500_.jpg" alt="Product Image"></a><p>Palmer's Coconut Oil Formula Moisture Boost Protein Pack, Hair Treatment for Dry, Damaged, Over-Processed and Colored Hair, 2.1 Ounce (Pack of 12)</p><p> -67% 0FF </p><p>$11.09 ($0.92 / Ounce)</p><a href="https://www.amazon.com/dp/B07VCGRBGT?tag=eloabder-20&linkCode=osi&th=1&psc=1">View Product</a></div>
<div class="product"><a href="https://www.amazon.com/dp/B01A74442I?tag=eloabder-20&linkCode=osi&th=1&psc=1"><img src="https://m.media-amazon.com/images/I/51crUDqQzIL._SL500_.jpg" alt="Product Image"></a><p>Cliganic Organic Jojoba Oil, 100% Pure (4oz) | Moisturizing for Face, Hair, Skin & Nails | Natural Cold Pressed Hexane Free | Base Carrier Oil</p><p> -27% 0FF </p><p>$9.48 ($2.37 / Fl Oz)</p><a href="https://www.amazon.com/dp/B01A74442I?tag=eloabder-20&linkCode=osi&th=1&psc=1">View Product</a></div><div class="product"><a href="https://www.amazon.com/dp/B09PR9R9SL?tag=eloabder-20&linkCode=osi&th=1&psc=1"><img src="https://m.media-amazon.com/images/I/51EyKsoMSlL._SL500_.jpg" alt="Product Image"></a><p>KUKKA Rosemary Essential Oils - 4 Fl Oz - for Hair, Skin, Diffuser, Aromatherapy & DIY Soap Making Scent</p><p> -33% 0FF </p><p>$12.99 ($3.25 / Fl Oz)</p><a href="https://www.amazon.com/dp/B09PR9R9SL?tag=eloabder-20&linkCode=osi&th=1&psc=1">View Product</a></div><div class="product"><a href="https://www.amazon.com/dp/B004Z209HS?tag=eloabder-20&linkCode=osi&th=1&psc=1"><img src="https://m.media-amazon.com/images/I/41h5nZqdm+L._SL500_.jpg" alt="Product Image"></a><p>PURA D'OR 4 Oz ORGANIC Moroccan Argan Oil - USDA Certified 100% Pure & Cold Pressed Virgin Premium Grade Natural Moisturizer Treatment For Dry, Damaged Skin, Hair, Face, Body & Scalp - Men & Women</p><p> -12% 0FF </p><p>$14.99 ($3.75 / Fl Oz)</p><a href="https://www.amazon.com/dp/B004Z209HS?tag=eloabder-20&linkCode=osi&th=1&psc=1">View Product</a></div>

<div class="product"><a href="https://www.amazon.com/dp/B0FS2XTBJW?tag=eloabder-20&linkCode=osi&th=1&psc=1"><img src="https://m.media-amazon.com/images/I/413BHekXfiL._SL500_.jpg" alt="Product Image"></a><p>ZHIXJIA Knee Massager with Heat, 3-in-1 Smart Portable, 3 Vibration Modes and 3 Heating Levels LED Vitality Joints Knee Massager, Gift for Men and Women, Black</p><p> -78% 0FF </p><p>$99.99 ($99.99 / Count)</p><a href="https://www.amazon.com/dp/B0FS2XTBJW?tag=eloabder-20&linkCode=osi&th=1&psc=1">View Product</a></div><div class="product"><a href="https://www.amazon.com/dp/B0FHQ3WV4L?tag=eloabder-20&linkCode=osi&th=1&psc=1"><img src="https://m.media-amazon.com/images/I/412JLGi0PiL._SL500_.jpg" alt="Product Image"></a><p>DUBSTAR 3-in-1 Pill Crusher Pill Grinder, Pill Crusher Fine Powder with Brush, Pill Crushers for Elderly with Pill Cutter and Storage, Pill Cutter Splitter for Small or Large Pills (Green)</p><p> -29% 0FF </p><p>$9.99 ($9.99 / Count)</p><a href="https://www.amazon.com/dp/B0FHQ3WV4L?tag=eloabder-20&linkCode=osi&th=1&psc=1">View Product</a></div><div class="product"><a href="https://www.amazon.com/dp/B0FR4SPYFK?tag=eloabder-20&linkCode=osi&th=1&psc=1"><img src="https://m.media-amazon.com/images/I/41+owzP2llL._SL500_.jpg" alt="Product Image"></a><p>DEPAD Adjustable Pill Cutters Splitter for Small and Tiny Pills with Accurate Alignment, Pill Cutters for Small or Large Pills with Sharp Safe Blade</p><p> -23% 0FF </p><p>$9.99</p><a href="https://www.amazon.com/dp/B0FR4SPYFK?tag=eloabder-20&linkCode=osi&th=1&psc=1">View Product</a></div><div class="product"><a href="https://www.amazon.com/dp/B0F9NTTCWX?tag=eloabder-20&linkCode=osi&th=1&psc=1"><img src="https://m.media-amazon.com/images/I/51rTYaWSgtL._SL500_.jpg" alt="Product Image"></a><p>AUVON Dual Channel TENS Unit Muscle Stimulator Machine with 20 Modes, 2" and 2"x4" TENS Unit Electrode Pads (Red)</p><p> -28% 0FF </p><p>$25.99</p><a href="https://www.amazon.com/dp/B0F9NTTCWX?tag=eloabder-20&linkCode=osi&th=1&psc=1">View Product</a></div><div class="product"><a href="https://www.amazon.com/dp/B0D63FTHH4?tag=eloabder-20&linkCode=osi&th=1&psc=1"><img src="https://m.media-amazon.com/images/I/41Gu1013yRL._SL500_.jpg" alt="Product Image"></a><p>Yicotira 4 Pack Reusable Microfiber Mop Pads Compatible with Swiffer Sweeper - Dry Sweeping Cloths & Wet Pad Refills for Wet & Dry, Washable Pads Refills for Household Cleaning (Mop is not Included)</p><p> -34% 0FF </p><p>$8.54 ($2.14 / Count)</p><a href="https://www.amazon.com/dp/B0D63FTHH4?tag=eloabder-20&linkCode=osi&th=1&psc=1">View Product</a></div>
<div class="product"><a href="https://www.amazon.com/dp/B000ZLVUYO?tag=eloabder-20&linkCode=osi&th=1&psc=1"><img src="https://m.media-amazon.com/images/I/41CNAwwnEqL._SL500_.jpg" alt="Product Image"></a><p>It's A 10 Miracle Hair Mask, 8-Ounce</p><p> -16% 0FF </p><p>$25.99 ($3.25 / Fl Oz)</p><a href="https://www.amazon.com/dp/B000ZLVUYO?tag=eloabder-20&linkCode=osi&th=1&psc=1">View Product</a></div><div class="product"><a href="https://www.amazon.com/dp/B07VCGRBGT?tag=eloabder-20&linkCode=osi&th=1&psc=1"><img src="https://m.media-amazon.com/images/I/51QprRDhFoL._SL500_.jpg" alt="Product Image"></a><p>Palmer's Coconut Oil Formula Moisture Boost Protein Pack, Hair Treatment for Dry, Damaged, Over-Processed and Colored Hair, 2.1 Ounce (Pack of 12)</p><p> -67% 0FF </p><p>$11.09 ($0.92 / Ounce)</p><a href="https://www.amazon.com/dp/B07VCGRBGT?tag=eloabder-20&linkCode=osi&th=1&psc=1">View Product</a></div>
<div class="product"><a href="https://www.amazon.com/dp/B01A74442I?tag=eloabder-20&linkCode=osi&th=1&psc=1"><img src="https://m.media-amazon.com/images/I/51crUDqQzIL._SL500_.jpg" alt="Product Image"></a><p>Cliganic Organic Jojoba Oil, 100% Pure (4oz) | Moisturizing for Face, Hair, Skin & Nails | Natural Cold Pressed Hexane Free | Base Carrier Oil</p><p> -27% 0FF </p><p>$9.48 ($2.37 / Fl Oz)</p><a href="https://www.amazon.com/dp/B01A74442I?tag=eloabder-20&linkCode=osi&th=1&psc=1">View Product</a></div><div class="product"><a href="https://www.amazon.com/dp/B09PR9R9SL?tag=eloabder-20&linkCode=osi&th=1&psc=1"><img src="https://m.media-amazon.com/images/I/51EyKsoMSlL._SL500_.jpg" alt="Product Image"></a><p>KUKKA Rosemary Essential Oils - 4 Fl Oz - for Hair, Skin, Diffuser, Aromatherapy & DIY Soap Making Scent</p><p> -33% 0FF </p><p>$12.99 ($3.25 / Fl Oz)</p><a href="https://www.amazon.com/dp/B09PR9R9SL?tag=eloabder-20&linkCode=osi&th=1&psc=1">View Product</a></div><div class="product"><a href="https://www.amazon.com/dp/B004Z209HS?tag=eloabder-20&linkCode=osi&th=1&psc=1"><img src="https://m.media-amazon.com/images/I/41h5nZqdm+L._SL500_.jpg" alt="Product Image"></a><p>PURA D'OR 4 Oz ORGANIC Moroccan Argan Oil - USDA Certified 100% Pure & Cold Pressed Virgin Premium Grade Natural Moisturizer Treatment For Dry, Damaged Skin, Hair, Face, Body & Scalp - Men & Women</p><p> -12% 0FF </p><p>$14.99 ($3.75 / Fl Oz)</p><a href="https://www.amazon.com/dp/B004Z209HS?tag=eloabder-20&linkCode=osi&th=1&psc=1">View Product</a></div>
<div class="product"><a href="https://www.amazon.com/dp/B004YVDIAU?tag=eloabder-20&linkCode=osi&th=1&psc=1"><img src="https://m.media-amazon.com/images/I/313PkUEQj5L._SL500_.jpg" alt="Product Image"></a><p>Garnier Fructis Style Curl Sculpt Conditioning Cream Gel for Bounce & Moisture, 5.1 Fl Oz, 1 Count (Packaging May Vary)</p><p> -21% 0FF </p><p>$4.73 ($0.93 / Ounce)</p><a href="https://www.amazon.com/dp/B004YVDIAU?tag=eloabder-20&linkCode=osi&th=1&psc=1">View Product</a></div><div class="product"><a href="https://www.amazon.com/dp/B0002Z90RM?tag=eloabder-20&linkCode=osi&th=1&psc=1"><img src="https://m.media-amazon.com/images/I/31xKcrbq12L._SL500_.jpg" alt="Product Image"></a><p>RUSK Designer Collection Thick Body and Texture Amplifier Spray, 6 Oz, For Fine, Limp, Flat or Lazy Hair Types - Contains Wheat Protein, Adds Strength, Texture, Volume & Moisture</p><p> -5% 0FF </p><p>$17.50 ($2.92 / Fl Oz)</p><a href="https://www.amazon.com/dp/B0002Z90RM?tag=eloabder-20&linkCode=osi&th=1&psc=1">View Product</a></div><div class="product"><a href="https://www.amazon.com/dp/B0013NE2Y8?tag=eloabder-20&linkCode=osi&th=1&psc=1"><img src="https://m.media-amazon.com/images/I/31A8kEJJlIL._SL500_.jpg" alt="Product Image"></a><p>John Frieda Frizz Ease Original Hair Serum, Protecting Against Frizz, Heat, and Humidity While Adding Shine, Smooths Strands and Hydrates Parched Hair with Argan, Coconut, and Moringa Oil, 1.69 Oz</p><p> -33% 0FF </p><p>$8.01 ($4.74 / Fl Oz)</p><a href="https://www.amazon.com/dp/B0013NE2Y8?tag=eloabder-20&linkCode=osi&th=1&psc=1">View Product</a></div>

<div class="product"><a href="https://www.amazon.com/dp/B0FS2XTBJW?tag=eloabder-20&linkCode=osi&th=1&psc=1"><img src="https://m.media-amazon.com/images/I/413BHekXfiL._SL500_.jpg" alt="Product Image"></a><p>ZHIXJIA Knee Massager with Heat, 3-in-1 Smart Portable, 3 Vibration Modes and 3 Heating Levels LED Vitality Joints Knee Massager, Gift for Men and Women, Black</p><p> -78% 0FF </p><p>$99.99 ($99.99 / Count)</p><a href="https://www.amazon.com/dp/B0FS2XTBJW?tag=eloabder-20&linkCode=osi&th=1&psc=1">View Product</a></div><div class="product"><a href="https://www.amazon.com/dp/B0FHQ3WV4L?tag=eloabder-20&linkCode=osi&th=1&psc=1"><img src="https://m.media-amazon.com/images/I/412JLGi0PiL._SL500_.jpg" alt="Product Image"></a><p>DUBSTAR 3-in-1 Pill Crusher Pill Grinder, Pill Crusher Fine Powder with Brush, Pill Crushers for Elderly with Pill Cutter and Storage, Pill Cutter Splitter for Small or Large Pills (Green)</p><p> -29% 0FF </p><p>$9.99 ($9.99 / Count)</p><a href="https://www.amazon.com/dp/B0FHQ3WV4L?tag=eloabder-20&linkCode=osi&th=1&psc=1">View Product</a></div><div class="product"><a href="https://www.amazon.com/dp/B0FR4SPYFK?tag=eloabder-20&linkCode=osi&th=1&psc=1"><img src="https://m.media-amazon.com/images/I/41+owzP2llL._SL500_.jpg" alt="Product Image"></a><p>DEPAD Adjustable Pill Cutters Splitter for Small and Tiny Pills with Accurate Alignment, Pill Cutters for Small or Large Pills with Sharp Safe Blade</p><p> -23% 0FF </p><p>$9.99</p><a href="https://www.amazon.com/dp/B0FR4SPYFK?tag=eloabder-20&linkCode=osi&th=1&psc=1">View Product</a></div><div class="product"><a href="https://www.amazon.com/dp/B0F9NTTCWX?tag=eloabder-20&linkCode=osi&th=1&psc=1"><img src="https://m.media-amazon.com/images/I/51rTYaWSgtL._SL500_.jpg" alt="Product Image"></a><p>AUVON Dual Channel TENS Unit Muscle Stimulator Machine with 20 Modes, 2" and 2"x4" TENS Unit Electrode Pads (Red)</p><p> -28% 0FF </p><p>$25.99</p><a href="https://www.amazon.com/dp/B0F9NTTCWX?tag=eloabder-20&linkCode=osi&th=1&psc=1">View Product</a></div><div class="product"><a href="https://www.amazon.com/dp/B0D63FTHH4?tag=eloabder-20&linkCode=osi&th=1&psc=1"><img src="https://m.media-amazon.com/images/I/41Gu1013yRL._SL500_.jpg" alt="Product Image"></a><p>Yicotira 4 Pack Reusable Microfiber Mop Pads Compatible with Swiffer Sweeper - Dry Sweeping Cloths & Wet Pad Refills for Wet & Dry, Washable Pads Refills for Household Cleaning (Mop is not Included)</p><p> -34% 0FF </p><p>$8.54 ($2.14 / Count)</p><a href="https://www.amazon.com/dp/B0D63FTHH4?tag=eloabder-20&linkCode=osi&th=1&psc=1">View Product</a></div>
<div class="product"><a href="https://www.amazon.com/dp/B000ZLVUYO?tag=eloabder-20&linkCode=osi&th=1&psc=1"><img src="https://m.media-amazon.com/images/I/41CNAwwnEqL._SL500_.jpg" alt="Product Image"></a><p>It's A 10 Miracle Hair Mask, 8-Ounce</p><p> -16% 0FF </p><p>$25.99 ($3.25 / Fl Oz)</p><a href="https://www.amazon.com/dp/B000ZLVUYO?tag=eloabder-20&linkCode=osi&th=1&psc=1">View Product</a></div><div class="product"><a href="https://www.amazon.com/dp/B07VCGRBGT?tag=eloabder-20&linkCode=osi&th=1&psc=1"><img src="https://m.media-amazon.com/images/I/51QprRDhFoL._SL500_.jpg" alt="Product Image"></a><p>Palmer's Coconut Oil Formula Moisture Boost Protein Pack, Hair Treatment for Dry, Damaged, Over-Processed and Colored Hair, 2.1 Ounce (Pack of 12)</p><p> -67% 0FF </p><p>$11.09 ($0.92 / Ounce)</p><a href="https://www.amazon.com/dp/B07VCGRBGT?tag=eloabder-20&linkCode=osi&th=1&psc=1">View Product</a></div>
<div class="product"><a href="https://www.amazon.com/dp/B01A74442I?tag=eloabder-20&linkCode=osi&th=1&psc=1"><img src="https://m.media-amazon.com/images/I/51crUDqQzIL._SL500_.jpg" alt="Product Image"></a><p>Cliganic Organic Jojoba Oil, 100% Pure (4oz) | Moisturizing for Face, Hair, Skin & Nails | Natural Cold Pressed Hexane Free | Base Carrier Oil</p><p> -27% 0FF </p><p>$9.48 ($2.37 / Fl Oz)</p><a href="https://www.amazon.com/dp/B01A74442I?tag=eloabder-20&linkCode=osi&th=1&psc=1">View Product</a></div><div class="product"><a href="https://www.amazon.com/dp/B09PR9R9SL?tag=eloabder-20&linkCode=osi&th=1&psc=1"><img src="https://m.media-amazon.com/images/I/51EyKsoMSlL._SL500_.jpg" alt="Product Image"></a><p>KUKKA Rosemary Essential Oils - 4 Fl Oz - for Hair, Skin, Diffuser, Aromatherapy & DIY Soap Making Scent</p><p> -33% 0FF </p><p>$12.99 ($3.25 / Fl Oz)</p><a href="https://www.amazon.com/dp/B09PR9R9SL?tag=eloabder-20&linkCode=osi&th=1&psc=1">View Product</a></div><div class="product"><a href="https://www.amazon.com/dp/B004Z209HS?tag=eloabder-20&linkCode=osi&th=1&psc=1"><img src="https://m.media-amazon.com/images/I/41h5nZqdm+L._SL500_.jpg" alt="Product Image"></a><p>PURA D'OR 4 Oz ORGANIC Moroccan Argan Oil - USDA Certified 100% Pure & Cold Pressed Virgin Premium Grade Natural Moisturizer Treatment For Dry, Damaged Skin, Hair, Face, Body & Scalp - Men & Women</p><p> -12% 0FF </p><p>$14.99 ($3.75 / Fl Oz)</p><a href="https://www.amazon.com/dp/B004Z209HS?tag=eloabder-20&linkCode=osi&th=1&psc=1">View Product</a></div>
<div class="product"><a href="https://www.amazon.com/dp/B004YVDIAU?tag=eloabder-20&linkCode=osi&th=1&psc=1"><img src="https://m.media-amazon.com/images/I/313PkUEQj5L._SL500_.jpg" alt="Product Image"></a><p>Garnier Fructis Style Curl Sculpt Conditioning Cream Gel for Bounce & Moisture, 5.1 Fl Oz, 1 Count (Packaging May Vary)</p><p> -21% 0FF </p><p>$4.73 ($0.93 / Ounce)</p><a href="https://www.amazon.com/dp/B004YVDIAU?tag=eloabder-20&linkCode=osi&th=1&psc=1">View Product</a></div><div class="product"><a href="https://www.amazon.com/dp/B0002Z90RM?tag=eloabder-20&linkCode=osi&th=1&psc=1"><img src="https://m.media-amazon.com/images/I/31xKcrbq12L._SL500_.jpg" alt="Product Image"></a><p>RUSK Designer Collection Thick Body and Texture Amplifier Spray, 6 Oz, For Fine, Limp, Flat or Lazy Hair Types - Contains Wheat Protein, Adds Strength, Texture, Volume & Moisture</p><p> -5% 0FF </p><p>$17.50 ($2.92 / Fl Oz)</p><a href="https://www.amazon.com/dp/B0002Z90RM?tag=eloabder-20&linkCode=osi&th=1&psc=1">View Product</a></div><div class="product"><a href="https://www.amazon.com/dp/B0013NE2Y8?tag=eloabder-20&linkCode=osi&th=1&psc=1"><img src="https://m.media-amazon.com/images/I/31A8kEJJlIL._SL500_.jpg" alt="Product Image"></a><p>John Frieda Frizz Ease Original Hair Serum, Protecting Against Frizz, Heat, and Humidity While Adding Shine, Smooths Strands and Hydrates Parched Hair with Argan, Coconut, and Moringa Oil, 1.69 Oz</p><p> -33% 0FF </p><p>$8.01 ($4.74 / Fl Oz)</p><a href="https://www.amazon.com/dp/B0013NE2Y8?tag=eloabder-20&linkCode=osi&th=1&psc=1">View Product</a></div>
<div class="product"><a href="https://www.amazon.com/dp/B004BYSR6K?tag=eloabder-20&linkCode=osi&th=1&psc=1"><img src="https://m.media-amazon.com/images/I/41RMAGucP7L._SL500_.jpg" alt="Product Image"></a><p>L'Oreal Paris Excellence Crème Permanent Hair Dye, Triple Care Hair Color with Pro-Keratine Complex for 100% Gray Hair Coverage, 5 Medium Brown, 1 Kit</p><p> -23% 0FF </p><p>$9.98</p><a href="https://www.amazon.com/dp/B004BYSR6K?tag=eloabder-20&linkCode=osi&th=1&psc=1">View Product</a></div><div class="product"><a href="https://www.amazon.com/dp/B00006JN4P?tag=eloabder-20&linkCode=osi&th=1&psc=1"><img src="https://m.media-amazon.com/images/I/51mGD8V4I7L._SL500_.jpg" alt="Product Image"></a><p>L'Oreal Paris Superior Preference Fade-Defying + Shine Permanent Hair Color, 8 Medium Blonde, Pack of 1, Hair Dye</p><p> -36% 0FF </p><p>$8.97</p><a href="https://www.amazon.com/dp/B00006JN4P?tag=eloabder-20&linkCode=osi&th=1&psc=1">View Product</a></div><div class="product"><a href="https://www.amazon.com/dp/B000KOU7FE?tag=eloabder-20&linkCode=osi&th=1&psc=1"><img src="https://m.media-amazon.com/images/I/51BV0dgoMnL._SL500_.jpg" alt="Product Image"></a><p>L'Oreal Paris Feria Multi-Faceted Shimmering Permanent Hair Color, B61 Downtown Brown (Hi-Lift Cool Brown), Pack of 1, Hair Dye</p><p> -7% 0FF </p><p>$12.97</p><a href="https://www.amazon.com/dp/B000KOU7FE?tag=eloabder-20&linkCode=osi&th=1&psc=1">View Product</a></div><div class="product"><a href="https://www.amazon.com/dp/B003AYEGGW?tag=eloabder-20&linkCode=osi&th=1&psc=1"><img src="https://m.media-amazon.com/images/I/41usJCtVqUL._SL500_.jpg" alt="Product Image"></a><p>Clairol Root Touch-Up by Nice'n Easy Permanent Hair Dye, 2 Black Hair Color, Pack of 2</p><p> -6% 0FF </p><p>$15.96 ($7.25 / Fl Oz)</p><a href="https://www.amazon.com/dp/B003AYEGGW?tag=eloabder-20&linkCode=osi&th=1&psc=1">View Product</a></div><div class="product"><a href="https://www.amazon.com/dp/B000NSW0EI?tag=eloabder-20&linkCode=osi&th=1&psc=1"><img src="https://m.media-amazon.com/images/I/51ZOUeoIXAS._SL500_.jpg" alt="Product Image"></a><p>Just For Men Shampoo In Color, Hair Color for Men with Keratin and Vitamin E for Stronger Hair, Restores Natural Hair Color, Medium Brown, H-35, Pack of 3</p><p> -10% 0FF </p><p>$26.88</p><a href="https://www.amazon.com/dp/B000NSW0EI?tag=eloabder-20&linkCode=osi&th=1&psc=1">View Product</a></div><div class="product"><a href="https://www.amazon.com/dp/B004DKB08E?tag=eloabder-20&linkCode=osi&th=1&psc=1"><img src="https://m.media-amazon.com/images/I/41dA53oe85L._SL500_.jpg" alt="Product Image"></a><p>John Frieda Precision Foam Colour, Medium Natural Brown 5N, Full-coverage Hair Color Kit, Anti-Fade Gray Coverage, Deep Color Saturation Hair Dye, 1 Application</p><p> -8% 0FF </p><p>$11.92</p><a href="https://www.amazon.com/dp/B004DKB08E?tag=eloabder-20&linkCode=osi&th=1&psc=1">View Product</a></div><div class="product"><a href="https://www.amazon.com/dp/B000KOHSQA?tag=eloabder-20&linkCode=osi&th=1&psc=1"><img src="https://m.media-amazon.com/images/I/51voB2QwdLL._SL500_.jpg" alt="Product Image"></a><p>L'Oreal Paris Couleur Experte 2-Step Home Hair Color and Highlights Kit, French Éclair</p><p> -18% 0FF </p><p>$13.97</p><a href="https://www.amazon.com/dp/B000KOHSQA?tag=eloabder-20&linkCode=osi&th=1&psc=1">View Product</a></div>

<div class="product"><a href="https://www.amazon.com/dp/B0FS2XTBJW?tag=eloabder-20&linkCode=osi&th=1&psc=1"><img src="https://m.media-amazon.com/images/I/413BHekXfiL._SL500_.jpg" alt="Product Image"></a><p>ZHIXJIA Knee Massager with Heat, 3-in-1 Smart Portable, 3 Vibration Modes and 3 Heating Levels LED Vitality Joints Knee Massager, Gift for Men and Women, Black</p><p> -78% 0FF </p><p>$99.99 ($99.99 / Count)</p><a href="https://www.amazon.com/dp/B0FS2XTBJW?tag=eloabder-20&linkCode=osi&th=1&psc=1">View Product</a></div><div class="product"><a href="https://www.amazon.com/dp/B0FHQ3WV4L?tag=eloabder-20&linkCode=osi&th=1&psc=1"><img src="https://m.media-amazon.com/images/I/412JLGi0PiL._SL500_.jpg" alt="Product Image"></a><p>DUBSTAR 3-in-1 Pill Crusher Pill Grinder, Pill Crusher Fine Powder with Brush, Pill Crushers for Elderly with Pill Cutter and Storage, Pill Cutter Splitter for Small or Large Pills (Green)</p><p> -29% 0FF </p><p>$9.99 ($9.99 / Count)</p><a href="https://www.amazon.com/dp/B0FHQ3WV4L?tag=eloabder-20&linkCode=osi&th=1&psc=1">View Product</a></div><div class="product"><a href="https://www.amazon.com/dp/B0FR4SPYFK?tag=eloabder-20&linkCode=osi&th=1&psc=1"><img src="https://m.media-amazon.com/images/I/41+owzP2llL._SL500_.jpg" alt="Product Image"></a><p>DEPAD Adjustable Pill Cutters Splitter for Small and Tiny Pills with Accurate Alignment, Pill Cutters for Small or Large Pills with Sharp Safe Blade</p><p> -23% 0FF </p><p>$9.99</p><a href="https://www.amazon.com/dp/B0FR4SPYFK?tag=eloabder-20&linkCode=osi&th=1&psc=1">View Product</a></div><div class="product"><a href="https://www.amazon.com/dp/B0F9NTTCWX?tag=eloabder-20&linkCode=osi&th=1&psc=1"><img src="https://m.media-amazon.com/images/I/51rTYaWSgtL._SL500_.jpg" alt="Product Image"></a><p>AUVON Dual Channel TENS Unit Muscle Stimulator Machine with 20 Modes, 2" and 2"x4" TENS Unit Electrode Pads (Red)</p><p> -28% 0FF </p><p>$25.99</p><a href="https://www.amazon.com/dp/B0F9NTTCWX?tag=eloabder-20&linkCode=osi&th=1&psc=1">View Product</a></div><div class="product"><a href="https://www.amazon.com/dp/B0D63FTHH4?tag=eloabder-20&linkCode=osi&th=1&psc=1"><img src="https://m.media-amazon.com/images/I/41Gu1013yRL._SL500_.jpg" alt="Product Image"></a><p>Yicotira 4 Pack Reusable Microfiber Mop Pads Compatible with Swiffer Sweeper - Dry Sweeping Cloths & Wet Pad Refills for Wet & Dry, Washable Pads Refills for Household Cleaning (Mop is not Included)</p><p> -34% 0FF </p><p>$8.54 ($2.14 / Count)</p><a href="https://www.amazon.com/dp/B0D63FTHH4?tag=eloabder-20&linkCode=osi&th=1&psc=1">View Product</a></div>
<div class="product"><a href="https://www.amazon.com/dp/B000ZLVUYO?tag=eloabder-20&linkCode=osi&th=1&psc=1"><img src="https://m.media-amazon.com/images/I/41CNAwwnEqL._SL500_.jpg" alt="Product Image"></a><p>It's A 10 Miracle Hair Mask, 8-Ounce</p><p> -16% 0FF </p><p>$25.99 ($3.25 / Fl Oz)</p><a href="https://www.amazon.com/dp/B000ZLVUYO?tag=eloabder-20&linkCode=osi&th=1&psc=1">View Product</a></div><div class="product"><a href="https://www.amazon.com/dp/B07VCGRBGT?tag=eloabder-20&linkCode=osi&th=1&psc=1"><img src="https://m.media-amazon.com/images/I/51QprRDhFoL._SL500_.jpg" alt="Product Image"></a><p>Palmer's Coconut Oil Formula Moisture Boost Protein Pack, Hair Treatment for Dry, Damaged, Over-Processed and Colored Hair, 2.1 Ounce (Pack of 12)</p><p> -67% 0FF </p><p>$11.09 ($0.92 / Ounce)</p><a href="https://www.amazon.com/dp/B07VCGRBGT?tag=eloabder-20&linkCode=osi&th=1&psc=1">View Product</a></div>
<div class="product"><a href="https://www.amazon.com/dp/B01A74442I?tag=eloabder-20&linkCode=osi&th=1&psc=1"><img src="https://m.media-amazon.com/images/I/51crUDqQzIL._SL500_.jpg" alt="Product Image"></a><p>Cliganic Organic Jojoba Oil, 100% Pure (4oz) | Moisturizing for Face, Hair, Skin & Nails | Natural Cold Pressed Hexane Free | Base Carrier Oil</p><p> -27% 0FF </p><p>$9.48 ($2.37 / Fl Oz)</p><a href="https://www.amazon.com/dp/B01A74442I?tag=eloabder-20&linkCode=osi&th=1&psc=1">View Product</a></div><div class="product"><a href="https://www.amazon.com/dp/B09PR9R9SL?tag=eloabder-20&linkCode=osi&th=1&psc=1"><img src="https://m.media-amazon.com/images/I/51EyKsoMSlL._SL500_.jpg" alt="Product Image"></a><p>KUKKA Rosemary Essential Oils - 4 Fl Oz - for Hair, Skin, Diffuser, Aromatherapy & DIY Soap Making Scent</p><p> -33% 0FF </p><p>$12.99 ($3.25 / Fl Oz)</p><a href="https://www.amazon.com/dp/B09PR9R9SL?tag=eloabder-20&linkCode=osi&th=1&psc=1">View Product</a></div><div class="product"><a href="https://www.amazon.com/dp/B004Z209HS?tag=eloabder-20&linkCode=osi&th=1&psc=1"><img src="https://m.media-amazon.com/images/I/41h5nZqdm+L._SL500_.jpg" alt="Product Image"></a><p>PURA D'OR 4 Oz ORGANIC Moroccan Argan Oil - USDA Certified 100% Pure & Cold Pressed Virgin Premium Grade Natural Moisturizer Treatment For Dry, Damaged Skin, Hair, Face, Body & Scalp - Men & Women</p><p> -12% 0FF </p><p>$14.99 ($3.75 / Fl Oz)</p><a href="https://www.amazon.com/dp/B004Z209HS?tag=eloabder-20&linkCode=osi&th=1&psc=1">View Product</a></div>
<div class="product"><a href="https://www.amazon.com/dp/B004YVDIAU?tag=eloabder-20&linkCode=osi&th=1&psc=1"><img src="https://m.media-amazon.com/images/I/313PkUEQj5L._SL500_.jpg" alt="Product Image"></a><p>Garnier Fructis Style Curl Sculpt Conditioning Cream Gel for Bounce & Moisture, 5.1 Fl Oz, 1 Count (Packaging May Vary)</p><p> -21% 0FF </p><p>$4.73 ($0.93 / Ounce)</p><a href="https://www.amazon.com/dp/B004YVDIAU?tag=eloabder-20&linkCode=osi&th=1&psc=1">View Product</a></div><div class="product"><a href="https://www.amazon.com/dp/B0002Z90RM?tag=eloabder-20&linkCode=osi&th=1&psc=1"><img src="https://m.media-amazon.com/images/I/31xKcrbq12L._SL500_.jpg" alt="Product Image"></a><p>RUSK Designer Collection Thick Body and Texture Amplifier Spray, 6 Oz, For Fine, Limp, Flat or Lazy Hair Types - Contains Wheat Protein, Adds Strength, Texture, Volume & Moisture</p><p> -5% 0FF </p><p>$17.50 ($2.92 / Fl Oz)</p><a href="https://www.amazon.com/dp/B0002Z90RM?tag=eloabder-20&linkCode=osi&th=1&psc=1">View Product</a></div><div class="product"><a href="https://www.amazon.com/dp/B0013NE2Y8?tag=eloabder-20&linkCode=osi&th=1&psc=1"><img src="https://m.media-amazon.com/images/I/31A8kEJJlIL._SL500_.jpg" alt="Product Image"></a><p>John Frieda Frizz Ease Original Hair Serum, Protecting Against Frizz, Heat, and Humidity While Adding Shine, Smooths Strands and Hydrates Parched Hair with Argan, Coconut, and Moringa Oil, 1.69 Oz</p><p> -33% 0FF </p><p>$8.01 ($4.74 / Fl Oz)</p><a href="https://www.amazon.com/dp/B0013NE2Y8?tag=eloabder-20&linkCode=osi&th=1&psc=1">View Product</a></div>
<div class="product"><a href="https://www.amazon.com/dp/B004BYSR6K?tag=eloabder-20&linkCode=osi&th=1&psc=1"><img src="https://m.media-amazon.com/images/I/41RMAGucP7L._SL500_.jpg" alt="Product Image"></a><p>L'Oreal Paris Excellence Crème Permanent Hair Dye, Triple Care Hair Color with Pro-Keratine Complex for 100% Gray Hair Coverage, 5 Medium Brown, 1 Kit</p><p> -23% 0FF </p><p>$9.98</p><a href="https://www.amazon.com/dp/B004BYSR6K?tag=eloabder-20&linkCode=osi&th=1&psc=1">View Product</a></div><div class="product"><a href="https://www.amazon.com/dp/B00006JN4P?tag=eloabder-20&linkCode=osi&th=1&psc=1"><img src="https://m.media-amazon.com/images/I/51mGD8V4I7L._SL500_.jpg" alt="Product Image"></a><p>L'Oreal Paris Superior Preference Fade-Defying + Shine Permanent Hair Color, 8 Medium Blonde, Pack of 1, Hair Dye</p><p> -36% 0FF </p><p>$8.97</p><a href="https://www.amazon.com/dp/B00006JN4P?tag=eloabder-20&linkCode=osi&th=1&psc=1">View Product</a></div><div class="product"><a href="https://www.amazon.com/dp/B000KOU7FE?tag=eloabder-20&linkCode=osi&th=1&psc=1"><img src="https://m.media-amazon.com/images/I/51BV0dgoMnL._SL500_.jpg" alt="Product Image"></a><p>L'Oreal Paris Feria Multi-Faceted Shimmering Permanent Hair Color, B61 Downtown Brown (Hi-Lift Cool Brown), Pack of 1, Hair Dye</p><p> -7% 0FF </p><p>$12.97</p><a href="https://www.amazon.com/dp/B000KOU7FE?tag=eloabder-20&linkCode=osi&th=1&psc=1">View Product</a></div><div class="product"><a href="https://www.amazon.com/dp/B003AYEGGW?tag=eloabder-20&linkCode=osi&th=1&psc=1"><img src="https://m.media-amazon.com/images/I/41usJCtVqUL._SL500_.jpg" alt="Product Image"></a><p>Clairol Root Touch-Up by Nice'n Easy Permanent Hair Dye, 2 Black Hair Color, Pack of 2</p><p> -6% 0FF </p><p>$15.96 ($7.25 / Fl Oz)</p><a href="https://www.amazon.com/dp/B003AYEGGW?tag=eloabder-20&linkCode=osi&th=1&psc=1">View Product</a></div><div class="product"><a href="https://www.amazon.com/dp/B000NSW0EI?tag=eloabder-20&linkCode=osi&th=1&psc=1"><img src="https://m.media-amazon.com/images/I/51ZOUeoIXAS._SL500_.jpg" alt="Product Image"></a><p>Just For Men Shampoo In Color, Hair Color for Men with Keratin and Vitamin E for Stronger Hair, Restores Natural Hair Color, Medium Brown, H-35, Pack of 3</p><p> -10% 0FF </p><p>$26.88</p><a href="https://www.amazon.com/dp/B000NSW0EI?tag=eloabder-20&linkCode=osi&th=1&psc=1">View Product</a></div><div class="product"><a href="https://www.amazon.com/dp/B004DKB08E?tag=eloabder-20&linkCode=osi&th=1&psc=1"><img src="https://m.media-amazon.com/images/I/41dA53oe85L._SL500_.jpg" alt="Product Image"></a><p>John Frieda Precision Foam Colour, Medium Natural Brown 5N, Full-coverage Hair Color Kit, Anti-Fade Gray Coverage, Deep Color Saturation Hair Dye, 1 Application</p><p> -8% 0FF </p><p>$11.92</p><a href="https://www.amazon.com/dp/B004DKB08E?tag=eloabder-20&linkCode=osi&th=1&psc=1">View Product</a></div><div class="product"><a href="https://www.amazon.com/dp/B000KOHSQA?tag=eloabder-20&linkCode=osi&th=1&psc=1"><img src="https://m.media-amazon.com/images/I/51voB2QwdLL._SL500_.jpg" alt="Product Image"></a><p>L'Oreal Paris Couleur Experte 2-Step Home Hair Color and Highlights Kit, French Éclair</p><p> -18% 0FF </p><p>$13.97</p><a href="https://www.amazon.com/dp/B000KOHSQA?tag=eloabder-20&linkCode=osi&th=1&psc=1">View Product</a></div>
<div class="product"><a href="https://www.amazon.com/dp/B005CSYTCU?tag=eloabder-20&linkCode=osi&th=1&psc=1"><img src="https://m.media-amazon.com/images/I/41og7wvl2GL._SL500_.jpg" alt="Product Image"></a><p>Goody Ouchless Polyband Hair Ties - 250 Ct, Clear, Latex Hair Bands for Women's Hair, Easy Glide, Ultra-Strong Hold Hair Accessories for Women & Men, Secure Hold Ridge Design, All Hair Types</p><p> -19% 0FF </p><p>$3.19 ($0.01 / Count)</p><a href="https://www.amazon.com/dp/B005CSYTCU?tag=eloabder-20&linkCode=osi&th=1&psc=1">View Product</a></div><div class="product"><a href="https://www.amazon.com/dp/B00CGN9LQ8?tag=eloabder-20&linkCode=osi&th=1&psc=1"><img src="https://m.media-amazon.com/images/I/41LhEO75hIL._SL500_.jpg" alt="Product Image"></a><p>Crave Naturals Glide Thru Hair Brush - Detangler Brush for Curly, Straight, Wet or Dry Hair - Gentle Detangling Brushes for Adults, Kids, Toddlers - Hair Accessories for Women, 7.5x3 - Pink</p><p> -47% 0FF </p><p>$8.49</p><a href="https://www.amazon.com/dp/B00CGN9LQ8?tag=eloabder-20&linkCode=osi&th=1&psc=1">View Product</a></div><div class="product"><a href="https://www.amazon.com/dp/B00DLWO7D0?tag=eloabder-20&linkCode=osi&th=1&psc=1"><img src="https://m.media-amazon.com/images/I/31ISZI2zfzL._SL500_.jpg" alt="Product Image"></a><p>Goody Smooth and Sleek Wood Styling Brush with Natural Boar Bristles, Flyaway Free Finish, For All Hair Types, Brown, 1CT</p><p> -20% 0FF </p><p>$4.62</p><a href="https://www.amazon.com/dp/B00DLWO7D0?tag=eloabder-20&linkCode=osi&th=1&psc=1">View Product</a></div>

<div class="product"><a href="https://www.amazon.com/dp/B0FS2XTBJW?tag=eloabder-20&linkCode=osi&th=1&psc=1"><img src="https://m.media-amazon.com/images/I/413BHekXfiL._SL500_.jpg" alt="Product Image"></a><p>ZHIXJIA Knee Massager with Heat, 3-in-1 Smart Portable, 3 Vibration Modes and 3 Heating Levels LED Vitality Joints Knee Massager, Gift for Men and Women, Black</p><p> -78% 0FF </p><p>$99.99 ($99.99 / Count)</p><a href="https://www.amazon.com/dp/B0FS2XTBJW?tag=eloabder-20&linkCode=osi&th=1&psc=1">View Product</a></div><div class="product"><a href="https://www.amazon.com/dp/B0FHQ3WV4L?tag=eloabder-20&linkCode=osi&th=1&psc=1"><img src="https://m.media-amazon.com/images/I/412JLGi0PiL._SL500_.jpg" alt="Product Image"></a><p>DUBSTAR 3-in-1 Pill Crusher Pill Grinder, Pill Crusher Fine Powder with Brush, Pill Crushers for Elderly with Pill Cutter and Storage, Pill Cutter Splitter for Small or Large Pills (Green)</p><p> -29% 0FF </p><p>$9.99 ($9.99 / Count)</p><a href="https://www.amazon.com/dp/B0FHQ3WV4L?tag=eloabder-20&linkCode=osi&th=1&psc=1">View Product</a></div><div class="product"><a href="https://www.amazon.com/dp/B0FR4SPYFK?tag=eloabder-20&linkCode=osi&th=1&psc=1"><img src="https://m.media-amazon.com/images/I/41+owzP2llL._SL500_.jpg" alt="Product Image"></a><p>DEPAD Adjustable Pill Cutters Splitter for Small and Tiny Pills with Accurate Alignment, Pill Cutters for Small or Large Pills with Sharp Safe Blade</p><p> -23% 0FF </p><p>$9.99</p><a href="https://www.amazon.com/dp/B0FR4SPYFK?tag=eloabder-20&linkCode=osi&th=1&psc=1">View Product</a></div><div class="product"><a href="https://www.amazon.com/dp/B0F9NTTCWX?tag=eloabder-20&linkCode=osi&th=1&psc=1"><img src="https://m.media-amazon.com/images/I/51rTYaWSgtL._SL500_.jpg" alt="Product Image"></a><p>AUVON Dual Channel TENS Unit Muscle Stimulator Machine with 20 Modes, 2" and 2"x4" TENS Unit Electrode Pads (Red)</p><p> -28% 0FF </p><p>$25.99</p><a href="https://www.amazon.com/dp/B0F9NTTCWX?tag=eloabder-20&linkCode=osi&th=1&psc=1">View Product</a></div><div class="product"><a href="https://www.amazon.com/dp/B0D63FTHH4?tag=eloabder-20&linkCode=osi&th=1&psc=1"><img src="https://m.media-amazon.com/images/I/41Gu1013yRL._SL500_.jpg" alt="Product Image"></a><p>Yicotira 4 Pack Reusable Microfiber Mop Pads Compatible with Swiffer Sweeper - Dry Sweeping Cloths & Wet Pad Refills for Wet & Dry, Washable Pads Refills for Household Cleaning (Mop is not Included)</p><p> -34% 0FF </p><p>$8.54 ($2.14 / Count)</p><a href="https://www.amazon.com/dp/B0D63FTHH4?tag=eloabder-20&linkCode=osi&th=1&psc=1">View Product</a></div>
<div class="product"><a href="https://www.amazon.com/dp/B000ZLVUYO?tag=eloabder-20&linkCode=osi&th=1&psc=1"><img src="https://m.media-amazon.com/images/I/41CNAwwnEqL._SL500_.jpg" alt="Product Image"></a><p>It's A 10 Miracle Hair Mask, 8-Ounce</p><p> -16% 0FF </p><p>$25.99 ($3.25 / Fl Oz)</p><a href="https://www.amazon.com/dp/B000ZLVUYO?tag=eloabder-20&linkCode=osi&th=1&psc=1">View Product</a></div><div class="product"><a href="https://www.amazon.com/dp/B07VCGRBGT?tag=eloabder-20&linkCode=osi&th=1&psc=1"><img src="https://m.media-amazon.com/images/I/51QprRDhFoL._SL500_.jpg" alt="Product Image"></a><p>Palmer's Coconut Oil Formula Moisture Boost Protein Pack, Hair Treatment for Dry, Damaged, Over-Processed and Colored Hair, 2.1 Ounce (Pack of 12)</p><p> -67% 0FF </p><p>$11.09 ($0.92 / Ounce)</p><a href="https://www.amazon.com/dp/B07VCGRBGT?tag=eloabder-20&linkCode=osi&th=1&psc=1">View Product</a></div>
<div class="product"><a href="https://www.amazon.com/dp/B01A74442I?tag=eloabder-20&linkCode=osi&th=1&psc=1"><img src="https://m.media-amazon.com/images/I/51crUDqQzIL._SL500_.jpg" alt="Product Image"></a><p>Cliganic Organic Jojoba Oil, 100% Pure (4oz) | Moisturizing for Face, Hair, Skin & Nails | Natural Cold Pressed Hexane Free | Base Carrier Oil</p><p> -27% 0FF </p><p>$9.48 ($2.37 / Fl Oz)</p><a href="https://www.amazon.com/dp/B01A74442I?tag=eloabder-20&linkCode=osi&th=1&psc=1">View Product</a></div><div class="product"><a href="https://www.amazon.com/dp/B09PR9R9SL?tag=eloabder-20&linkCode=osi&th=1&psc=1"><img src="https://m.media-amazon.com/images/I/51EyKsoMSlL._SL500_.jpg" alt="Product Image"></a><p>KUKKA Rosemary Essential Oils - 4 Fl Oz - for Hair, Skin, Diffuser, Aromatherapy & DIY Soap Making Scent</p><p> -33% 0FF </p><p>$12.99 ($3.25 / Fl Oz)</p><a href="https://www.amazon.com/dp/B09PR9R9SL?tag=eloabder-20&linkCode=osi&th=1&psc=1">View Product</a></div><div class="product"><a href="https://www.amazon.com/dp/B004Z209HS?tag=eloabder-20&linkCode=osi&th=1&psc=1"><img src="https://m.media-amazon.com/images/I/41h5nZqdm+L._SL500_.jpg" alt="Product Image"></a><p>PURA D'OR 4 Oz ORGANIC Moroccan Argan Oil - USDA Certified 100% Pure & Cold Pressed Virgin Premium Grade Natural Moisturizer Treatment For Dry, Damaged Skin, Hair, Face, Body & Scalp - Men & Women</p><p> -12% 0FF </p><p>$14.99 ($3.75 / Fl Oz)</p><a href="https://www.amazon.com/dp/B004Z209HS?tag=eloabder-20&linkCode=osi&th=1&psc=1">View Product</a></div>
<div class="product"><a href="https://www.amazon.com/dp/B004YVDIAU?tag=eloabder-20&linkCode=osi&th=1&psc=1"><img src="https://m.media-amazon.com/images/I/313PkUEQj5L._SL500_.jpg" alt="Product Image"></a><p>Garnier Fructis Style Curl Sculpt Conditioning Cream Gel for Bounce & Moisture, 5.1 Fl Oz, 1 Count (Packaging May Vary)</p><p> -21% 0FF </p><p>$4.73 ($0.93 / Ounce)</p><a href="https://www.amazon.com/dp/B004YVDIAU?tag=eloabder-20&linkCode=osi&th=1&psc=1">View Product</a></div><div class="product"><a href="https://www.amazon.com/dp/B0002Z90RM?tag=eloabder-20&linkCode=osi&th=1&psc=1"><img src="https://m.media-amazon.com/images/I/31xKcrbq12L._SL500_.jpg" alt="Product Image"></a><p>RUSK Designer Collection Thick Body and Texture Amplifier Spray, 6 Oz, For Fine, Limp, Flat or Lazy Hair Types - Contains Wheat Protein, Adds Strength, Texture, Volume & Moisture</p><p> -5% 0FF </p><p>$17.50 ($2.92 / Fl Oz)</p><a href="https://www.amazon.com/dp/B0002Z90RM?tag=eloabder-20&linkCode=osi&th=1&psc=1">View Product</a></div><div class="product"><a href="https://www.amazon.com/dp/B0013NE2Y8?tag=eloabder-20&linkCode=osi&th=1&psc=1"><img src="https://m.media-amazon.com/images/I/31A8kEJJlIL._SL500_.jpg" alt="Product Image"></a><p>John Frieda Frizz Ease Original Hair Serum, Protecting Against Frizz, Heat, and Humidity While Adding Shine, Smooths Strands and Hydrates Parched Hair with Argan, Coconut, and Moringa Oil, 1.69 Oz</p><p> -33% 0FF </p><p>$8.01 ($4.74 / Fl Oz)</p><a href="https://www.amazon.com/dp/B0013NE2Y8?tag=eloabder-20&linkCode=osi&th=1&psc=1">View Product</a></div>
<div class="product"><a href="https://www.amazon.com/dp/B004BYSR6K?tag=eloabder-20&linkCode=osi&th=1&psc=1"><img src="https://m.media-amazon.com/images/I/41RMAGucP7L._SL500_.jpg" alt="Product Image"></a><p>L'Oreal Paris Excellence Crème Permanent Hair Dye, Triple Care Hair Color with Pro-Keratine Complex for 100% Gray Hair Coverage, 5 Medium Brown, 1 Kit</p><p> -23% 0FF </p><p>$9.98</p><a href="https://www.amazon.com/dp/B004BYSR6K?tag=eloabder-20&linkCode=osi&th=1&psc=1">View Product</a></div><div class="product"><a href="https://www.amazon.com/dp/B00006JN4P?tag=eloabder-20&linkCode=osi&th=1&psc=1"><img src="https://m.media-amazon.com/images/I/51mGD8V4I7L._SL500_.jpg" alt="Product Image"></a><p>L'Oreal Paris Superior Preference Fade-Defying + Shine Permanent Hair Color, 8 Medium Blonde, Pack of 1, Hair Dye</p><p> -36% 0FF </p><p>$8.97</p><a href="https://www.amazon.com/dp/B00006JN4P?tag=eloabder-20&linkCode=osi&th=1&psc=1">View Product</a></div><div class="product"><a href="https://www.amazon.com/dp/B000KOU7FE?tag=eloabder-20&linkCode=osi&th=1&psc=1"><img src="https://m.media-amazon.com/images/I/51BV0dgoMnL._SL500_.jpg" alt="Product Image"></a><p>L'Oreal Paris Feria Multi-Faceted Shimmering Permanent Hair Color, B61 Downtown Brown (Hi-Lift Cool Brown), Pack of 1, Hair Dye</p><p> -7% 0FF </p><p>$12.97</p><a href="https://www.amazon.com/dp/B000KOU7FE?tag=eloabder-20&linkCode=osi&th=1&psc=1">View Product</a></div><div class="product"><a href="https://www.amazon.com/dp/B003AYEGGW?tag=eloabder-20&linkCode=osi&th=1&psc=1"><img src="https://m.media-amazon.com/images/I/41usJCtVqUL._SL500_.jpg" alt="Product Image"></a><p>Clairol Root Touch-Up by Nice'n Easy Permanent Hair Dye, 2 Black Hair Color, Pack of 2</p><p> -6% 0FF </p><p>$15.96 ($7.25 / Fl Oz)</p><a href="https://www.amazon.com/dp/B003AYEGGW?tag=eloabder-20&linkCode=osi&th=1&psc=1">View Product</a></div><div class="product"><a href="https://www.amazon.com/dp/B000NSW0EI?tag=eloabder-20&linkCode=osi&th=1&psc=1"><img src="https://m.media-amazon.com/images/I/51ZOUeoIXAS._SL500_.jpg" alt="Product Image"></a><p>Just For Men Shampoo In Color, Hair Color for Men with Keratin and Vitamin E for Stronger Hair, Restores Natural Hair Color, Medium Brown, H-35, Pack of 3</p><p> -10% 0FF </p><p>$26.88</p><a href="https://www.amazon.com/dp/B000NSW0EI?tag=eloabder-20&linkCode=osi&th=1&psc=1">View Product</a></div><div class="product"><a href="https://www.amazon.com/dp/B004DKB08E?tag=eloabder-20&linkCode=osi&th=1&psc=1"><img src="https://m.media-amazon.com/images/I/41dA53oe85L._SL500_.jpg" alt="Product Image"></a><p>John Frieda Precision Foam Colour, Medium Natural Brown 5N, Full-coverage Hair Color Kit, Anti-Fade Gray Coverage, Deep Color Saturation Hair Dye, 1 Application</p><p> -8% 0FF </p><p>$11.92</p><a href="https://www.amazon.com/dp/B004DKB08E?tag=eloabder-20&linkCode=osi&th=1&psc=1">View Product</a></div><div class="product"><a href="https://www.amazon.com/dp/B000KOHSQA?tag=eloabder-20&linkCode=osi&th=1&psc=1"><img src="https://m.media-amazon.com/images/I/51voB2QwdLL._SL500_.jpg" alt="Product Image"></a><p>L'Oreal Paris Couleur Experte 2-Step Home Hair Color and Highlights Kit, French Éclair</p><p> -18% 0FF </p><p>$13.97</p><a href="https://www.amazon.com/dp/B000KOHSQA?tag=eloabder-20&linkCode=osi&th=1&psc=1">View Product</a></div>
<div class="product"><a href="https://www.amazon.com/dp/B005CSYTCU?tag=eloabder-20&linkCode=osi&th=1&psc=1"><img src="https://m.media-amazon.com/images/I/41og7wvl2GL._SL500_.jpg" alt="Product Image"></a><p>Goody Ouchless Polyband Hair Ties - 250 Ct, Clear, Latex Hair Bands for Women's Hair, Easy Glide, Ultra-Strong Hold Hair Accessories for Women & Men, Secure Hold Ridge Design, All Hair Types</p><p> -19% 0FF </p><p>$3.19 ($0.01 / Count)</p><a href="https://www.amazon.com/dp/B005CSYTCU?tag=eloabder-20&linkCode=osi&th=1&psc=1">View Product</a></div><div class="product"><a href="https://www.amazon.com/dp/B00CGN9LQ8?tag=eloabder-20&linkCode=osi&th=1&psc=1"><img src="https://m.media-amazon.com/images/I/41LhEO75hIL._SL500_.jpg" alt="Product Image"></a><p>Crave Naturals Glide Thru Hair Brush - Detangler Brush for Curly, Straight, Wet or Dry Hair - Gentle Detangling Brushes for Adults, Kids, Toddlers - Hair Accessories for Women, 7.5x3 - Pink</p><p> -47% 0FF </p><p>$8.49</p><a href="https://www.amazon.com/dp/B00CGN9LQ8?tag=eloabder-20&linkCode=osi&th=1&psc=1">View Product</a></div><div class="product"><a href="https://www.amazon.com/dp/B00DLWO7D0?tag=eloabder-20&linkCode=osi&th=1&psc=1"><img src="https://m.media-amazon.com/images/I/31ISZI2zfzL._SL500_.jpg" alt="Product Image"></a><p>Goody Smooth and Sleek Wood Styling Brush with Natural Boar Bristles, Flyaway Free Finish, For All Hair Types, Brown, 1CT</p><p> -20% 0FF </p><p>$4.62</p><a href="https://www.amazon.com/dp/B00DLWO7D0?tag=eloabder-20&linkCode=osi&th=1&psc=1">View Product</a></div>
<div class="product"><a href="https://www.amazon.com/dp/B00HFQQ0VU?tag=eloabder-20&linkCode=osi&th=1&psc=1"><img src="https://m.media-amazon.com/images/I/41J4CJ+ERsL._SL500_.jpg" alt="Product Image"></a><p>Waterpik Aquarius Water Flosser For Teeth Cleaning, Gums, Braces, Dental Care, Electric Power With 10 Settings, 7 Tips For Multiple Users And Needs, ADA Accepted, White WP-660, Packaging May Vary</p><p> -20% 0FF </p><p>$79.99</p><a href="https://www.amazon.com/dp/B00HFQQ0VU?tag=eloabder-20&linkCode=osi&th=1&psc=1">View Product</a></div><div class="product"><a href="https://www.amazon.com/dp/B000QXH4PK?tag=eloabder-20&linkCode=osi&th=1&psc=1"><img src="https://m.media-amazon.com/images/I/41BYUSQaRKL._SL500_.jpg" alt="Product Image"></a><p>Listerine PocketPaks Cool Mint Breath Strips, Portable Pocket-Sized Oral Care Mouth Freshener, Dissolving Strips Kill 99% of Bad Breath Germs, Sugar Free, 3 x 24-Strip Packs</p><p> -18% 0FF </p><p>$5.72 ($0.08 / Count)</p><a href="https://www.amazon.com/dp/B000QXH4PK?tag=eloabder-20&linkCode=osi&th=1&psc=1">View Product</a></div><div class="product"><a href="https://www.amazon.com/dp/B07LGSYTLM?tag=eloabder-20&linkCode=osi&th=1&psc=1"><img src="https://m.media-amazon.com/images/I/31YRxbr1qCL._SL500_.jpg" alt="Product Image"></a><p>DenTek Professional Oral Care Kit, Complete Set of Dental Tools Including Mirror, Dental Pick, Scaler & Stimulator</p><p> -9% 0FF </p><p>$6.39</p><a href="https://www.amazon.com/dp/B07LGSYTLM?tag=eloabder-20&linkCode=osi&th=1&psc=1">View Product</a></div><div class="product"><a href="https://www.amazon.com/dp/B01LAY47D0?tag=eloabder-20&linkCode=osi&th=1&psc=1"><img src="https://m.media-amazon.com/images/I/41y93UxXRvL._SL500_.jpg" alt="Product Image"></a><p>MasterMedi Tongue Scraper for Adults with Multicolor Travel Cases (2 Pack), 100% Stainless Steel, Reduce Bad Breath, Tongue Scrubber, Easy to Use, Tongue Cleaner for Oral Care & Hygiene</p><p> -34% 0FF </p><p>$9.95 ($4.98 / Count)</p><a href="https://www.amazon.com/dp/B01LAY47D0?tag=eloabder-20&linkCode=osi&th=1&psc=1">View Product</a></div>

<div class="product"><a href="https://www.amazon.com/dp/B0FS2XTBJW?tag=eloabder-20&linkCode=osi&th=1&psc=1"><img src="https://m.media-amazon.com/images/I/413BHekXfiL._SL500_.jpg" alt="Product Image"></a><p>ZHIXJIA Knee Massager with Heat, 3-in-1 Smart Portable, 3 Vibration Modes and 3 Heating Levels LED Vitality Joints Knee Massager, Gift for Men and Women, Black</p><p> -78% 0FF </p><p>$99.99 ($99.99 / Count)</p><a href="https://www.amazon.com/dp/B0FS2XTBJW?tag=eloabder-20&linkCode=osi&th=1&psc=1">View Product</a></div><div class="product"><a href="https://www.amazon.com/dp/B0FHQ3WV4L?tag=eloabder-20&linkCode=osi&th=1&psc=1"><img src="https://m.media-amazon.com/images/I/412JLGi0PiL._SL500_.jpg" alt="Product Image"></a><p>DUBSTAR 3-in-1 Pill Crusher Pill Grinder, Pill Crusher Fine Powder with Brush, Pill Crushers for Elderly with Pill Cutter and Storage, Pill Cutter Splitter for Small or Large Pills (Green)</p><p> -29% 0FF </p><p>$9.99 ($9.99 / Count)</p><a href="https://www.amazon.com/dp/B0FHQ3WV4L?tag=eloabder-20&linkCode=osi&th=1&psc=1">View Product</a></div><div class="product"><a href="https://www.amazon.com/dp/B0FR4SPYFK?tag=eloabder-20&linkCode=osi&th=1&psc=1"><img src="https://m.media-amazon.com/images/I/41+owzP2llL._SL500_.jpg" alt="Product Image"></a><p>DEPAD Adjustable Pill Cutters Splitter for Small and Tiny Pills with Accurate Alignment, Pill Cutters for Small or Large Pills with Sharp Safe Blade</p><p> -23% 0FF </p><p>$9.99</p><a href="https://www.amazon.com/dp/B0FR4SPYFK?tag=eloabder-20&linkCode=osi&th=1&psc=1">View Product</a></div><div class="product"><a href="https://www.amazon.com/dp/B0F9NTTCWX?tag=eloabder-20&linkCode=osi&th=1&psc=1"><img src="https://m.media-amazon.com/images/I/51rTYaWSgtL._SL500_.jpg" alt="Product Image"></a><p>AUVON Dual Channel TENS Unit Muscle Stimulator Machine with 20 Modes, 2" and 2"x4" TENS Unit Electrode Pads (Red)</p><p> -28% 0FF </p><p>$25.99</p><a href="https://www.amazon.com/dp/B0F9NTTCWX?tag=eloabder-20&linkCode=osi&th=1&psc=1">View Product</a></div><div class="product"><a href="https://www.amazon.com/dp/B0D63FTHH4?tag=eloabder-20&linkCode=osi&th=1&psc=1"><img src="https://m.media-amazon.com/images/I/41Gu1013yRL._SL500_.jpg" alt="Product Image"></a><p>Yicotira 4 Pack Reusable Microfiber Mop Pads Compatible with Swiffer Sweeper - Dry Sweeping Cloths & Wet Pad Refills for Wet & Dry, Washable Pads Refills for Household Cleaning (Mop is not Included)</p><p> -34% 0FF </p><p>$8.54 ($2.14 / Count)</p><a href="https://www.amazon.com/dp/B0D63FTHH4?tag=eloabder-20&linkCode=osi&th=1&psc=1">View Product</a></div>
<div class="product"><a href="https://www.amazon.com/dp/B000ZLVUYO?tag=eloabder-20&linkCode=osi&th=1&psc=1"><img src="https://m.media-amazon.com/images/I/41CNAwwnEqL._SL500_.jpg" alt="Product Image"></a><p>It's A 10 Miracle Hair Mask, 8-Ounce</p><p> -16% 0FF </p><p>$25.99 ($3.25 / Fl Oz)</p><a href="https://www.amazon.com/dp/B000ZLVUYO?tag=eloabder-20&linkCode=osi&th=1&psc=1">View Product</a></div><div class="product"><a href="https://www.amazon.com/dp/B07VCGRBGT?tag=eloabder-20&linkCode=osi&th=1&psc=1"><img src="https://m.media-amazon.com/images/I/51QprRDhFoL._SL500_.jpg" alt="Product Image"></a><p>Palmer's Coconut Oil Formula Moisture Boost Protein Pack, Hair Treatment for Dry, Damaged, Over-Processed and Colored Hair, 2.1 Ounce (Pack of 12)</p><p> -67% 0FF </p><p>$11.09 ($0.92 / Ounce)</p><a href="https://www.amazon.com/dp/B07VCGRBGT?tag=eloabder-20&linkCode=osi&th=1&psc=1">View Product</a></div>
<div class="product"><a href="https://www.amazon.com/dp/B01A74442I?tag=eloabder-20&linkCode=osi&th=1&psc=1"><img src="https://m.media-amazon.com/images/I/51crUDqQzIL._SL500_.jpg" alt="Product Image"></a><p>Cliganic Organic Jojoba Oil, 100% Pure (4oz) | Moisturizing for Face, Hair, Skin & Nails | Natural Cold Pressed Hexane Free | Base Carrier Oil</p><p> -27% 0FF </p><p>$9.48 ($2.37 / Fl Oz)</p><a href="https://www.amazon.com/dp/B01A74442I?tag=eloabder-20&linkCode=osi&th=1&psc=1">View Product</a></div><div class="product"><a href="https://www.amazon.com/dp/B09PR9R9SL?tag=eloabder-20&linkCode=osi&th=1&psc=1"><img src="https://m.media-amazon.com/images/I/51EyKsoMSlL._SL500_.jpg" alt="Product Image"></a><p>KUKKA Rosemary Essential Oils - 4 Fl Oz - for Hair, Skin, Diffuser, Aromatherapy & DIY Soap Making Scent</p><p> -33% 0FF </p><p>$12.99 ($3.25 / Fl Oz)</p><a href="https://www.amazon.com/dp/B09PR9R9SL?tag=eloabder-20&linkCode=osi&th=1&psc=1">View Product</a></div><div class="product"><a href="https://www.amazon.com/dp/B004Z209HS?tag=eloabder-20&linkCode=osi&th=1&psc=1"><img src="https://m.media-amazon.com/images/I/41h5nZqdm+L._SL500_.jpg" alt="Product Image"></a><p>PURA D'OR 4 Oz ORGANIC Moroccan Argan Oil - USDA Certified 100% Pure & Cold Pressed Virgin Premium Grade Natural Moisturizer Treatment For Dry, Damaged Skin, Hair, Face, Body & Scalp - Men & Women</p><p> -12% 0FF </p><p>$14.99 ($3.75 / Fl Oz)</p><a href="https://www.amazon.com/dp/B004Z209HS?tag=eloabder-20&linkCode=osi&th=1&psc=1">View Product</a></div>
<div class="product"><a href="https://www.amazon.com/dp/B004YVDIAU?tag=eloabder-20&linkCode=osi&th=1&psc=1"><img src="https://m.media-amazon.com/images/I/313PkUEQj5L._SL500_.jpg" alt="Product Image"></a><p>Garnier Fructis Style Curl Sculpt Conditioning Cream Gel for Bounce & Moisture, 5.1 Fl Oz, 1 Count (Packaging May Vary)</p><p> -21% 0FF </p><p>$4.73 ($0.93 / Ounce)</p><a href="https://www.amazon.com/dp/B004YVDIAU?tag=eloabder-20&linkCode=osi&th=1&psc=1">View Product</a></div><div class="product"><a href="https://www.amazon.com/dp/B0002Z90RM?tag=eloabder-20&linkCode=osi&th=1&psc=1"><img src="https://m.media-amazon.com/images/I/31xKcrbq12L._SL500_.jpg" alt="Product Image"></a><p>RUSK Designer Collection Thick Body and Texture Amplifier Spray, 6 Oz, For Fine, Limp, Flat or Lazy Hair Types - Contains Wheat Protein, Adds Strength, Texture, Volume & Moisture</p><p> -5% 0FF </p><p>$17.50 ($2.92 / Fl Oz)</p><a href="https://www.amazon.com/dp/B0002Z90RM?tag=eloabder-20&linkCode=osi&th=1&psc=1">View Product</a></div><div class="product"><a href="https://www.amazon.com/dp/B0013NE2Y8?tag=eloabder-20&linkCode=osi&th=1&psc=1"><img src="https://m.media-amazon.com/images/I/31A8kEJJlIL._SL500_.jpg" alt="Product Image"></a><p>John Frieda Frizz Ease Original Hair Serum, Protecting Against Frizz, Heat, and Humidity While Adding Shine, Smooths Strands and Hydrates Parched Hair with Argan, Coconut, and Moringa Oil, 1.69 Oz</p><p> -33% 0FF </p><p>$8.01 ($4.74 / Fl Oz)</p><a href="https://www.amazon.com/dp/B0013NE2Y8?tag=eloabder-20&linkCode=osi&th=1&psc=1">View Product</a></div>
<div class="product"><a href="https://www.amazon.com/dp/B004BYSR6K?tag=eloabder-20&linkCode=osi&th=1&psc=1"><img src="https://m.media-amazon.com/images/I/41RMAGucP7L._SL500_.jpg" alt="Product Image"></a><p>L'Oreal Paris Excellence Crème Permanent Hair Dye, Triple Care Hair Color with Pro-Keratine Complex for 100% Gray Hair Coverage, 5 Medium Brown, 1 Kit</p><p> -23% 0FF </p><p>$9.98</p><a href="https://www.amazon.com/dp/B004BYSR6K?tag=eloabder-20&linkCode=osi&th=1&psc=1">View Product</a></div><div class="product"><a href="https://www.amazon.com/dp/B00006JN4P?tag=eloabder-20&linkCode=osi&th=1&psc=1"><img src="https://m.media-amazon.com/images/I/51mGD8V4I7L._SL500_.jpg" alt="Product Image"></a><p>L'Oreal Paris Superior Preference Fade-Defying + Shine Permanent Hair Color, 8 Medium Blonde, Pack of 1, Hair Dye</p><p> -36% 0FF </p><p>$8.97</p><a href="https://www.amazon.com/dp/B00006JN4P?tag=eloabder-20&linkCode=osi&th=1&psc=1">View Product</a></div><div class="product"><a href="https://www.amazon.com/dp/B000KOU7FE?tag=eloabder-20&linkCode=osi&th=1&psc=1"><img src="https://m.media-amazon.com/images/I/51BV0dgoMnL._SL500_.jpg" alt="Product Image"></a><p>L'Oreal Paris Feria Multi-Faceted Shimmering Permanent Hair Color, B61 Downtown Brown (Hi-Lift Cool Brown), Pack of 1, Hair Dye</p><p> -7% 0FF </p><p>$12.97</p><a href="https://www.amazon.com/dp/B000KOU7FE?tag=eloabder-20&linkCode=osi&th=1&psc=1">View Product</a></div><div class="product"><a href="https://www.amazon.com/dp/B003AYEGGW?tag=eloabder-20&linkCode=osi&th=1&psc=1"><img src="https://m.media-amazon.com/images/I/41usJCtVqUL._SL500_.jpg" alt="Product Image"></a><p>Clairol Root Touch-Up by Nice'n Easy Permanent Hair Dye, 2 Black Hair Color, Pack of 2</p><p> -6% 0FF </p><p>$15.96 ($7.25 / Fl Oz)</p><a href="https://www.amazon.com/dp/B003AYEGGW?tag=eloabder-20&linkCode=osi&th=1&psc=1">View Product</a></div><div class="product"><a href="https://www.amazon.com/dp/B000NSW0EI?tag=eloabder-20&linkCode=osi&th=1&psc=1"><img src="https://m.media-amazon.com/images/I/51ZOUeoIXAS._SL500_.jpg" alt="Product Image"></a><p>Just For Men Shampoo In Color, Hair Color for Men with Keratin and Vitamin E for Stronger Hair, Restores Natural Hair Color, Medium Brown, H-35, Pack of 3</p><p> -10% 0FF </p><p>$26.88</p><a href="https://www.amazon.com/dp/B000NSW0EI?tag=eloabder-20&linkCode=osi&th=1&psc=1">View Product</a></div><div class="product"><a href="https://www.amazon.com/dp/B004DKB08E?tag=eloabder-20&linkCode=osi&th=1&psc=1"><img src="https://m.media-amazon.com/images/I/41dA53oe85L._SL500_.jpg" alt="Product Image"></a><p>John Frieda Precision Foam Colour, Medium Natural Brown 5N, Full-coverage Hair Color Kit, Anti-Fade Gray Coverage, Deep Color Saturation Hair Dye, 1 Application</p><p> -8% 0FF </p><p>$11.92</p><a href="https://www.amazon.com/dp/B004DKB08E?tag=eloabder-20&linkCode=osi&th=1&psc=1">View Product</a></div><div class="product"><a href="https://www.amazon.com/dp/B000KOHSQA?tag=eloabder-20&linkCode=osi&th=1&psc=1"><img src="https://m.media-amazon.com/images/I/51voB2QwdLL._SL500_.jpg" alt="Product Image"></a><p>L'Oreal Paris Couleur Experte 2-Step Home Hair Color and Highlights Kit, French Éclair</p><p> -18% 0FF </p><p>$13.97</p><a href="https://www.amazon.com/dp/B000KOHSQA?tag=eloabder-20&linkCode=osi&th=1&psc=1">View Product</a></div>
<div class="product"><a href="https://www.amazon.com/dp/B005CSYTCU?tag=eloabder-20&linkCode=osi&th=1&psc=1"><img src="https://m.media-amazon.com/images/I/41og7wvl2GL._SL500_.jpg" alt="Product Image"></a><p>Goody Ouchless Polyband Hair Ties - 250 Ct, Clear, Latex Hair Bands for Women's Hair, Easy Glide, Ultra-Strong Hold Hair Accessories for Women & Men, Secure Hold Ridge Design, All Hair Types</p><p> -19% 0FF </p><p>$3.19 ($0.01 / Count)</p><a href="https://www.amazon.com/dp/B005CSYTCU?tag=eloabder-20&linkCode=osi&th=1&psc=1">View Product</a></div><div class="product"><a href="https://www.amazon.com/dp/B00CGN9LQ8?tag=eloabder-20&linkCode=osi&th=1&psc=1"><img src="https://m.media-amazon.com/images/I/41LhEO75hIL._SL500_.jpg" alt="Product Image"></a><p>Crave Naturals Glide Thru Hair Brush - Detangler Brush for Curly, Straight, Wet or Dry Hair - Gentle Detangling Brushes for Adults, Kids, Toddlers - Hair Accessories for Women, 7.5x3 - Pink</p><p> -47% 0FF </p><p>$8.49</p><a href="https://www.amazon.com/dp/B00CGN9LQ8?tag=eloabder-20&linkCode=osi&th=1&psc=1">View Product</a></div><div class="product"><a href="https://www.amazon.com/dp/B00DLWO7D0?tag=eloabder-20&linkCode=osi&th=1&psc=1"><img src="https://m.media-amazon.com/images/I/31ISZI2zfzL._SL500_.jpg" alt="Product Image"></a><p>Goody Smooth and Sleek Wood Styling Brush with Natural Boar Bristles, Flyaway Free Finish, For All Hair Types, Brown, 1CT</p><p> -20% 0FF </p><p>$4.62</p><a href="https://www.amazon.com/dp/B00DLWO7D0?tag=eloabder-20&linkCode=osi&th=1&psc=1">View Product</a></div>
<div class="product"><a href="https://www.amazon.com/dp/B00HFQQ0VU?tag=eloabder-20&linkCode=osi&th=1&psc=1"><img src="https://m.media-amazon.com/images/I/41J4CJ+ERsL._SL500_.jpg" alt="Product Image"></a><p>Waterpik Aquarius Water Flosser For Teeth Cleaning, Gums, Braces, Dental Care, Electric Power With 10 Settings, 7 Tips For Multiple Users And Needs, ADA Accepted, White WP-660, Packaging May Vary</p><p> -20% 0FF </p><p>$79.99</p><a href="https://www.amazon.com/dp/B00HFQQ0VU?tag=eloabder-20&linkCode=osi&th=1&psc=1">View Product</a></div><div class="product"><a href="https://www.amazon.com/dp/B000QXH4PK?tag=eloabder-20&linkCode=osi&th=1&psc=1"><img src="https://m.media-amazon.com/images/I/41BYUSQaRKL._SL500_.jpg" alt="Product Image"></a><p>Listerine PocketPaks Cool Mint Breath Strips, Portable Pocket-Sized Oral Care Mouth Freshener, Dissolving Strips Kill 99% of Bad Breath Germs, Sugar Free, 3 x 24-Strip Packs</p><p> -18% 0FF </p><p>$5.72 ($0.08 / Count)</p><a href="https://www.amazon.com/dp/B000QXH4PK?tag=eloabder-20&linkCode=osi&th=1&psc=1">View Product</a></div><div class="product"><a href="https://www.amazon.com/dp/B07LGSYTLM?tag=eloabder-20&linkCode=osi&th=1&psc=1"><img src="https://m.media-amazon.com/images/I/31YRxbr1qCL._SL500_.jpg" alt="Product Image"></a><p>DenTek Professional Oral Care Kit, Complete Set of Dental Tools Including Mirror, Dental Pick, Scaler & Stimulator</p><p> -9% 0FF </p><p>$6.39</p><a href="https://www.amazon.com/dp/B07LGSYTLM?tag=eloabder-20&linkCode=osi&th=1&psc=1">View Product</a></div><div class="product"><a href="https://www.amazon.com/dp/B01LAY47D0?tag=eloabder-20&linkCode=osi&th=1&psc=1"><img src="https://m.media-amazon.com/images/I/41y93UxXRvL._SL500_.jpg" alt="Product Image"></a><p>MasterMedi Tongue Scraper for Adults with Multicolor Travel Cases (2 Pack), 100% Stainless Steel, Reduce Bad Breath, Tongue Scrubber, Easy to Use, Tongue Cleaner for Oral Care & Hygiene</p><p> -34% 0FF </p><p>$9.95 ($4.98 / Count)</p><a href="https://www.amazon.com/dp/B01LAY47D0?tag=eloabder-20&linkCode=osi&th=1&psc=1">View Product</a></div>
<div class="product"><a href="https://www.amazon.com/dp/B09F8FZ18G?tag=eloabder-20&linkCode=osi&th=1&psc=1"><img src="https://m.media-amazon.com/images/I/51WkgqQXqCL._SL500_.jpg" alt="Product Image"></a><p>Crest 3D White Advanced Luminous Mint Teeth Whitening Toothpaste, Crest Toothpaste, 3.7 oz Pack of 4 - Helps Remove Surface Stains, Whitens Teeth, Strengthens Tooth Enamel, Protects Against Cavities</p><p> -20% 0FF </p><p>$11.99 ($0.81 / Ounce)</p><a href="https://www.amazon.com/dp/B09F8FZ18G?tag=eloabder-20&linkCode=osi&th=1&psc=1">View Product</a></div><div class="product"><a href="https://www.amazon.com/dp/B083JHCCV2?tag=eloabder-20&linkCode=osi&th=1&psc=1"><img src="https://m.media-amazon.com/images/I/31ppsn+WAqL._SL500_.jpg" alt="Product Image"></a><p>Boka Fluoride Free Toothpaste, Nano Hydroxyapatite Toothpaste, Appropriate for Sensitive Teeth - for Adult, Kids Oral Care - Ela Mint Flavor, 4 Fl Oz 1Pk US Manufactured</p><p> -10% 0FF </p><p>$11.75 ($2.94 / Ounce)</p><a href="https://www.amazon.com/dp/B083JHCCV2?tag=eloabder-20&linkCode=osi&th=1&psc=1">View Product</a></div><div class="product"><a href="https://www.amazon.com/dp/B0BLWLL3FV?tag=eloabder-20&linkCode=osi&th=1&psc=1"><img src="https://m.media-amazon.com/images/I/519IfsN7qIL._SL500_.jpg" alt="Product Image"></a><p>Colgate Total Whitening Toothpaste Paste, 5.1 oz, 4 Pack, Fluoride, Antibacterial, for Plaque, Gingivitis, Sensitivity, Stain Removal, Clinically Proven, Mint, Teeth Whitening, Stannous Fluoride</p><p> -10% 0FF </p><p>$14.38 ($0.70 / Fl Oz)</p><a href="https://www.amazon.com/dp/B0BLWLL3FV?tag=eloabder-20&linkCode=osi&th=1&psc=1">View Product</a></div>

<div class="product"><a href="https://www.amazon.com/dp/B0FS2XTBJW?tag=eloabder-20&linkCode=osi&th=1&psc=1"><img src="https://m.media-amazon.com/images/I/413BHekXfiL._SL500_.jpg" alt="Product Image"></a><p>ZHIXJIA Knee Massager with Heat, 3-in-1 Smart Portable, 3 Vibration Modes and 3 Heating Levels LED Vitality Joints Knee Massager, Gift for Men and Women, Black</p><p> -78% 0FF </p><p>$99.99 ($99.99 / Count)</p><a href="https://www.amazon.com/dp/B0FS2XTBJW?tag=eloabder-20&linkCode=osi&th=1&psc=1">View Product</a></div><div class="product"><a href="https://www.amazon.com/dp/B0FHQ3WV4L?tag=eloabder-20&linkCode=osi&th=1&psc=1"><img src="https://m.media-amazon.com/images/I/412JLGi0PiL._SL500_.jpg" alt="Product Image"></a><p>DUBSTAR 3-in-1 Pill Crusher Pill Grinder, Pill Crusher Fine Powder with Brush, Pill Crushers for Elderly with Pill Cutter and Storage, Pill Cutter Splitter for Small or Large Pills (Green)</p><p> -29% 0FF </p><p>$9.99 ($9.99 / Count)</p><a href="https://www.amazon.com/dp/B0FHQ3WV4L?tag=eloabder-20&linkCode=osi&th=1&psc=1">View Product</a></div><div class="product"><a href="https://www.amazon.com/dp/B0FR4SPYFK?tag=eloabder-20&linkCode=osi&th=1&psc=1"><img src="https://m.media-amazon.com/images/I/41+owzP2llL._SL500_.jpg" alt="Product Image"></a><p>DEPAD Adjustable Pill Cutters Splitter for Small and Tiny Pills with Accurate Alignment, Pill Cutters for Small or Large Pills with Sharp Safe Blade</p><p> -23% 0FF </p><p>$9.99</p><a href="https://www.amazon.com/dp/B0FR4SPYFK?tag=eloabder-20&linkCode=osi&th=1&psc=1">View Product</a></div><div class="product"><a href="https://www.amazon.com/dp/B0F9NTTCWX?tag=eloabder-20&linkCode=osi&th=1&psc=1"><img src="https://m.media-amazon.com/images/I/51rTYaWSgtL._SL500_.jpg" alt="Product Image"></a><p>AUVON Dual Channel TENS Unit Muscle Stimulator Machine with 20 Modes, 2" and 2"x4" TENS Unit Electrode Pads (Red)</p><p> -28% 0FF </p><p>$25.99</p><a href="https://www.amazon.com/dp/B0F9NTTCWX?tag=eloabder-20&linkCode=osi&th=1&psc=1">View Product</a></div><div class="product"><a href="https://www.amazon.com/dp/B0D63FTHH4?tag=eloabder-20&linkCode=osi&th=1&psc=1"><img src="https://m.media-amazon.com/images/I/41Gu1013yRL._SL500_.jpg" alt="Product Image"></a><p>Yicotira 4 Pack Reusable Microfiber Mop Pads Compatible with Swiffer Sweeper - Dry Sweeping Cloths & Wet Pad Refills for Wet & Dry, Washable Pads Refills for Household Cleaning (Mop is not Included)</p><p> -34% 0FF </p><p>$8.54 ($2.14 / Count)</p><a href="https://www.amazon.com/dp/B0D63FTHH4?tag=eloabder-20&linkCode=osi&th=1&psc=1">View Product</a></div>
<div class="product"><a href="https://www.amazon.com/dp/B000ZLVUYO?tag=eloabder-20&linkCode=osi&th=1&psc=1"><img src="https://m.media-amazon.com/images/I/41CNAwwnEqL._SL500_.jpg" alt="Product Image"></a><p>It's A 10 Miracle Hair Mask, 8-Ounce</p><p> -16% 0FF </p><p>$25.99 ($3.25 / Fl Oz)</p><a href="https://www.amazon.com/dp/B000ZLVUYO?tag=eloabder-20&linkCode=osi&th=1&psc=1">View Product</a></div><div class="product"><a href="https://www.amazon.com/dp/B07VCGRBGT?tag=eloabder-20&linkCode=osi&th=1&psc=1"><img src="https://m.media-amazon.com/images/I/51QprRDhFoL._SL500_.jpg" alt="Product Image"></a><p>Palmer's Coconut Oil Formula Moisture Boost Protein Pack, Hair Treatment for Dry, Damaged, Over-Processed and Colored Hair, 2.1 Ounce (Pack of 12)</p><p> -67% 0FF </p><p>$11.09 ($0.92 / Ounce)</p><a href="https://www.amazon.com/dp/B07VCGRBGT?tag=eloabder-20&linkCode=osi&th=1&psc=1">View Product</a></div>
<div class="product"><a href="https://www.amazon.com/dp/B01A74442I?tag=eloabder-20&linkCode=osi&th=1&psc=1"><img src="https://m.media-amazon.com/images/I/51crUDqQzIL._SL500_.jpg" alt="Product Image"></a><p>Cliganic Organic Jojoba Oil, 100% Pure (4oz) | Moisturizing for Face, Hair, Skin & Nails | Natural Cold Pressed Hexane Free | Base Carrier Oil</p><p> -27% 0FF </p><p>$9.48 ($2.37 / Fl Oz)</p><a href="https://www.amazon.com/dp/B01A74442I?tag=eloabder-20&linkCode=osi&th=1&psc=1">View Product</a></div><div class="product"><a href="https://www.amazon.com/dp/B09PR9R9SL?tag=eloabder-20&linkCode=osi&th=1&psc=1"><img src="https://m.media-amazon.com/images/I/51EyKsoMSlL._SL500_.jpg" alt="Product Image"></a><p>KUKKA Rosemary Essential Oils - 4 Fl Oz - for Hair, Skin, Diffuser, Aromatherapy & DIY Soap Making Scent</p><p> -33% 0FF </p><p>$12.99 ($3.25 / Fl Oz)</p><a href="https://www.amazon.com/dp/B09PR9R9SL?tag=eloabder-20&linkCode=osi&th=1&psc=1">View Product</a></div><div class="product"><a href="https://www.amazon.com/dp/B004Z209HS?tag=eloabder-20&linkCode=osi&th=1&psc=1"><img src="https://m.media-amazon.com/images/I/41h5nZqdm+L._SL500_.jpg" alt="Product Image"></a><p>PURA D'OR 4 Oz ORGANIC Moroccan Argan Oil - USDA Certified 100% Pure & Cold Pressed Virgin Premium Grade Natural Moisturizer Treatment For Dry, Damaged Skin, Hair, Face, Body & Scalp - Men & Women</p><p> -12% 0FF </p><p>$14.99 ($3.75 / Fl Oz)</p><a href="https://www.amazon.com/dp/B004Z209HS?tag=eloabder-20&linkCode=osi&th=1&psc=1">View Product</a></div>
<div class="product"><a href="https://www.amazon.com/dp/B004YVDIAU?tag=eloabder-20&linkCode=osi&th=1&psc=1"><img src="https://m.media-amazon.com/images/I/313PkUEQj5L._SL500_.jpg" alt="Product Image"></a><p>Garnier Fructis Style Curl Sculpt Conditioning Cream Gel for Bounce & Moisture, 5.1 Fl Oz, 1 Count (Packaging May Vary)</p><p> -21% 0FF </p><p>$4.73 ($0.93 / Ounce)</p><a href="https://www.amazon.com/dp/B004YVDIAU?tag=eloabder-20&linkCode=osi&th=1&psc=1">View Product</a></div><div class="product"><a href="https://www.amazon.com/dp/B0002Z90RM?tag=eloabder-20&linkCode=osi&th=1&psc=1"><img src="https://m.media-amazon.com/images/I/31xKcrbq12L._SL500_.jpg" alt="Product Image"></a><p>RUSK Designer Collection Thick Body and Texture Amplifier Spray, 6 Oz, For Fine, Limp, Flat or Lazy Hair Types - Contains Wheat Protein, Adds Strength, Texture, Volume & Moisture</p><p> -5% 0FF </p><p>$17.50 ($2.92 / Fl Oz)</p><a href="https://www.amazon.com/dp/B0002Z90RM?tag=eloabder-20&linkCode=osi&th=1&psc=1">View Product</a></div><div class="product"><a href="https://www.amazon.com/dp/B0013NE2Y8?tag=eloabder-20&linkCode=osi&th=1&psc=1"><img src="https://m.media-amazon.com/images/I/31A8kEJJlIL._SL500_.jpg" alt="Product Image"></a><p>John Frieda Frizz Ease Original Hair Serum, Protecting Against Frizz, Heat, and Humidity While Adding Shine, Smooths Strands and Hydrates Parched Hair with Argan, Coconut, and Moringa Oil, 1.69 Oz</p><p> -33% 0FF </p><p>$8.01 ($4.74 / Fl Oz)</p><a href="https://www.amazon.com/dp/B0013NE2Y8?tag=eloabder-20&linkCode=osi&th=1&psc=1">View Product</a></div>
<div class="product"><a href="https://www.amazon.com/dp/B004BYSR6K?tag=eloabder-20&linkCode=osi&th=1&psc=1"><img src="https://m.media-amazon.com/images/I/41RMAGucP7L._SL500_.jpg" alt="Product Image"></a><p>L'Oreal Paris Excellence Crème Permanent Hair Dye, Triple Care Hair Color with Pro-Keratine Complex for 100% Gray Hair Coverage, 5 Medium Brown, 1 Kit</p><p> -23% 0FF </p><p>$9.98</p><a href="https://www.amazon.com/dp/B004BYSR6K?tag=eloabder-20&linkCode=osi&th=1&psc=1">View Product</a></div><div class="product"><a href="https://www.amazon.com/dp/B00006JN4P?tag=eloabder-20&linkCode=osi&th=1&psc=1"><img src="https://m.media-amazon.com/images/I/51mGD8V4I7L._SL500_.jpg" alt="Product Image"></a><p>L'Oreal Paris Superior Preference Fade-Defying + Shine Permanent Hair Color, 8 Medium Blonde, Pack of 1, Hair Dye</p><p> -36% 0FF </p><p>$8.97</p><a href="https://www.amazon.com/dp/B00006JN4P?tag=eloabder-20&linkCode=osi&th=1&psc=1">View Product</a></div><div class="product"><a href="https://www.amazon.com/dp/B000KOU7FE?tag=eloabder-20&linkCode=osi&th=1&psc=1"><img src="https://m.media-amazon.com/images/I/51BV0dgoMnL._SL500_.jpg" alt="Product Image"></a><p>L'Oreal Paris Feria Multi-Faceted Shimmering Permanent Hair Color, B61 Downtown Brown (Hi-Lift Cool Brown), Pack of 1, Hair Dye</p><p> -7% 0FF </p><p>$12.97</p><a href="https://www.amazon.com/dp/B000KOU7FE?tag=eloabder-20&linkCode=osi&th=1&psc=1">View Product</a></div><div class="product"><a href="https://www.amazon.com/dp/B003AYEGGW?tag=eloabder-20&linkCode=osi&th=1&psc=1"><img src="https://m.media-amazon.com/images/I/41usJCtVqUL._SL500_.jpg" alt="Product Image"></a><p>Clairol Root Touch-Up by Nice'n Easy Permanent Hair Dye, 2 Black Hair Color, Pack of 2</p><p> -6% 0FF </p><p>$15.96 ($7.25 / Fl Oz)</p><a href="https://www.amazon.com/dp/B003AYEGGW?tag=eloabder-20&linkCode=osi&th=1&psc=1">View Product</a></div><div class="product"><a href="https://www.amazon.com/dp/B000NSW0EI?tag=eloabder-20&linkCode=osi&th=1&psc=1"><img src="https://m.media-amazon.com/images/I/51ZOUeoIXAS._SL500_.jpg" alt="Product Image"></a><p>Just For Men Shampoo In Color, Hair Color for Men with Keratin and Vitamin E for Stronger Hair, Restores Natural Hair Color, Medium Brown, H-35, Pack of 3</p><p> -10% 0FF </p><p>$26.88</p><a href="https://www.amazon.com/dp/B000NSW0EI?tag=eloabder-20&linkCode=osi&th=1&psc=1">View Product</a></div><div class="product"><a href="https://www.amazon.com/dp/B004DKB08E?tag=eloabder-20&linkCode=osi&th=1&psc=1"><img src="https://m.media-amazon.com/images/I/41dA53oe85L._SL500_.jpg" alt="Product Image"></a><p>John Frieda Precision Foam Colour, Medium Natural Brown 5N, Full-coverage Hair Color Kit, Anti-Fade Gray Coverage, Deep Color Saturation Hair Dye, 1 Application</p><p> -8% 0FF </p><p>$11.92</p><a href="https://www.amazon.com/dp/B004DKB08E?tag=eloabder-20&linkCode=osi&th=1&psc=1">View Product</a></div><div class="product"><a href="https://www.amazon.com/dp/B000KOHSQA?tag=eloabder-20&linkCode=osi&th=1&psc=1"><img src="https://m.media-amazon.com/images/I/51voB2QwdLL._SL500_.jpg" alt="Product Image"></a><p>L'Oreal Paris Couleur Experte 2-Step Home Hair Color and Highlights Kit, French Éclair</p><p> -18% 0FF </p><p>$13.97</p><a href="https://www.amazon.com/dp/B000KOHSQA?tag=eloabder-20&linkCode=osi&th=1&psc=1">View Product</a></div>
<div class="product"><a href="https://www.amazon.com/dp/B005CSYTCU?tag=eloabder-20&linkCode=osi&th=1&psc=1"><img src="https://m.media-amazon.com/images/I/41og7wvl2GL._SL500_.jpg" alt="Product Image"></a><p>Goody Ouchless Polyband Hair Ties - 250 Ct, Clear, Latex Hair Bands for Women's Hair, Easy Glide, Ultra-Strong Hold Hair Accessories for Women & Men, Secure Hold Ridge Design, All Hair Types</p><p> -19% 0FF </p><p>$3.19 ($0.01 / Count)</p><a href="https://www.amazon.com/dp/B005CSYTCU?tag=eloabder-20&linkCode=osi&th=1&psc=1">View Product</a></div><div class="product"><a href="https://www.amazon.com/dp/B00CGN9LQ8?tag=eloabder-20&linkCode=osi&th=1&psc=1"><img src="https://m.media-amazon.com/images/I/41LhEO75hIL._SL500_.jpg" alt="Product Image"></a><p>Crave Naturals Glide Thru Hair Brush - Detangler Brush for Curly, Straight, Wet or Dry Hair - Gentle Detangling Brushes for Adults, Kids, Toddlers - Hair Accessories for Women, 7.5x3 - Pink</p><p> -47% 0FF </p><p>$8.49</p><a href="https://www.amazon.com/dp/B00CGN9LQ8?tag=eloabder-20&linkCode=osi&th=1&psc=1">View Product</a></div><div class="product"><a href="https://www.amazon.com/dp/B00DLWO7D0?tag=eloabder-20&linkCode=osi&th=1&psc=1"><img src="https://m.media-amazon.com/images/I/31ISZI2zfzL._SL500_.jpg" alt="Product Image"></a><p>Goody Smooth and Sleek Wood Styling Brush with Natural Boar Bristles, Flyaway Free Finish, For All Hair Types, Brown, 1CT</p><p> -20% 0FF </p><p>$4.62</p><a href="https://www.amazon.com/dp/B00DLWO7D0?tag=eloabder-20&linkCode=osi&th=1&psc=1">View Product</a></div>
<div class="product"><a href="https://www.amazon.com/dp/B00HFQQ0VU?tag=eloabder-20&linkCode=osi&th=1&psc=1"><img src="https://m.media-amazon.com/images/I/41J4CJ+ERsL._SL500_.jpg" alt="Product Image"></a><p>Waterpik Aquarius Water Flosser For Teeth Cleaning, Gums, Braces, Dental Care, Electric Power With 10 Settings, 7 Tips For Multiple Users And Needs, ADA Accepted, White WP-660, Packaging May Vary</p><p> -20% 0FF </p><p>$79.99</p><a href="https://www.amazon.com/dp/B00HFQQ0VU?tag=eloabder-20&linkCode=osi&th=1&psc=1">View Product</a></div><div class="product"><a href="https://www.amazon.com/dp/B000QXH4PK?tag=eloabder-20&linkCode=osi&th=1&psc=1"><img src="https://m.media-amazon.com/images/I/41BYUSQaRKL._SL500_.jpg" alt="Product Image"></a><p>Listerine PocketPaks Cool Mint Breath Strips, Portable Pocket-Sized Oral Care Mouth Freshener, Dissolving Strips Kill 99% of Bad Breath Germs, Sugar Free, 3 x 24-Strip Packs</p><p> -18% 0FF </p><p>$5.72 ($0.08 / Count)</p><a href="https://www.amazon.com/dp/B000QXH4PK?tag=eloabder-20&linkCode=osi&th=1&psc=1">View Product</a></div><div class="product"><a href="https://www.amazon.com/dp/B07LGSYTLM?tag=eloabder-20&linkCode=osi&th=1&psc=1"><img src="https://m.media-amazon.com/images/I/31YRxbr1qCL._SL500_.jpg" alt="Product Image"></a><p>DenTek Professional Oral Care Kit, Complete Set of Dental Tools Including Mirror, Dental Pick, Scaler & Stimulator</p><p> -9% 0FF </p><p>$6.39</p><a href="https://www.amazon.com/dp/B07LGSYTLM?tag=eloabder-20&linkCode=osi&th=1&psc=1">View Product</a></div><div class="product"><a href="https://www.amazon.com/dp/B01LAY47D0?tag=eloabder-20&linkCode=osi&th=1&psc=1"><img src="https://m.media-amazon.com/images/I/41y93UxXRvL._SL500_.jpg" alt="Product Image"></a><p>MasterMedi Tongue Scraper for Adults with Multicolor Travel Cases (2 Pack), 100% Stainless Steel, Reduce Bad Breath, Tongue Scrubber, Easy to Use, Tongue Cleaner for Oral Care & Hygiene</p><p> -34% 0FF </p><p>$9.95 ($4.98 / Count)</p><a href="https://www.amazon.com/dp/B01LAY47D0?tag=eloabder-20&linkCode=osi&th=1&psc=1">View Product</a></div>
<div class="product"><a href="https://www.amazon.com/dp/B09F8FZ18G?tag=eloabder-20&linkCode=osi&th=1&psc=1"><img src="https://m.media-amazon.com/images/I/51WkgqQXqCL._SL500_.jpg" alt="Product Image"></a><p>Crest 3D White Advanced Luminous Mint Teeth Whitening Toothpaste, Crest Toothpaste, 3.7 oz Pack of 4 - Helps Remove Surface Stains, Whitens Teeth, Strengthens Tooth Enamel, Protects Against Cavities</p><p> -20% 0FF </p><p>$11.99 ($0.81 / Ounce)</p><a href="https://www.amazon.com/dp/B09F8FZ18G?tag=eloabder-20&linkCode=osi&th=1&psc=1">View Product</a></div><div class="product"><a href="https://www.amazon.com/dp/B083JHCCV2?tag=eloabder-20&linkCode=osi&th=1&psc=1"><img src="https://m.media-amazon.com/images/I/31ppsn+WAqL._SL500_.jpg" alt="Product Image"></a><p>Boka Fluoride Free Toothpaste, Nano Hydroxyapatite Toothpaste, Appropriate for Sensitive Teeth - for Adult, Kids Oral Care - Ela Mint Flavor, 4 Fl Oz 1Pk US Manufactured</p><p> -10% 0FF </p><p>$11.75 ($2.94 / Ounce)</p><a href="https://www.amazon.com/dp/B083JHCCV2?tag=eloabder-20&linkCode=osi&th=1&psc=1">View Product</a></div><div class="product"><a href="https://www.amazon.com/dp/B0BLWLL3FV?tag=eloabder-20&linkCode=osi&th=1&psc=1"><img src="https://m.media-amazon.com/images/I/519IfsN7qIL._SL500_.jpg" alt="Product Image"></a><p>Colgate Total Whitening Toothpaste Paste, 5.1 oz, 4 Pack, Fluoride, Antibacterial, for Plaque, Gingivitis, Sensitivity, Stain Removal, Clinically Proven, Mint, Teeth Whitening, Stannous Fluoride</p><p> -10% 0FF </p><p>$14.38 ($0.70 / Fl Oz)</p><a href="https://www.amazon.com/dp/B0BLWLL3FV?tag=eloabder-20&linkCode=osi&th=1&psc=1">View Product</a></div>
<div class="product"><a href="https://www.amazon.com/dp/B00CC6XSRC?tag=eloabder-20&linkCode=osi&th=1&psc=1"><img src="https://m.media-amazon.com/images/I/41OKKVbMN-L._SL500_.jpg" alt="Product Image"></a><p>Colgate Extra Clean Toothbrush, Medium Toothbrush for Adults, 6 Pack</p><p> -10% 0FF </p><p>$4.96 ($0.83 / Count)</p><a href="https://www.amazon.com/dp/B00CC6XSRC?tag=eloabder-20&linkCode=osi&th=1&psc=1">View Product</a></div><div class="product"><a href="https://www.amazon.com/dp/B06XK2M3H3?tag=eloabder-20&linkCode=osi&th=1&psc=1"><img src="https://m.media-amazon.com/images/I/41tntn0c7BL._SL500_.jpg" alt="Product Image"></a><p>Oral-B 3D White Stain Eraser, 4 count SOFT manual tootbrush pack, Removes Stains, Whitens Teeth, Tongue and Cheek Cleaner</p><p> -12% 0FF </p><p>$7.92 ($1.98 / Count)</p><a href="https://www.amazon.com/dp/B06XK2M3H3?tag=eloabder-20&linkCode=osi&th=1&psc=1">View Product</a></div><div class="product"><a href="https://www.amazon.com/dp/B00H88K9EE?tag=eloabder-20&linkCode=osi&th=1&psc=1"><img src="https://m.media-amazon.com/images/I/51ah-EIUbsL._SL500_.jpg" alt="Product Image"></a><p>Colgate 360 Whole Mouth Toothbrush, Adult Toothbrushes Medium Bristles, Helps Remove Bad Breath Bacteria and Plaque, Medium Toothbrush Pack, Includes Cheek and Tongue Cleaner, 4 Pack</p><p> -18% 0FF </p><p>$8.19 ($2.05 / Count)</p><a href="https://www.amazon.com/dp/B00H88K9EE?tag=eloabder-20&linkCode=osi&th=1&psc=1">View Product</a></div><div class="product"><a href="https://www.amazon.com/dp/B003CP12QG?tag=eloabder-20&linkCode=osi&th=1&psc=1"><img src="https://m.media-amazon.com/images/I/41LPe-bdnPL._SL500_.jpg" alt="Product Image"></a><p>Oral-B Pulsar Pro-Health Expert Clean, Battery electric toothbrush, 2 count MEDIUM toothbrush pack, removes plaque, travel essentials tooth brush</p><p> -22% 0FF </p><p>$10.97 ($5.48 / Count)</p><a href="https://www.amazon.com/dp/B003CP12QG?tag=eloabder-20&linkCode=osi&th=1&psc=1">View Product</a></div>

<div class="product"><a href="https://www.amazon.com/dp/B0FS2XTBJW?tag=eloabder-20&linkCode=osi&th=1&psc=1"><img src="https://m.media-amazon.com/images/I/413BHekXfiL._SL500_.jpg" alt="Product Image"></a><p>ZHIXJIA Knee Massager with Heat, 3-in-1 Smart Portable, 3 Vibration Modes and 3 Heating Levels LED Vitality Joints Knee Massager, Gift for Men and Women, Black</p><p> -78% 0FF </p><p>$99.99 ($99.99 / Count)</p><a href="https://www.amazon.com/dp/B0FS2XTBJW?tag=eloabder-20&linkCode=osi&th=1&psc=1">View Product</a></div><div class="product"><a href="https://www.amazon.com/dp/B0FHQ3WV4L?tag=eloabder-20&linkCode=osi&th=1&psc=1"><img src="https://m.media-amazon.com/images/I/412JLGi0PiL._SL500_.jpg" alt="Product Image"></a><p>DUBSTAR 3-in-1 Pill Crusher Pill Grinder, Pill Crusher Fine Powder with Brush, Pill Crushers for Elderly with Pill Cutter and Storage, Pill Cutter Splitter for Small or Large Pills (Green)</p><p> -29% 0FF </p><p>$9.99 ($9.99 / Count)</p><a href="https://www.amazon.com/dp/B0FHQ3WV4L?tag=eloabder-20&linkCode=osi&th=1&psc=1">View Product</a></div><div class="product"><a href="https://www.amazon.com/dp/B0FR4SPYFK?tag=eloabder-20&linkCode=osi&th=1&psc=1"><img src="https://m.media-amazon.com/images/I/41+owzP2llL._SL500_.jpg" alt="Product Image"></a><p>DEPAD Adjustable Pill Cutters Splitter for Small and Tiny Pills with Accurate Alignment, Pill Cutters for Small or Large Pills with Sharp Safe Blade</p><p> -23% 0FF </p><p>$9.99</p><a href="https://www.amazon.com/dp/B0FR4SPYFK?tag=eloabder-20&linkCode=osi&th=1&psc=1">View Product</a></div><div class="product"><a href="https://www.amazon.com/dp/B0F9NTTCWX?tag=eloabder-20&linkCode=osi&th=1&psc=1"><img src="https://m.media-amazon.com/images/I/51rTYaWSgtL._SL500_.jpg" alt="Product Image"></a><p>AUVON Dual Channel TENS Unit Muscle Stimulator Machine with 20 Modes, 2" and 2"x4" TENS Unit Electrode Pads (Red)</p><p> -28% 0FF </p><p>$25.99</p><a href="https://www.amazon.com/dp/B0F9NTTCWX?tag=eloabder-20&linkCode=osi&th=1&psc=1">View Product</a></div><div class="product"><a href="https://www.amazon.com/dp/B0D63FTHH4?tag=eloabder-20&linkCode=osi&th=1&psc=1"><img src="https://m.media-amazon.com/images/I/41Gu1013yRL._SL500_.jpg" alt="Product Image"></a><p>Yicotira 4 Pack Reusable Microfiber Mop Pads Compatible with Swiffer Sweeper - Dry Sweeping Cloths & Wet Pad Refills for Wet & Dry, Washable Pads Refills for Household Cleaning (Mop is not Included)</p><p> -34% 0FF </p><p>$8.54 ($2.14 / Count)</p><a href="https://www.amazon.com/dp/B0D63FTHH4?tag=eloabder-20&linkCode=osi&th=1&psc=1">View Product</a></div>
<div class="product"><a href="https://www.amazon.com/dp/B000ZLVUYO?tag=eloabder-20&linkCode=osi&th=1&psc=1"><img src="https://m.media-amazon.com/images/I/41CNAwwnEqL._SL500_.jpg" alt="Product Image"></a><p>It's A 10 Miracle Hair Mask, 8-Ounce</p><p> -16% 0FF </p><p>$25.99 ($3.25 / Fl Oz)</p><a href="https://www.amazon.com/dp/B000ZLVUYO?tag=eloabder-20&linkCode=osi&th=1&psc=1">View Product</a></div><div class="product"><a href="https://www.amazon.com/dp/B07VCGRBGT?tag=eloabder-20&linkCode=osi&th=1&psc=1"><img src="https://m.media-amazon.com/images/I/51QprRDhFoL._SL500_.jpg" alt="Product Image"></a><p>Palmer's Coconut Oil Formula Moisture Boost Protein Pack, Hair Treatment for Dry, Damaged, Over-Processed and Colored Hair, 2.1 Ounce (Pack of 12)</p><p> -67% 0FF </p><p>$11.09 ($0.92 / Ounce)</p><a href="https://www.amazon.com/dp/B07VCGRBGT?tag=eloabder-20&linkCode=osi&th=1&psc=1">View Product</a></div>
<div class="product"><a href="https://www.amazon.com/dp/B01A74442I?tag=eloabder-20&linkCode=osi&th=1&psc=1"><img src="https://m.media-amazon.com/images/I/51crUDqQzIL._SL500_.jpg" alt="Product Image"></a><p>Cliganic Organic Jojoba Oil, 100% Pure (4oz) | Moisturizing for Face, Hair, Skin & Nails | Natural Cold Pressed Hexane Free | Base Carrier Oil</p><p> -27% 0FF </p><p>$9.48 ($2.37 / Fl Oz)</p><a href="https://www.amazon.com/dp/B01A74442I?tag=eloabder-20&linkCode=osi&th=1&psc=1">View Product</a></div><div class="product"><a href="https://www.amazon.com/dp/B09PR9R9SL?tag=eloabder-20&linkCode=osi&th=1&psc=1"><img src="https://m.media-amazon.com/images/I/51EyKsoMSlL._SL500_.jpg" alt="Product Image"></a><p>KUKKA Rosemary Essential Oils - 4 Fl Oz - for Hair, Skin, Diffuser, Aromatherapy & DIY Soap Making Scent</p><p> -33% 0FF </p><p>$12.99 ($3.25 / Fl Oz)</p><a href="https://www.amazon.com/dp/B09PR9R9SL?tag=eloabder-20&linkCode=osi&th=1&psc=1">View Product</a></div><div class="product"><a href="https://www.amazon.com/dp/B004Z209HS?tag=eloabder-20&linkCode=osi&th=1&psc=1"><img src="https://m.media-amazon.com/images/I/41h5nZqdm+L._SL500_.jpg" alt="Product Image"></a><p>PURA D'OR 4 Oz ORGANIC Moroccan Argan Oil - USDA Certified 100% Pure & Cold Pressed Virgin Premium Grade Natural Moisturizer Treatment For Dry, Damaged Skin, Hair, Face, Body & Scalp - Men & Women</p><p> -12% 0FF </p><p>$14.99 ($3.75 / Fl Oz)</p><a href="https://www.amazon.com/dp/B004Z209HS?tag=eloabder-20&linkCode=osi&th=1&psc=1">View Product</a></div>
<div class="product"><a href="https://www.amazon.com/dp/B004YVDIAU?tag=eloabder-20&linkCode=osi&th=1&psc=1"><img src="https://m.media-amazon.com/images/I/313PkUEQj5L._SL500_.jpg" alt="Product Image"></a><p>Garnier Fructis Style Curl Sculpt Conditioning Cream Gel for Bounce & Moisture, 5.1 Fl Oz, 1 Count (Packaging May Vary)</p><p> -21% 0FF </p><p>$4.73 ($0.93 / Ounce)</p><a href="https://www.amazon.com/dp/B004YVDIAU?tag=eloabder-20&linkCode=osi&th=1&psc=1">View Product</a></div><div class="product"><a href="https://www.amazon.com/dp/B0002Z90RM?tag=eloabder-20&linkCode=osi&th=1&psc=1"><img src="https://m.media-amazon.com/images/I/31xKcrbq12L._SL500_.jpg" alt="Product Image"></a><p>RUSK Designer Collection Thick Body and Texture Amplifier Spray, 6 Oz, For Fine, Limp, Flat or Lazy Hair Types - Contains Wheat Protein, Adds Strength, Texture, Volume & Moisture</p><p> -5% 0FF </p><p>$17.50 ($2.92 / Fl Oz)</p><a href="https://www.amazon.com/dp/B0002Z90RM?tag=eloabder-20&linkCode=osi&th=1&psc=1">View Product</a></div><div class="product"><a href="https://www.amazon.com/dp/B0013NE2Y8?tag=eloabder-20&linkCode=osi&th=1&psc=1"><img src="https://m.media-amazon.com/images/I/31A8kEJJlIL._SL500_.jpg" alt="Product Image"></a><p>John Frieda Frizz Ease Original Hair Serum, Protecting Against Frizz, Heat, and Humidity While Adding Shine, Smooths Strands and Hydrates Parched Hair with Argan, Coconut, and Moringa Oil, 1.69 Oz</p><p> -33% 0FF </p><p>$8.01 ($4.74 / Fl Oz)</p><a href="https://www.amazon.com/dp/B0013NE2Y8?tag=eloabder-20&linkCode=osi&th=1&psc=1">View Product</a></div>
<div class="product"><a href="https://www.amazon.com/dp/B004BYSR6K?tag=eloabder-20&linkCode=osi&th=1&psc=1"><img src="https://m.media-amazon.com/images/I/41RMAGucP7L._SL500_.jpg" alt="Product Image"></a><p>L'Oreal Paris Excellence Crème Permanent Hair Dye, Triple Care Hair Color with Pro-Keratine Complex for 100% Gray Hair Coverage, 5 Medium Brown, 1 Kit</p><p> -23% 0FF </p><p>$9.98</p><a href="https://www.amazon.com/dp/B004BYSR6K?tag=eloabder-20&linkCode=osi&th=1&psc=1">View Product</a></div><div class="product"><a href="https://www.amazon.com/dp/B00006JN4P?tag=eloabder-20&linkCode=osi&th=1&psc=1"><img src="https://m.media-amazon.com/images/I/51mGD8V4I7L._SL500_.jpg" alt="Product Image"></a><p>L'Oreal Paris Superior Preference Fade-Defying + Shine Permanent Hair Color, 8 Medium Blonde, Pack of 1, Hair Dye</p><p> -36% 0FF </p><p>$8.97</p><a href="https://www.amazon.com/dp/B00006JN4P?tag=eloabder-20&linkCode=osi&th=1&psc=1">View Product</a></div><div class="product"><a href="https://www.amazon.com/dp/B000KOU7FE?tag=eloabder-20&linkCode=osi&th=1&psc=1"><img src="https://m.media-amazon.com/images/I/51BV0dgoMnL._SL500_.jpg" alt="Product Image"></a><p>L'Oreal Paris Feria Multi-Faceted Shimmering Permanent Hair Color, B61 Downtown Brown (Hi-Lift Cool Brown), Pack of 1, Hair Dye</p><p> -7% 0FF </p><p>$12.97</p><a href="https://www.amazon.com/dp/B000KOU7FE?tag=eloabder-20&linkCode=osi&th=1&psc=1">View Product</a></div><div class="product"><a href="https://www.amazon.com/dp/B003AYEGGW?tag=eloabder-20&linkCode=osi&th=1&psc=1"><img src="https://m.media-amazon.com/images/I/41usJCtVqUL._SL500_.jpg" alt="Product Image"></a><p>Clairol Root Touch-Up by Nice'n Easy Permanent Hair Dye, 2 Black Hair Color, Pack of 2</p><p> -6% 0FF </p><p>$15.96 ($7.25 / Fl Oz)</p><a href="https://www.amazon.com/dp/B003AYEGGW?tag=eloabder-20&linkCode=osi&th=1&psc=1">View Product</a></div><div class="product"><a href="https://www.amazon.com/dp/B000NSW0EI?tag=eloabder-20&linkCode=osi&th=1&psc=1"><img src="https://m.media-amazon.com/images/I/51ZOUeoIXAS._SL500_.jpg" alt="Product Image"></a><p>Just For Men Shampoo In Color, Hair Color for Men with Keratin and Vitamin E for Stronger Hair, Restores Natural Hair Color, Medium Brown, H-35, Pack of 3</p><p> -10% 0FF </p><p>$26.88</p><a href="https://www.amazon.com/dp/B000NSW0EI?tag=eloabder-20&linkCode=osi&th=1&psc=1">View Product</a></div><div class="product"><a href="https://www.amazon.com/dp/B004DKB08E?tag=eloabder-20&linkCode=osi&th=1&psc=1"><img src="https://m.media-amazon.com/images/I/41dA53oe85L._SL500_.jpg" alt="Product Image"></a><p>John Frieda Precision Foam Colour, Medium Natural Brown 5N, Full-coverage Hair Color Kit, Anti-Fade Gray Coverage, Deep Color Saturation Hair Dye, 1 Application</p><p> -8% 0FF </p><p>$11.92</p><a href="https://www.amazon.com/dp/B004DKB08E?tag=eloabder-20&linkCode=osi&th=1&psc=1">View Product</a></div><div class="product"><a href="https://www.amazon.com/dp/B000KOHSQA?tag=eloabder-20&linkCode=osi&th=1&psc=1"><img src="https://m.media-amazon.com/images/I/51voB2QwdLL._SL500_.jpg" alt="Product Image"></a><p>L'Oreal Paris Couleur Experte 2-Step Home Hair Color and Highlights Kit, French Éclair</p><p> -18% 0FF </p><p>$13.97</p><a href="https://www.amazon.com/dp/B000KOHSQA?tag=eloabder-20&linkCode=osi&th=1&psc=1">View Product</a></div>
<div class="product"><a href="https://www.amazon.com/dp/B005CSYTCU?tag=eloabder-20&linkCode=osi&th=1&psc=1"><img src="https://m.media-amazon.com/images/I/41og7wvl2GL._SL500_.jpg" alt="Product Image"></a><p>Goody Ouchless Polyband Hair Ties - 250 Ct, Clear, Latex Hair Bands for Women's Hair, Easy Glide, Ultra-Strong Hold Hair Accessories for Women & Men, Secure Hold Ridge Design, All Hair Types</p><p> -19% 0FF </p><p>$3.19 ($0.01 / Count)</p><a href="https://www.amazon.com/dp/B005CSYTCU?tag=eloabder-20&linkCode=osi&th=1&psc=1">View Product</a></div><div class="product"><a href="https://www.amazon.com/dp/B00CGN9LQ8?tag=eloabder-20&linkCode=osi&th=1&psc=1"><img src="https://m.media-amazon.com/images/I/41LhEO75hIL._SL500_.jpg" alt="Product Image"></a><p>Crave Naturals Glide Thru Hair Brush - Detangler Brush for Curly, Straight, Wet or Dry Hair - Gentle Detangling Brushes for Adults, Kids, Toddlers - Hair Accessories for Women, 7.5x3 - Pink</p><p> -47% 0FF </p><p>$8.49</p><a href="https://www.amazon.com/dp/B00CGN9LQ8?tag=eloabder-20&linkCode=osi&th=1&psc=1">View Product</a></div><div class="product"><a href="https://www.amazon.com/dp/B00DLWO7D0?tag=eloabder-20&linkCode=osi&th=1&psc=1"><img src="https://m.media-amazon.com/images/I/31ISZI2zfzL._SL500_.jpg" alt="Product Image"></a><p>Goody Smooth and Sleek Wood Styling Brush with Natural Boar Bristles, Flyaway Free Finish, For All Hair Types, Brown, 1CT</p><p> -20% 0FF </p><p>$4.62</p><a href="https://www.amazon.com/dp/B00DLWO7D0?tag=eloabder-20&linkCode=osi&th=1&psc=1">View Product</a></div>
<div class="product"><a href="https://www.amazon.com/dp/B00HFQQ0VU?tag=eloabder-20&linkCode=osi&th=1&psc=1"><img src="https://m.media-amazon.com/images/I/41J4CJ+ERsL._SL500_.jpg" alt="Product Image"></a><p>Waterpik Aquarius Water Flosser For Teeth Cleaning, Gums, Braces, Dental Care, Electric Power With 10 Settings, 7 Tips For Multiple Users And Needs, ADA Accepted, White WP-660, Packaging May Vary</p><p> -20% 0FF </p><p>$79.99</p><a href="https://www.amazon.com/dp/B00HFQQ0VU?tag=eloabder-20&linkCode=osi&th=1&psc=1">View Product</a></div><div class="product"><a href="https://www.amazon.com/dp/B000QXH4PK?tag=eloabder-20&linkCode=osi&th=1&psc=1"><img src="https://m.media-amazon.com/images/I/41BYUSQaRKL._SL500_.jpg" alt="Product Image"></a><p>Listerine PocketPaks Cool Mint Breath Strips, Portable Pocket-Sized Oral Care Mouth Freshener, Dissolving Strips Kill 99% of Bad Breath Germs, Sugar Free, 3 x 24-Strip Packs</p><p> -18% 0FF </p><p>$5.72 ($0.08 / Count)</p><a href="https://www.amazon.com/dp/B000QXH4PK?tag=eloabder-20&linkCode=osi&th=1&psc=1">View Product</a></div><div class="product"><a href="https://www.amazon.com/dp/B07LGSYTLM?tag=eloabder-20&linkCode=osi&th=1&psc=1"><img src="https://m.media-amazon.com/images/I/31YRxbr1qCL._SL500_.jpg" alt="Product Image"></a><p>DenTek Professional Oral Care Kit, Complete Set of Dental Tools Including Mirror, Dental Pick, Scaler & Stimulator</p><p> -9% 0FF </p><p>$6.39</p><a href="https://www.amazon.com/dp/B07LGSYTLM?tag=eloabder-20&linkCode=osi&th=1&psc=1">View Product</a></div><div class="product"><a href="https://www.amazon.com/dp/B01LAY47D0?tag=eloabder-20&linkCode=osi&th=1&psc=1"><img src="https://m.media-amazon.com/images/I/41y93UxXRvL._SL500_.jpg" alt="Product Image"></a><p>MasterMedi Tongue Scraper for Adults with Multicolor Travel Cases (2 Pack), 100% Stainless Steel, Reduce Bad Breath, Tongue Scrubber, Easy to Use, Tongue Cleaner for Oral Care & Hygiene</p><p> -34% 0FF </p><p>$9.95 ($4.98 / Count)</p><a href="https://www.amazon.com/dp/B01LAY47D0?tag=eloabder-20&linkCode=osi&th=1&psc=1">View Product</a></div>
<div class="product"><a href="https://www.amazon.com/dp/B09F8FZ18G?tag=eloabder-20&linkCode=osi&th=1&psc=1"><img src="https://m.media-amazon.com/images/I/51WkgqQXqCL._SL500_.jpg" alt="Product Image"></a><p>Crest 3D White Advanced Luminous Mint Teeth Whitening Toothpaste, Crest Toothpaste, 3.7 oz Pack of 4 - Helps Remove Surface Stains, Whitens Teeth, Strengthens Tooth Enamel, Protects Against Cavities</p><p> -20% 0FF </p><p>$11.99 ($0.81 / Ounce)</p><a href="https://www.amazon.com/dp/B09F8FZ18G?tag=eloabder-20&linkCode=osi&th=1&psc=1">View Product</a></div><div class="product"><a href="https://www.amazon.com/dp/B083JHCCV2?tag=eloabder-20&linkCode=osi&th=1&psc=1"><img src="https://m.media-amazon.com/images/I/31ppsn+WAqL._SL500_.jpg" alt="Product Image"></a><p>Boka Fluoride Free Toothpaste, Nano Hydroxyapatite Toothpaste, Appropriate for Sensitive Teeth - for Adult, Kids Oral Care - Ela Mint Flavor, 4 Fl Oz 1Pk US Manufactured</p><p> -10% 0FF </p><p>$11.75 ($2.94 / Ounce)</p><a href="https://www.amazon.com/dp/B083JHCCV2?tag=eloabder-20&linkCode=osi&th=1&psc=1">View Product</a></div><div class="product"><a href="https://www.amazon.com/dp/B0BLWLL3FV?tag=eloabder-20&linkCode=osi&th=1&psc=1"><img src="https://m.media-amazon.com/images/I/519IfsN7qIL._SL500_.jpg" alt="Product Image"></a><p>Colgate Total Whitening Toothpaste Paste, 5.1 oz, 4 Pack, Fluoride, Antibacterial, for Plaque, Gingivitis, Sensitivity, Stain Removal, Clinically Proven, Mint, Teeth Whitening, Stannous Fluoride</p><p> -10% 0FF </p><p>$14.38 ($0.70 / Fl Oz)</p><a href="https://www.amazon.com/dp/B0BLWLL3FV?tag=eloabder-20&linkCode=osi&th=1&psc=1">View Product</a></div>
<div class="product"><a href="https://www.amazon.com/dp/B00CC6XSRC?tag=eloabder-20&linkCode=osi&th=1&psc=1"><img src="https://m.media-amazon.com/images/I/41OKKVbMN-L._SL500_.jpg" alt="Product Image"></a><p>Colgate Extra Clean Toothbrush, Medium Toothbrush for Adults, 6 Pack</p><p> -10% 0FF </p><p>$4.96 ($0.83 / Count)</p><a href="https://www.amazon.com/dp/B00CC6XSRC?tag=eloabder-20&linkCode=osi&th=1&psc=1">View Product</a></div><div class="product"><a href="https://www.amazon.com/dp/B06XK2M3H3?tag=eloabder-20&linkCode=osi&th=1&psc=1"><img src="https://m.media-amazon.com/images/I/41tntn0c7BL._SL500_.jpg" alt="Product Image"></a><p>Oral-B 3D White Stain Eraser, 4 count SOFT manual tootbrush pack, Removes Stains, Whitens Teeth, Tongue and Cheek Cleaner</p><p> -12% 0FF </p><p>$7.92 ($1.98 / Count)</p><a href="https://www.amazon.com/dp/B06XK2M3H3?tag=eloabder-20&linkCode=osi&th=1&psc=1">View Product</a></div><div class="product"><a href="https://www.amazon.com/dp/B00H88K9EE?tag=eloabder-20&linkCode=osi&th=1&psc=1"><img src="https://m.media-amazon.com/images/I/51ah-EIUbsL._SL500_.jpg" alt="Product Image"></a><p>Colgate 360 Whole Mouth Toothbrush, Adult Toothbrushes Medium Bristles, Helps Remove Bad Breath Bacteria and Plaque, Medium Toothbrush Pack, Includes Cheek and Tongue Cleaner, 4 Pack</p><p> -18% 0FF </p><p>$8.19 ($2.05 / Count)</p><a href="https://www.amazon.com/dp/B00H88K9EE?tag=eloabder-20&linkCode=osi&th=1&psc=1">View Product</a></div><div class="product"><a href="https://www.amazon.com/dp/B003CP12QG?tag=eloabder-20&linkCode=osi&th=1&psc=1"><img src="https://m.media-amazon.com/images/I/41LPe-bdnPL._SL500_.jpg" alt="Product Image"></a><p>Oral-B Pulsar Pro-Health Expert Clean, Battery electric toothbrush, 2 count MEDIUM toothbrush pack, removes plaque, travel essentials tooth brush</p><p> -22% 0FF </p><p>$10.97 ($5.48 / Count)</p><a href="https://www.amazon.com/dp/B003CP12QG?tag=eloabder-20&linkCode=osi&th=1&psc=1">View Product</a></div>
<div class="product"><a href="https://www.amazon.com/dp/B0C881GLNM?tag=eloabder-20&linkCode=osi&th=1&psc=1"><img src="https://m.media-amazon.com/images/I/51C2ohy2RWL._SL500_.jpg" alt="Product Image"></a><p>Crest Pro-Health Advanced Mouthwash, Alcohol Free, Multi-Protection, Fresh Mint, 1 L (33.8 fl oz), Pack of 2, Blue</p><p> -9% 0FF </p><p>$10.97 ($0.16 / Fl Oz)</p><a href="https://www.amazon.com/dp/B0C881GLNM?tag=eloabder-20&linkCode=osi&th=1&psc=1">View Product</a></div><div class="product"><a href="https://www.amazon.com/dp/B005IHSPLQ?tag=eloabder-20&linkCode=osi&th=1&psc=1"><img src="https://m.media-amazon.com/images/I/31U2umAytxL._SL500_.jpg" alt="Product Image"></a><p>Listerine Alcohol-Free Mouthwash, Non Alcoholic Mint Oral Rinse Kills 99.9% of Germs That Cause Bad Breath for a Fresh Breath & Clean Mouth, Less Intense Taste, Cool Mint Flavor, 1 L</p><p> -25% 0FF </p><p>$6.99 ($0.21 / Fl Oz)</p><a href="https://www.amazon.com/dp/B005IHSPLQ?tag=eloabder-20&linkCode=osi&th=1&psc=1">View Product</a></div><div class="product"><a href="https://www.amazon.com/dp/B0126XBQK6?tag=eloabder-20&linkCode=osi&th=1&psc=1"><img src="https://m.media-amazon.com/images/I/51dT1Mhf3zL._SL500_.jpg" alt="Product Image"></a><p>Crest Pro-Health Advanced Mouthwash, Alcohol Free, Extra Whitening, Energizing Mint Flavor, 946 mL (32 fl oz)</p><p> -20% 0FF </p><p>$7.17 ($0.22 / Fl Oz)</p><a href="https://www.amazon.com/dp/B0126XBQK6?tag=eloabder-20&linkCode=osi&th=1&psc=1">View Product</a></div><div class="product"><a href="https://www.amazon.com/dp/B00495Q5OW?tag=eloabder-20&linkCode=osi&th=1&psc=1"><img src="https://m.media-amazon.com/images/I/41U0hz++OHL._SL500_.jpg" alt="Product Image"></a><p>Listerine Total Care Anticavity Fluoride Mouthwash, 6 Benefits in 1 Oral Rinse Helps Kill 99% of Bad Breath Germs, Prevents Cavities, Strengthens Teeth, ADA-Accepted, Fresh Mint, 1 L</p><p> -26% 0FF </p><p>$8.79 ($0.27 / fluid ounce(s))</p><a href="https://www.amazon.com/dp/B00495Q5OW?tag=eloabder-20&linkCode=osi&th=1&psc=1">View Product</a></div>

<div class="product"><a href="https://www.amazon.com/dp/B0FS2XTBJW?tag=eloabder-20&linkCode=osi&th=1&psc=1"><img src="https://m.media-amazon.com/images/I/413BHekXfiL._SL500_.jpg" alt="Product Image"></a><p>ZHIXJIA Knee Massager with Heat, 3-in-1 Smart Portable, 3 Vibration Modes and 3 Heating Levels LED Vitality Joints Knee Massager, Gift for Men and Women, Black</p><p> -78% 0FF </p><p>$99.99 ($99.99 / Count)</p><a href="https://www.amazon.com/dp/B0FS2XTBJW?tag=eloabder-20&linkCode=osi&th=1&psc=1">View Product</a></div><div class="product"><a href="https://www.amazon.com/dp/B0FHQ3WV4L?tag=eloabder-20&linkCode=osi&th=1&psc=1"><img src="https://m.media-amazon.com/images/I/412JLGi0PiL._SL500_.jpg" alt="Product Image"></a><p>DUBSTAR 3-in-1 Pill Crusher Pill Grinder, Pill Crusher Fine Powder with Brush, Pill Crushers for Elderly with Pill Cutter and Storage, Pill Cutter Splitter for Small or Large Pills (Green)</p><p> -29% 0FF </p><p>$9.99 ($9.99 / Count)</p><a href="https://www.amazon.com/dp/B0FHQ3WV4L?tag=eloabder-20&linkCode=osi&th=1&psc=1">View Product</a></div><div class="product"><a href="https://www.amazon.com/dp/B0FR4SPYFK?tag=eloabder-20&linkCode=osi&th=1&psc=1"><img src="https://m.media-amazon.com/images/I/41+owzP2llL._SL500_.jpg" alt="Product Image"></a><p>DEPAD Adjustable Pill Cutters Splitter for Small and Tiny Pills with Accurate Alignment, Pill Cutters for Small or Large Pills with Sharp Safe Blade</p><p> -23% 0FF </p><p>$9.99</p><a href="https://www.amazon.com/dp/B0FR4SPYFK?tag=eloabder-20&linkCode=osi&th=1&psc=1">View Product</a></div><div class="product"><a href="https://www.amazon.com/dp/B0F9NTTCWX?tag=eloabder-20&linkCode=osi&th=1&psc=1"><img src="https://m.media-amazon.com/images/I/51rTYaWSgtL._SL500_.jpg" alt="Product Image"></a><p>AUVON Dual Channel TENS Unit Muscle Stimulator Machine with 20 Modes, 2" and 2"x4" TENS Unit Electrode Pads (Red)</p><p> -28% 0FF </p><p>$25.99</p><a href="https://www.amazon.com/dp/B0F9NTTCWX?tag=eloabder-20&linkCode=osi&th=1&psc=1">View Product</a></div><div class="product"><a href="https://www.amazon.com/dp/B0D63FTHH4?tag=eloabder-20&linkCode=osi&th=1&psc=1"><img src="https://m.media-amazon.com/images/I/41Gu1013yRL._SL500_.jpg" alt="Product Image"></a><p>Yicotira 4 Pack Reusable Microfiber Mop Pads Compatible with Swiffer Sweeper - Dry Sweeping Cloths & Wet Pad Refills for Wet & Dry, Washable Pads Refills for Household Cleaning (Mop is not Included)</p><p> -34% 0FF </p><p>$8.54 ($2.14 / Count)</p><a href="https://www.amazon.com/dp/B0D63FTHH4?tag=eloabder-20&linkCode=osi&th=1&psc=1">View Product</a></div>
<div class="product"><a href="https://www.amazon.com/dp/B000ZLVUYO?tag=eloabder-20&linkCode=osi&th=1&psc=1"><img src="https://m.media-amazon.com/images/I/41CNAwwnEqL._SL500_.jpg" alt="Product Image"></a><p>It's A 10 Miracle Hair Mask, 8-Ounce</p><p> -16% 0FF </p><p>$25.99 ($3.25 / Fl Oz)</p><a href="https://www.amazon.com/dp/B000ZLVUYO?tag=eloabder-20&linkCode=osi&th=1&psc=1">View Product</a></div><div class="product"><a href="https://www.amazon.com/dp/B07VCGRBGT?tag=eloabder-20&linkCode=osi&th=1&psc=1"><img src="https://m.media-amazon.com/images/I/51QprRDhFoL._SL500_.jpg" alt="Product Image"></a><p>Palmer's Coconut Oil Formula Moisture Boost Protein Pack, Hair Treatment for Dry, Damaged, Over-Processed and Colored Hair, 2.1 Ounce (Pack of 12)</p><p> -67% 0FF </p><p>$11.09 ($0.92 / Ounce)</p><a href="https://www.amazon.com/dp/B07VCGRBGT?tag=eloabder-20&linkCode=osi&th=1&psc=1">View Product</a></div>
<div class="product"><a href="https://www.amazon.com/dp/B01A74442I?tag=eloabder-20&linkCode=osi&th=1&psc=1"><img src="https://m.media-amazon.com/images/I/51crUDqQzIL._SL500_.jpg" alt="Product Image"></a><p>Cliganic Organic Jojoba Oil, 100% Pure (4oz) | Moisturizing for Face, Hair, Skin & Nails | Natural Cold Pressed Hexane Free | Base Carrier Oil</p><p> -27% 0FF </p><p>$9.48 ($2.37 / Fl Oz)</p><a href="https://www.amazon.com/dp/B01A74442I?tag=eloabder-20&linkCode=osi&th=1&psc=1">View Product</a></div><div class="product"><a href="https://www.amazon.com/dp/B09PR9R9SL?tag=eloabder-20&linkCode=osi&th=1&psc=1"><img src="https://m.media-amazon.com/images/I/51EyKsoMSlL._SL500_.jpg" alt="Product Image"></a><p>KUKKA Rosemary Essential Oils - 4 Fl Oz - for Hair, Skin, Diffuser, Aromatherapy & DIY Soap Making Scent</p><p> -33% 0FF </p><p>$12.99 ($3.25 / Fl Oz)</p><a href="https://www.amazon.com/dp/B09PR9R9SL?tag=eloabder-20&linkCode=osi&th=1&psc=1">View Product</a></div><div class="product"><a href="https://www.amazon.com/dp/B004Z209HS?tag=eloabder-20&linkCode=osi&th=1&psc=1"><img src="https://m.media-amazon.com/images/I/41h5nZqdm+L._SL500_.jpg" alt="Product Image"></a><p>PURA D'OR 4 Oz ORGANIC Moroccan Argan Oil - USDA Certified 100% Pure & Cold Pressed Virgin Premium Grade Natural Moisturizer Treatment For Dry, Damaged Skin, Hair, Face, Body & Scalp - Men & Women</p><p> -12% 0FF </p><p>$14.99 ($3.75 / Fl Oz)</p><a href="https://www.amazon.com/dp/B004Z209HS?tag=eloabder-20&linkCode=osi&th=1&psc=1">View Product</a></div>
<div class="product"><a href="https://www.amazon.com/dp/B004YVDIAU?tag=eloabder-20&linkCode=osi&th=1&psc=1"><img src="https://m.media-amazon.com/images/I/313PkUEQj5L._SL500_.jpg" alt="Product Image"></a><p>Garnier Fructis Style Curl Sculpt Conditioning Cream Gel for Bounce & Moisture, 5.1 Fl Oz, 1 Count (Packaging May Vary)</p><p> -21% 0FF </p><p>$4.73 ($0.93 / Ounce)</p><a href="https://www.amazon.com/dp/B004YVDIAU?tag=eloabder-20&linkCode=osi&th=1&psc=1">View Product</a></div><div class="product"><a href="https://www.amazon.com/dp/B0002Z90RM?tag=eloabder-20&linkCode=osi&th=1&psc=1"><img src="https://m.media-amazon.com/images/I/31xKcrbq12L._SL500_.jpg" alt="Product Image"></a><p>RUSK Designer Collection Thick Body and Texture Amplifier Spray, 6 Oz, For Fine, Limp, Flat or Lazy Hair Types - Contains Wheat Protein, Adds Strength, Texture, Volume & Moisture</p><p> -5% 0FF </p><p>$17.50 ($2.92 / Fl Oz)</p><a href="https://www.amazon.com/dp/B0002Z90RM?tag=eloabder-20&linkCode=osi&th=1&psc=1">View Product</a></div><div class="product"><a href="https://www.amazon.com/dp/B0013NE2Y8?tag=eloabder-20&linkCode=osi&th=1&psc=1"><img src="https://m.media-amazon.com/images/I/31A8kEJJlIL._SL500_.jpg" alt="Product Image"></a><p>John Frieda Frizz Ease Original Hair Serum, Protecting Against Frizz, Heat, and Humidity While Adding Shine, Smooths Strands and Hydrates Parched Hair with Argan, Coconut, and Moringa Oil, 1.69 Oz</p><p> -33% 0FF </p><p>$8.01 ($4.74 / Fl Oz)</p><a href="https://www.amazon.com/dp/B0013NE2Y8?tag=eloabder-20&linkCode=osi&th=1&psc=1">View Product</a></div>
<div class="product"><a href="https://www.amazon.com/dp/B004BYSR6K?tag=eloabder-20&linkCode=osi&th=1&psc=1"><img src="https://m.media-amazon.com/images/I/41RMAGucP7L._SL500_.jpg" alt="Product Image"></a><p>L'Oreal Paris Excellence Crème Permanent Hair Dye, Triple Care Hair Color with Pro-Keratine Complex for 100% Gray Hair Coverage, 5 Medium Brown, 1 Kit</p><p> -23% 0FF </p><p>$9.98</p><a href="https://www.amazon.com/dp/B004BYSR6K?tag=eloabder-20&linkCode=osi&th=1&psc=1">View Product</a></div><div class="product"><a href="https://www.amazon.com/dp/B00006JN4P?tag=eloabder-20&linkCode=osi&th=1&psc=1"><img src="https://m.media-amazon.com/images/I/51mGD8V4I7L._SL500_.jpg" alt="Product Image"></a><p>L'Oreal Paris Superior Preference Fade-Defying + Shine Permanent Hair Color, 8 Medium Blonde, Pack of 1, Hair Dye</p><p> -36% 0FF </p><p>$8.97</p><a href="https://www.amazon.com/dp/B00006JN4P?tag=eloabder-20&linkCode=osi&th=1&psc=1">View Product</a></div><div class="product"><a href="https://www.amazon.com/dp/B000KOU7FE?tag=eloabder-20&linkCode=osi&th=1&psc=1"><img src="https://m.media-amazon.com/images/I/51BV0dgoMnL._SL500_.jpg" alt="Product Image"></a><p>L'Oreal Paris Feria Multi-Faceted Shimmering Permanent Hair Color, B61 Downtown Brown (Hi-Lift Cool Brown), Pack of 1, Hair Dye</p><p> -7% 0FF </p><p>$12.97</p><a href="https://www.amazon.com/dp/B000KOU7FE?tag=eloabder-20&linkCode=osi&th=1&psc=1">View Product</a></div><div class="product"><a href="https://www.amazon.com/dp/B003AYEGGW?tag=eloabder-20&linkCode=osi&th=1&psc=1"><img src="https://m.media-amazon.com/images/I/41usJCtVqUL._SL500_.jpg" alt="Product Image"></a><p>Clairol Root Touch-Up by Nice'n Easy Permanent Hair Dye, 2 Black Hair Color, Pack of 2</p><p> -6% 0FF </p><p>$15.96 ($7.25 / Fl Oz)</p><a href="https://www.amazon.com/dp/B003AYEGGW?tag=eloabder-20&linkCode=osi&th=1&psc=1">View Product</a></div><div class="product"><a href="https://www.amazon.com/dp/B000NSW0EI?tag=eloabder-20&linkCode=osi&th=1&psc=1"><img src="https://m.media-amazon.com/images/I/51ZOUeoIXAS._SL500_.jpg" alt="Product Image"></a><p>Just For Men Shampoo In Color, Hair Color for Men with Keratin and Vitamin E for Stronger Hair, Restores Natural Hair Color, Medium Brown, H-35, Pack of 3</p><p> -10% 0FF </p><p>$26.88</p><a href="https://www.amazon.com/dp/B000NSW0EI?tag=eloabder-20&linkCode=osi&th=1&psc=1">View Product</a></div><div class="product"><a href="https://www.amazon.com/dp/B004DKB08E?tag=eloabder-20&linkCode=osi&th=1&psc=1"><img src="https://m.media-amazon.com/images/I/41dA53oe85L._SL500_.jpg" alt="Product Image"></a><p>John Frieda Precision Foam Colour, Medium Natural Brown 5N, Full-coverage Hair Color Kit, Anti-Fade Gray Coverage, Deep Color Saturation Hair Dye, 1 Application</p><p> -8% 0FF </p><p>$11.92</p><a href="https://www.amazon.com/dp/B004DKB08E?tag=eloabder-20&linkCode=osi&th=1&psc=1">View Product</a></div><div class="product"><a href="https://www.amazon.com/dp/B000KOHSQA?tag=eloabder-20&linkCode=osi&th=1&psc=1"><img src="https://m.media-amazon.com/images/I/51voB2QwdLL._SL500_.jpg" alt="Product Image"></a><p>L'Oreal Paris Couleur Experte 2-Step Home Hair Color and Highlights Kit, French Éclair</p><p> -18% 0FF </p><p>$13.97</p><a href="https://www.amazon.com/dp/B000KOHSQA?tag=eloabder-20&linkCode=osi&th=1&psc=1">View Product</a></div>
<div class="product"><a href="https://www.amazon.com/dp/B005CSYTCU?tag=eloabder-20&linkCode=osi&th=1&psc=1"><img src="https://m.media-amazon.com/images/I/41og7wvl2GL._SL500_.jpg" alt="Product Image"></a><p>Goody Ouchless Polyband Hair Ties - 250 Ct, Clear, Latex Hair Bands for Women's Hair, Easy Glide, Ultra-Strong Hold Hair Accessories for Women & Men, Secure Hold Ridge Design, All Hair Types</p><p> -19% 0FF </p><p>$3.19 ($0.01 / Count)</p><a href="https://www.amazon.com/dp/B005CSYTCU?tag=eloabder-20&linkCode=osi&th=1&psc=1">View Product</a></div><div class="product"><a href="https://www.amazon.com/dp/B00CGN9LQ8?tag=eloabder-20&linkCode=osi&th=1&psc=1"><img src="https://m.media-amazon.com/images/I/41LhEO75hIL._SL500_.jpg" alt="Product Image"></a><p>Crave Naturals Glide Thru Hair Brush - Detangler Brush for Curly, Straight, Wet or Dry Hair - Gentle Detangling Brushes for Adults, Kids, Toddlers - Hair Accessories for Women, 7.5x3 - Pink</p><p> -47% 0FF </p><p>$8.49</p><a href="https://www.amazon.com/dp/B00CGN9LQ8?tag=eloabder-20&linkCode=osi&th=1&psc=1">View Product</a></div><div class="product"><a href="https://www.amazon.com/dp/B00DLWO7D0?tag=eloabder-20&linkCode=osi&th=1&psc=1"><img src="https://m.media-amazon.com/images/I/31ISZI2zfzL._SL500_.jpg" alt="Product Image"></a><p>Goody Smooth and Sleek Wood Styling Brush with Natural Boar Bristles, Flyaway Free Finish, For All Hair Types, Brown, 1CT</p><p> -20% 0FF </p><p>$4.62</p><a href="https://www.amazon.com/dp/B00DLWO7D0?tag=eloabder-20&linkCode=osi&th=1&psc=1">View Product</a></div>
<div class="product"><a href="https://www.amazon.com/dp/B00HFQQ0VU?tag=eloabder-20&linkCode=osi&th=1&psc=1"><img src="https://m.media-amazon.com/images/I/41J4CJ+ERsL._SL500_.jpg" alt="Product Image"></a><p>Waterpik Aquarius Water Flosser For Teeth Cleaning, Gums, Braces, Dental Care, Electric Power With 10 Settings, 7 Tips For Multiple Users And Needs, ADA Accepted, White WP-660, Packaging May Vary</p><p> -20% 0FF </p><p>$79.99</p><a href="https://www.amazon.com/dp/B00HFQQ0VU?tag=eloabder-20&linkCode=osi&th=1&psc=1">View Product</a></div><div class="product"><a href="https://www.amazon.com/dp/B000QXH4PK?tag=eloabder-20&linkCode=osi&th=1&psc=1"><img src="https://m.media-amazon.com/images/I/41BYUSQaRKL._SL500_.jpg" alt="Product Image"></a><p>Listerine PocketPaks Cool Mint Breath Strips, Portable Pocket-Sized Oral Care Mouth Freshener, Dissolving Strips Kill 99% of Bad Breath Germs, Sugar Free, 3 x 24-Strip Packs</p><p> -18% 0FF </p><p>$5.72 ($0.08 / Count)</p><a href="https://www.amazon.com/dp/B000QXH4PK?tag=eloabder-20&linkCode=osi&th=1&psc=1">View Product</a></div><div class="product"><a href="https://www.amazon.com/dp/B07LGSYTLM?tag=eloabder-20&linkCode=osi&th=1&psc=1"><img src="https://m.media-amazon.com/images/I/31YRxbr1qCL._SL500_.jpg" alt="Product Image"></a><p>DenTek Professional Oral Care Kit, Complete Set of Dental Tools Including Mirror, Dental Pick, Scaler & Stimulator</p><p> -9% 0FF </p><p>$6.39</p><a href="https://www.amazon.com/dp/B07LGSYTLM?tag=eloabder-20&linkCode=osi&th=1&psc=1">View Product</a></div><div class="product"><a href="https://www.amazon.com/dp/B01LAY47D0?tag=eloabder-20&linkCode=osi&th=1&psc=1"><img src="https://m.media-amazon.com/images/I/41y93UxXRvL._SL500_.jpg" alt="Product Image"></a><p>MasterMedi Tongue Scraper for Adults with Multicolor Travel Cases (2 Pack), 100% Stainless Steel, Reduce Bad Breath, Tongue Scrubber, Easy to Use, Tongue Cleaner for Oral Care & Hygiene</p><p> -34% 0FF </p><p>$9.95 ($4.98 / Count)</p><a href="https://www.amazon.com/dp/B01LAY47D0?tag=eloabder-20&linkCode=osi&th=1&psc=1">View Product</a></div>
<div class="product"><a href="https://www.amazon.com/dp/B09F8FZ18G?tag=eloabder-20&linkCode=osi&th=1&psc=1"><img src="https://m.media-amazon.com/images/I/51WkgqQXqCL._SL500_.jpg" alt="Product Image"></a><p>Crest 3D White Advanced Luminous Mint Teeth Whitening Toothpaste, Crest Toothpaste, 3.7 oz Pack of 4 - Helps Remove Surface Stains, Whitens Teeth, Strengthens Tooth Enamel, Protects Against Cavities</p><p> -20% 0FF </p><p>$11.99 ($0.81 / Ounce)</p><a href="https://www.amazon.com/dp/B09F8FZ18G?tag=eloabder-20&linkCode=osi&th=1&psc=1">View Product</a></div><div class="product"><a href="https://www.amazon.com/dp/B083JHCCV2?tag=eloabder-20&linkCode=osi&th=1&psc=1"><img src="https://m.media-amazon.com/images/I/31ppsn+WAqL._SL500_.jpg" alt="Product Image"></a><p>Boka Fluoride Free Toothpaste, Nano Hydroxyapatite Toothpaste, Appropriate for Sensitive Teeth - for Adult, Kids Oral Care - Ela Mint Flavor, 4 Fl Oz 1Pk US Manufactured</p><p> -10% 0FF </p><p>$11.75 ($2.94 / Ounce)</p><a href="https://www.amazon.com/dp/B083JHCCV2?tag=eloabder-20&linkCode=osi&th=1&psc=1">View Product</a></div><div class="product"><a href="https://www.amazon.com/dp/B0BLWLL3FV?tag=eloabder-20&linkCode=osi&th=1&psc=1"><img src="https://m.media-amazon.com/images/I/519IfsN7qIL._SL500_.jpg" alt="Product Image"></a><p>Colgate Total Whitening Toothpaste Paste, 5.1 oz, 4 Pack, Fluoride, Antibacterial, for Plaque, Gingivitis, Sensitivity, Stain Removal, Clinically Proven, Mint, Teeth Whitening, Stannous Fluoride</p><p> -10% 0FF </p><p>$14.38 ($0.70 / Fl Oz)</p><a href="https://www.amazon.com/dp/B0BLWLL3FV?tag=eloabder-20&linkCode=osi&th=1&psc=1">View Product</a></div>
<div class="product"><a href="https://www.amazon.com/dp/B00CC6XSRC?tag=eloabder-20&linkCode=osi&th=1&psc=1"><img src="https://m.media-amazon.com/images/I/41OKKVbMN-L._SL500_.jpg" alt="Product Image"></a><p>Colgate Extra Clean Toothbrush, Medium Toothbrush for Adults, 6 Pack</p><p> -10% 0FF </p><p>$4.96 ($0.83 / Count)</p><a href="https://www.amazon.com/dp/B00CC6XSRC?tag=eloabder-20&linkCode=osi&th=1&psc=1">View Product</a></div><div class="product"><a href="https://www.amazon.com/dp/B06XK2M3H3?tag=eloabder-20&linkCode=osi&th=1&psc=1"><img src="https://m.media-amazon.com/images/I/41tntn0c7BL._SL500_.jpg" alt="Product Image"></a><p>Oral-B 3D White Stain Eraser, 4 count SOFT manual tootbrush pack, Removes Stains, Whitens Teeth, Tongue and Cheek Cleaner</p><p> -12% 0FF </p><p>$7.92 ($1.98 / Count)</p><a href="https://www.amazon.com/dp/B06XK2M3H3?tag=eloabder-20&linkCode=osi&th=1&psc=1">View Product</a></div><div class="product"><a href="https://www.amazon.com/dp/B00H88K9EE?tag=eloabder-20&linkCode=osi&th=1&psc=1"><img src="https://m.media-amazon.com/images/I/51ah-EIUbsL._SL500_.jpg" alt="Product Image"></a><p>Colgate 360 Whole Mouth Toothbrush, Adult Toothbrushes Medium Bristles, Helps Remove Bad Breath Bacteria and Plaque, Medium Toothbrush Pack, Includes Cheek and Tongue Cleaner, 4 Pack</p><p> -18% 0FF </p><p>$8.19 ($2.05 / Count)</p><a href="https://www.amazon.com/dp/B00H88K9EE?tag=eloabder-20&linkCode=osi&th=1&psc=1">View Product</a></div><div class="product"><a href="https://www.amazon.com/dp/B003CP12QG?tag=eloabder-20&linkCode=osi&th=1&psc=1"><img src="https://m.media-amazon.com/images/I/41LPe-bdnPL._SL500_.jpg" alt="Product Image"></a><p>Oral-B Pulsar Pro-Health Expert Clean, Battery electric toothbrush, 2 count MEDIUM toothbrush pack, removes plaque, travel essentials tooth brush</p><p> -22% 0FF </p><p>$10.97 ($5.48 / Count)</p><a href="https://www.amazon.com/dp/B003CP12QG?tag=eloabder-20&linkCode=osi&th=1&psc=1">View Product</a></div>
<div class="product"><a href="https://www.amazon.com/dp/B0C881GLNM?tag=eloabder-20&linkCode=osi&th=1&psc=1"><img src="https://m.media-amazon.com/images/I/51C2ohy2RWL._SL500_.jpg" alt="Product Image"></a><p>Crest Pro-Health Advanced Mouthwash, Alcohol Free, Multi-Protection, Fresh Mint, 1 L (33.8 fl oz), Pack of 2, Blue</p><p> -9% 0FF </p><p>$10.97 ($0.16 / Fl Oz)</p><a href="https://www.amazon.com/dp/B0C881GLNM?tag=eloabder-20&linkCode=osi&th=1&psc=1">View Product</a></div><div class="product"><a href="https://www.amazon.com/dp/B005IHSPLQ?tag=eloabder-20&linkCode=osi&th=1&psc=1"><img src="https://m.media-amazon.com/images/I/31U2umAytxL._SL500_.jpg" alt="Product Image"></a><p>Listerine Alcohol-Free Mouthwash, Non Alcoholic Mint Oral Rinse Kills 99.9% of Germs That Cause Bad Breath for a Fresh Breath & Clean Mouth, Less Intense Taste, Cool Mint Flavor, 1 L</p><p> -25% 0FF </p><p>$6.99 ($0.21 / Fl Oz)</p><a href="https://www.amazon.com/dp/B005IHSPLQ?tag=eloabder-20&linkCode=osi&th=1&psc=1">View Product</a></div><div class="product"><a href="https://www.amazon.com/dp/B0126XBQK6?tag=eloabder-20&linkCode=osi&th=1&psc=1"><img src="https://m.media-amazon.com/images/I/51dT1Mhf3zL._SL500_.jpg" alt="Product Image"></a><p>Crest Pro-Health Advanced Mouthwash, Alcohol Free, Extra Whitening, Energizing Mint Flavor, 946 mL (32 fl oz)</p><p> -20% 0FF </p><p>$7.17 ($0.22 / Fl Oz)</p><a href="https://www.amazon.com/dp/B0126XBQK6?tag=eloabder-20&linkCode=osi&th=1&psc=1">View Product</a></div><div class="product"><a href="https://www.amazon.com/dp/B00495Q5OW?tag=eloabder-20&linkCode=osi&th=1&psc=1"><img src="https://m.media-amazon.com/images/I/41U0hz++OHL._SL500_.jpg" alt="Product Image"></a><p>Listerine Total Care Anticavity Fluoride Mouthwash, 6 Benefits in 1 Oral Rinse Helps Kill 99% of Bad Breath Germs, Prevents Cavities, Strengthens Teeth, ADA-Accepted, Fresh Mint, 1 L</p><p> -26% 0FF </p><p>$8.79 ($0.27 / fluid ounce(s))</p><a href="https://www.amazon.com/dp/B00495Q5OW?tag=eloabder-20&linkCode=osi&th=1&psc=1">View Product</a></div>
<div class="product"><a href="https://www.amazon.com/dp/B013OKRGWW?tag=eloabder-20&linkCode=osi&th=1&psc=1"><img src="https://m.media-amazon.com/images/I/31s8V2M+RVL._SL500_.jpg" alt="Product Image"></a><p>REACH Waxed Dental Floss, Mint, Plaque Remover for Teeth, Shred Resistant, Floss Slides Smoothly, Easy to Use, Waxed, Deep Cleaning Teeth, Oral Care, PFAS Free, for Adults & Kids, 1 Pack, 55 yd</p><p> -13% 0FF </p><p>$1.29 ($0.01 / Foot)</p><a href="https://www.amazon.com/dp/B013OKRGWW?tag=eloabder-20&linkCode=osi&th=1&psc=1">View Product</a></div><div class="product"><a href="https://www.amazon.com/dp/B014KZLWX4?tag=eloabder-20&linkCode=osi&th=1&psc=1"><img src="https://m.media-amazon.com/images/I/41GyDUKvKAL._SL500_.jpg" alt="Product Image"></a><p>REACH Waxed Dental Floss, Mint, Plaque Remover for Teeth, Shred Resistant, Floss Slides Smoothly, Easy to Use, Waxed, Deep Cleaning Teeth, Oral Care, PFAS Free, for Adults & Kids, 6 Pack, 55 yd</p><p> -13% 0FF </p><p>$10.74 ($0.01 / Foot)</p><a href="https://www.amazon.com/dp/B014KZLWX4?tag=eloabder-20&linkCode=osi&th=1&psc=1">View Product</a></div><div class="product"><a href="https://www.amazon.com/dp/B00UB7BO16?tag=eloabder-20&linkCode=osi&th=1&psc=1"><img src="https://m.media-amazon.com/images/I/41aZF2HKXrL._SL500_.jpg" alt="Product Image"></a><p>Oral-B Glide Complete Floss Picks, Dental Floss Picks, Scope Outlast, 75-ct, Toothpicks Floss Picks</p><p> -20% 0FF </p><p>$3.96 ($0.05 / Count)</p><a href="https://www.amazon.com/dp/B00UB7BO16?tag=eloabder-20&linkCode=osi&th=1&psc=1">View Product</a></div><div class="product"><a href="https://www.amazon.com/dp/B003K01BMI?tag=eloabder-20&linkCode=osi&th=1&psc=1"><img src="https://m.media-amazon.com/images/I/41r6iQVxOzL._SL500_.jpg" alt="Product Image"></a><p>DenTek Triple Clean Advanced Clean Floss Picks, No Break & No Shred Floss, 150 Count, (Packaging May Vary)</p><p> -31% 0FF </p><p>$4.15 ($0.03 / Count)</p><a href="https://www.amazon.com/dp/B003K01BMI?tag=eloabder-20&linkCode=osi&th=1&psc=1">View Product</a></div><div class="product"><a href="https://www.amazon.com/dp/B07WFX1WD2?tag=eloabder-20&linkCode=osi&th=1&psc=1"><img src="https://m.media-amazon.com/images/I/51lqCql47sL._SL500_.jpg" alt="Product Image"></a><p>Oral-B Glide Dental Floss, Scope Flavor, 40m (Pack of 6)</p><p> -20% 0FF </p><p>$15.96 ($0.02 / Foot)</p><a href="https://www.amazon.com/dp/B07WFX1WD2?tag=eloabder-20&linkCode=osi&th=1&psc=1">View Product</a></div>

<div class="product"><a href="https://www.amazon.com/dp/B0FS2XTBJW?tag=eloabder-20&linkCode=osi&th=1&psc=1"><img src="https://m.media-amazon.com/images/I/413BHekXfiL._SL500_.jpg" alt="Product Image"></a><p>ZHIXJIA Knee Massager with Heat, 3-in-1 Smart Portable, 3 Vibration Modes and 3 Heating Levels LED Vitality Joints Knee Massager, Gift for Men and Women, Black</p><p> -78% 0FF </p><p>$99.99 ($99.99 / Count)</p><a href="https://www.amazon.com/dp/B0FS2XTBJW?tag=eloabder-20&linkCode=osi&th=1&psc=1">View Product</a></div><div class="product"><a href="https://www.amazon.com/dp/B0FHQ3WV4L?tag=eloabder-20&linkCode=osi&th=1&psc=1"><img src="https://m.media-amazon.com/images/I/412JLGi0PiL._SL500_.jpg" alt="Product Image"></a><p>DUBSTAR 3-in-1 Pill Crusher Pill Grinder, Pill Crusher Fine Powder with Brush, Pill Crushers for Elderly with Pill Cutter and Storage, Pill Cutter Splitter for Small or Large Pills (Green)</p><p> -29% 0FF </p><p>$9.99 ($9.99 / Count)</p><a href="https://www.amazon.com/dp/B0FHQ3WV4L?tag=eloabder-20&linkCode=osi&th=1&psc=1">View Product</a></div><div class="product"><a href="https://www.amazon.com/dp/B0FR4SPYFK?tag=eloabder-20&linkCode=osi&th=1&psc=1"><img src="https://m.media-amazon.com/images/I/41+owzP2llL._SL500_.jpg" alt="Product Image"></a><p>DEPAD Adjustable Pill Cutters Splitter for Small and Tiny Pills with Accurate Alignment, Pill Cutters for Small or Large Pills with Sharp Safe Blade</p><p> -23% 0FF </p><p>$9.99</p><a href="https://www.amazon.com/dp/B0FR4SPYFK?tag=eloabder-20&linkCode=osi&th=1&psc=1">View Product</a></div><div class="product"><a href="https://www.amazon.com/dp/B0F9NTTCWX?tag=eloabder-20&linkCode=osi&th=1&psc=1"><img src="https://m.media-amazon.com/images/I/51rTYaWSgtL._SL500_.jpg" alt="Product Image"></a><p>AUVON Dual Channel TENS Unit Muscle Stimulator Machine with 20 Modes, 2" and 2"x4" TENS Unit Electrode Pads (Red)</p><p> -28% 0FF </p><p>$25.99</p><a href="https://www.amazon.com/dp/B0F9NTTCWX?tag=eloabder-20&linkCode=osi&th=1&psc=1">View Product</a></div><div class="product"><a href="https://www.amazon.com/dp/B0D63FTHH4?tag=eloabder-20&linkCode=osi&th=1&psc=1"><img src="https://m.media-amazon.com/images/I/41Gu1013yRL._SL500_.jpg" alt="Product Image"></a><p>Yicotira 4 Pack Reusable Microfiber Mop Pads Compatible with Swiffer Sweeper - Dry Sweeping Cloths & Wet Pad Refills for Wet & Dry, Washable Pads Refills for Household Cleaning (Mop is not Included)</p><p> -34% 0FF </p><p>$8.54 ($2.14 / Count)</p><a href="https://www.amazon.com/dp/B0D63FTHH4?tag=eloabder-20&linkCode=osi&th=1&psc=1">View Product</a></div>
<div class="product"><a href="https://www.amazon.com/dp/B000ZLVUYO?tag=eloabder-20&linkCode=osi&th=1&psc=1"><img src="https://m.media-amazon.com/images/I/41CNAwwnEqL._SL500_.jpg" alt="Product Image"></a><p>It's A 10 Miracle Hair Mask, 8-Ounce</p><p> -16% 0FF </p><p>$25.99 ($3.25 / Fl Oz)</p><a href="https://www.amazon.com/dp/B000ZLVUYO?tag=eloabder-20&linkCode=osi&th=1&psc=1">View Product</a></div><div class="product"><a href="https://www.amazon.com/dp/B07VCGRBGT?tag=eloabder-20&linkCode=osi&th=1&psc=1"><img src="https://m.media-amazon.com/images/I/51QprRDhFoL._SL500_.jpg" alt="Product Image"></a><p>Palmer's Coconut Oil Formula Moisture Boost Protein Pack, Hair Treatment for Dry, Damaged, Over-Processed and Colored Hair, 2.1 Ounce (Pack of 12)</p><p> -67% 0FF </p><p>$11.09 ($0.92 / Ounce)</p><a href="https://www.amazon.com/dp/B07VCGRBGT?tag=eloabder-20&linkCode=osi&th=1&psc=1">View Product</a></div>
<div class="product"><a href="https://www.amazon.com/dp/B01A74442I?tag=eloabder-20&linkCode=osi&th=1&psc=1"><img src="https://m.media-amazon.com/images/I/51crUDqQzIL._SL500_.jpg" alt="Product Image"></a><p>Cliganic Organic Jojoba Oil, 100% Pure (4oz) | Moisturizing for Face, Hair, Skin & Nails | Natural Cold Pressed Hexane Free | Base Carrier Oil</p><p> -27% 0FF </p><p>$9.48 ($2.37 / Fl Oz)</p><a href="https://www.amazon.com/dp/B01A74442I?tag=eloabder-20&linkCode=osi&th=1&psc=1">View Product</a></div><div class="product"><a href="https://www.amazon.com/dp/B09PR9R9SL?tag=eloabder-20&linkCode=osi&th=1&psc=1"><img src="https://m.media-amazon.com/images/I/51EyKsoMSlL._SL500_.jpg" alt="Product Image"></a><p>KUKKA Rosemary Essential Oils - 4 Fl Oz - for Hair, Skin, Diffuser, Aromatherapy & DIY Soap Making Scent</p><p> -33% 0FF </p><p>$12.99 ($3.25 / Fl Oz)</p><a href="https://www.amazon.com/dp/B09PR9R9SL?tag=eloabder-20&linkCode=osi&th=1&psc=1">View Product</a></div><div class="product"><a href="https://www.amazon.com/dp/B004Z209HS?tag=eloabder-20&linkCode=osi&th=1&psc=1"><img src="https://m.media-amazon.com/images/I/41h5nZqdm+L._SL500_.jpg" alt="Product Image"></a><p>PURA D'OR 4 Oz ORGANIC Moroccan Argan Oil - USDA Certified 100% Pure & Cold Pressed Virgin Premium Grade Natural Moisturizer Treatment For Dry, Damaged Skin, Hair, Face, Body & Scalp - Men & Women</p><p> -12% 0FF </p><p>$14.99 ($3.75 / Fl Oz)</p><a href="https://www.amazon.com/dp/B004Z209HS?tag=eloabder-20&linkCode=osi&th=1&psc=1">View Product</a></div>
<div class="product"><a href="https://www.amazon.com/dp/B004YVDIAU?tag=eloabder-20&linkCode=osi&th=1&psc=1"><img src="https://m.media-amazon.com/images/I/313PkUEQj5L._SL500_.jpg" alt="Product Image"></a><p>Garnier Fructis Style Curl Sculpt Conditioning Cream Gel for Bounce & Moisture, 5.1 Fl Oz, 1 Count (Packaging May Vary)</p><p> -21% 0FF </p><p>$4.73 ($0.93 / Ounce)</p><a href="https://www.amazon.com/dp/B004YVDIAU?tag=eloabder-20&linkCode=osi&th=1&psc=1">View Product</a></div><div class="product"><a href="https://www.amazon.com/dp/B0002Z90RM?tag=eloabder-20&linkCode=osi&th=1&psc=1"><img src="https://m.media-amazon.com/images/I/31xKcrbq12L._SL500_.jpg" alt="Product Image"></a><p>RUSK Designer Collection Thick Body and Texture Amplifier Spray, 6 Oz, For Fine, Limp, Flat or Lazy Hair Types - Contains Wheat Protein, Adds Strength, Texture, Volume & Moisture</p><p> -5% 0FF </p><p>$17.50 ($2.92 / Fl Oz)</p><a href="https://www.amazon.com/dp/B0002Z90RM?tag=eloabder-20&linkCode=osi&th=1&psc=1">View Product</a></div><div class="product"><a href="https://www.amazon.com/dp/B0013NE2Y8?tag=eloabder-20&linkCode=osi&th=1&psc=1"><img src="https://m.media-amazon.com/images/I/31A8kEJJlIL._SL500_.jpg" alt="Product Image"></a><p>John Frieda Frizz Ease Original Hair Serum, Protecting Against Frizz, Heat, and Humidity While Adding Shine, Smooths Strands and Hydrates Parched Hair with Argan, Coconut, and Moringa Oil, 1.69 Oz</p><p> -33% 0FF </p><p>$8.01 ($4.74 / Fl Oz)</p><a href="https://www.amazon.com/dp/B0013NE2Y8?tag=eloabder-20&linkCode=osi&th=1&psc=1">View Product</a></div>
<div class="product"><a href="https://www.amazon.com/dp/B004BYSR6K?tag=eloabder-20&linkCode=osi&th=1&psc=1"><img src="https://m.media-amazon.com/images/I/41RMAGucP7L._SL500_.jpg" alt="Product Image"></a><p>L'Oreal Paris Excellence Crème Permanent Hair Dye, Triple Care Hair Color with Pro-Keratine Complex for 100% Gray Hair Coverage, 5 Medium Brown, 1 Kit</p><p> -23% 0FF </p><p>$9.98</p><a href="https://www.amazon.com/dp/B004BYSR6K?tag=eloabder-20&linkCode=osi&th=1&psc=1">View Product</a></div><div class="product"><a href="https://www.amazon.com/dp/B00006JN4P?tag=eloabder-20&linkCode=osi&th=1&psc=1"><img src="https://m.media-amazon.com/images/I/51mGD8V4I7L._SL500_.jpg" alt="Product Image"></a><p>L'Oreal Paris Superior Preference Fade-Defying + Shine Permanent Hair Color, 8 Medium Blonde, Pack of 1, Hair Dye</p><p> -36% 0FF </p><p>$8.97</p><a href="https://www.amazon.com/dp/B00006JN4P?tag=eloabder-20&linkCode=osi&th=1&psc=1">View Product</a></div><div class="product"><a href="https://www.amazon.com/dp/B000KOU7FE?tag=eloabder-20&linkCode=osi&th=1&psc=1"><img src="https://m.media-amazon.com/images/I/51BV0dgoMnL._SL500_.jpg" alt="Product Image"></a><p>L'Oreal Paris Feria Multi-Faceted Shimmering Permanent Hair Color, B61 Downtown Brown (Hi-Lift Cool Brown), Pack of 1, Hair Dye</p><p> -7% 0FF </p><p>$12.97</p><a href="https://www.amazon.com/dp/B000KOU7FE?tag=eloabder-20&linkCode=osi&th=1&psc=1">View Product</a></div><div class="product"><a href="https://www.amazon.com/dp/B003AYEGGW?tag=eloabder-20&linkCode=osi&th=1&psc=1"><img src="https://m.media-amazon.com/images/I/41usJCtVqUL._SL500_.jpg" alt="Product Image"></a><p>Clairol Root Touch-Up by Nice'n Easy Permanent Hair Dye, 2 Black Hair Color, Pack of 2</p><p> -6% 0FF </p><p>$15.96 ($7.25 / Fl Oz)</p><a href="https://www.amazon.com/dp/B003AYEGGW?tag=eloabder-20&linkCode=osi&th=1&psc=1">View Product</a></div><div class="product"><a href="https://www.amazon.com/dp/B000NSW0EI?tag=eloabder-20&linkCode=osi&th=1&psc=1"><img src="https://m.media-amazon.com/images/I/51ZOUeoIXAS._SL500_.jpg" alt="Product Image"></a><p>Just For Men Shampoo In Color, Hair Color for Men with Keratin and Vitamin E for Stronger Hair, Restores Natural Hair Color, Medium Brown, H-35, Pack of 3</p><p> -10% 0FF </p><p>$26.88</p><a href="https://www.amazon.com/dp/B000NSW0EI?tag=eloabder-20&linkCode=osi&th=1&psc=1">View Product</a></div><div class="product"><a href="https://www.amazon.com/dp/B004DKB08E?tag=eloabder-20&linkCode=osi&th=1&psc=1"><img src="https://m.media-amazon.com/images/I/41dA53oe85L._SL500_.jpg" alt="Product Image"></a><p>John Frieda Precision Foam Colour, Medium Natural Brown 5N, Full-coverage Hair Color Kit, Anti-Fade Gray Coverage, Deep Color Saturation Hair Dye, 1 Application</p><p> -8% 0FF </p><p>$11.92</p><a href="https://www.amazon.com/dp/B004DKB08E?tag=eloabder-20&linkCode=osi&th=1&psc=1">View Product</a></div><div class="product"><a href="https://www.amazon.com/dp/B000KOHSQA?tag=eloabder-20&linkCode=osi&th=1&psc=1"><img src="https://m.media-amazon.com/images/I/51voB2QwdLL._SL500_.jpg" alt="Product Image"></a><p>L'Oreal Paris Couleur Experte 2-Step Home Hair Color and Highlights Kit, French Éclair</p><p> -18% 0FF </p><p>$13.97</p><a href="https://www.amazon.com/dp/B000KOHSQA?tag=eloabder-20&linkCode=osi&th=1&psc=1">View Product</a></div>
<div class="product"><a href="https://www.amazon.com/dp/B005CSYTCU?tag=eloabder-20&linkCode=osi&th=1&psc=1"><img src="https://m.media-amazon.com/images/I/41og7wvl2GL._SL500_.jpg" alt="Product Image"></a><p>Goody Ouchless Polyband Hair Ties - 250 Ct, Clear, Latex Hair Bands for Women's Hair, Easy Glide, Ultra-Strong Hold Hair Accessories for Women & Men, Secure Hold Ridge Design, All Hair Types</p><p> -19% 0FF </p><p>$3.19 ($0.01 / Count)</p><a href="https://www.amazon.com/dp/B005CSYTCU?tag=eloabder-20&linkCode=osi&th=1&psc=1">View Product</a></div><div class="product"><a href="https://www.amazon.com/dp/B00CGN9LQ8?tag=eloabder-20&linkCode=osi&th=1&psc=1"><img src="https://m.media-amazon.com/images/I/41LhEO75hIL._SL500_.jpg" alt="Product Image"></a><p>Crave Naturals Glide Thru Hair Brush - Detangler Brush for Curly, Straight, Wet or Dry Hair - Gentle Detangling Brushes for Adults, Kids, Toddlers - Hair Accessories for Women, 7.5x3 - Pink</p><p> -47% 0FF </p><p>$8.49</p><a href="https://www.amazon.com/dp/B00CGN9LQ8?tag=eloabder-20&linkCode=osi&th=1&psc=1">View Product</a></div><div class="product"><a href="https://www.amazon.com/dp/B00DLWO7D0?tag=eloabder-20&linkCode=osi&th=1&psc=1"><img src="https://m.media-amazon.com/images/I/31ISZI2zfzL._SL500_.jpg" alt="Product Image"></a><p>Goody Smooth and Sleek Wood Styling Brush with Natural Boar Bristles, Flyaway Free Finish, For All Hair Types, Brown, 1CT</p><p> -20% 0FF </p><p>$4.62</p><a href="https://www.amazon.com/dp/B00DLWO7D0?tag=eloabder-20&linkCode=osi&th=1&psc=1">View Product</a></div>
<div class="product"><a href="https://www.amazon.com/dp/B00HFQQ0VU?tag=eloabder-20&linkCode=osi&th=1&psc=1"><img src="https://m.media-amazon.com/images/I/41J4CJ+ERsL._SL500_.jpg" alt="Product Image"></a><p>Waterpik Aquarius Water Flosser For Teeth Cleaning, Gums, Braces, Dental Care, Electric Power With 10 Settings, 7 Tips For Multiple Users And Needs, ADA Accepted, White WP-660, Packaging May Vary</p><p> -20% 0FF </p><p>$79.99</p><a href="https://www.amazon.com/dp/B00HFQQ0VU?tag=eloabder-20&linkCode=osi&th=1&psc=1">View Product</a></div><div class="product"><a href="https://www.amazon.com/dp/B000QXH4PK?tag=eloabder-20&linkCode=osi&th=1&psc=1"><img src="https://m.media-amazon.com/images/I/41BYUSQaRKL._SL500_.jpg" alt="Product Image"></a><p>Listerine PocketPaks Cool Mint Breath Strips, Portable Pocket-Sized Oral Care Mouth Freshener, Dissolving Strips Kill 99% of Bad Breath Germs, Sugar Free, 3 x 24-Strip Packs</p><p> -18% 0FF </p><p>$5.72 ($0.08 / Count)</p><a href="https://www.amazon.com/dp/B000QXH4PK?tag=eloabder-20&linkCode=osi&th=1&psc=1">View Product</a></div><div class="product"><a href="https://www.amazon.com/dp/B07LGSYTLM?tag=eloabder-20&linkCode=osi&th=1&psc=1"><img src="https://m.media-amazon.com/images/I/31YRxbr1qCL._SL500_.jpg" alt="Product Image"></a><p>DenTek Professional Oral Care Kit, Complete Set of Dental Tools Including Mirror, Dental Pick, Scaler & Stimulator</p><p> -9% 0FF </p><p>$6.39</p><a href="https://www.amazon.com/dp/B07LGSYTLM?tag=eloabder-20&linkCode=osi&th=1&psc=1">View Product</a></div><div class="product"><a href="https://www.amazon.com/dp/B01LAY47D0?tag=eloabder-20&linkCode=osi&th=1&psc=1"><img src="https://m.media-amazon.com/images/I/41y93UxXRvL._SL500_.jpg" alt="Product Image"></a><p>MasterMedi Tongue Scraper for Adults with Multicolor Travel Cases (2 Pack), 100% Stainless Steel, Reduce Bad Breath, Tongue Scrubber, Easy to Use, Tongue Cleaner for Oral Care & Hygiene</p><p> -34% 0FF </p><p>$9.95 ($4.98 / Count)</p><a href="https://www.amazon.com/dp/B01LAY47D0?tag=eloabder-20&linkCode=osi&th=1&psc=1">View Product</a></div>
<div class="product"><a href="https://www.amazon.com/dp/B09F8FZ18G?tag=eloabder-20&linkCode=osi&th=1&psc=1"><img src="https://m.media-amazon.com/images/I/51WkgqQXqCL._SL500_.jpg" alt="Product Image"></a><p>Crest 3D White Advanced Luminous Mint Teeth Whitening Toothpaste, Crest Toothpaste, 3.7 oz Pack of 4 - Helps Remove Surface Stains, Whitens Teeth, Strengthens Tooth Enamel, Protects Against Cavities</p><p> -20% 0FF </p><p>$11.99 ($0.81 / Ounce)</p><a href="https://www.amazon.com/dp/B09F8FZ18G?tag=eloabder-20&linkCode=osi&th=1&psc=1">View Product</a></div><div class="product"><a href="https://www.amazon.com/dp/B083JHCCV2?tag=eloabder-20&linkCode=osi&th=1&psc=1"><img src="https://m.media-amazon.com/images/I/31ppsn+WAqL._SL500_.jpg" alt="Product Image"></a><p>Boka Fluoride Free Toothpaste, Nano Hydroxyapatite Toothpaste, Appropriate for Sensitive Teeth - for Adult, Kids Oral Care - Ela Mint Flavor, 4 Fl Oz 1Pk US Manufactured</p><p> -10% 0FF </p><p>$11.75 ($2.94 / Ounce)</p><a href="https://www.amazon.com/dp/B083JHCCV2?tag=eloabder-20&linkCode=osi&th=1&psc=1">View Product</a></div><div class="product"><a href="https://www.amazon.com/dp/B0BLWLL3FV?tag=eloabder-20&linkCode=osi&th=1&psc=1"><img src="https://m.media-amazon.com/images/I/519IfsN7qIL._SL500_.jpg" alt="Product Image"></a><p>Colgate Total Whitening Toothpaste Paste, 5.1 oz, 4 Pack, Fluoride, Antibacterial, for Plaque, Gingivitis, Sensitivity, Stain Removal, Clinically Proven, Mint, Teeth Whitening, Stannous Fluoride</p><p> -10% 0FF </p><p>$14.38 ($0.70 / Fl Oz)</p><a href="https://www.amazon.com/dp/B0BLWLL3FV?tag=eloabder-20&linkCode=osi&th=1&psc=1">View Product</a></div>
<div class="product"><a href="https://www.amazon.com/dp/B00CC6XSRC?tag=eloabder-20&linkCode=osi&th=1&psc=1"><img src="https://m.media-amazon.com/images/I/41OKKVbMN-L._SL500_.jpg" alt="Product Image"></a><p>Colgate Extra Clean Toothbrush, Medium Toothbrush for Adults, 6 Pack</p><p> -10% 0FF </p><p>$4.96 ($0.83 / Count)</p><a href="https://www.amazon.com/dp/B00CC6XSRC?tag=eloabder-20&linkCode=osi&th=1&psc=1">View Product</a></div><div class="product"><a href="https://www.amazon.com/dp/B06XK2M3H3?tag=eloabder-20&linkCode=osi&th=1&psc=1"><img src="https://m.media-amazon.com/images/I/41tntn0c7BL._SL500_.jpg" alt="Product Image"></a><p>Oral-B 3D White Stain Eraser, 4 count SOFT manual tootbrush pack, Removes Stains, Whitens Teeth, Tongue and Cheek Cleaner</p><p> -12% 0FF </p><p>$7.92 ($1.98 / Count)</p><a href="https://www.amazon.com/dp/B06XK2M3H3?tag=eloabder-20&linkCode=osi&th=1&psc=1">View Product</a></div><div class="product"><a href="https://www.amazon.com/dp/B00H88K9EE?tag=eloabder-20&linkCode=osi&th=1&psc=1"><img src="https://m.media-amazon.com/images/I/51ah-EIUbsL._SL500_.jpg" alt="Product Image"></a><p>Colgate 360 Whole Mouth Toothbrush, Adult Toothbrushes Medium Bristles, Helps Remove Bad Breath Bacteria and Plaque, Medium Toothbrush Pack, Includes Cheek and Tongue Cleaner, 4 Pack</p><p> -18% 0FF </p><p>$8.19 ($2.05 / Count)</p><a href="https://www.amazon.com/dp/B00H88K9EE?tag=eloabder-20&linkCode=osi&th=1&psc=1">View Product</a></div><div class="product"><a href="https://www.amazon.com/dp/B003CP12QG?tag=eloabder-20&linkCode=osi&th=1&psc=1"><img src="https://m.media-amazon.com/images/I/41LPe-bdnPL._SL500_.jpg" alt="Product Image"></a><p>Oral-B Pulsar Pro-Health Expert Clean, Battery electric toothbrush, 2 count MEDIUM toothbrush pack, removes plaque, travel essentials tooth brush</p><p> -22% 0FF </p><p>$10.97 ($5.48 / Count)</p><a href="https://www.amazon.com/dp/B003CP12QG?tag=eloabder-20&linkCode=osi&th=1&psc=1">View Product</a></div>
<div class="product"><a href="https://www.amazon.com/dp/B0C881GLNM?tag=eloabder-20&linkCode=osi&th=1&psc=1"><img src="https://m.media-amazon.com/images/I/51C2ohy2RWL._SL500_.jpg" alt="Product Image"></a><p>Crest Pro-Health Advanced Mouthwash, Alcohol Free, Multi-Protection, Fresh Mint, 1 L (33.8 fl oz), Pack of 2, Blue</p><p> -9% 0FF </p><p>$10.97 ($0.16 / Fl Oz)</p><a href="https://www.amazon.com/dp/B0C881GLNM?tag=eloabder-20&linkCode=osi&th=1&psc=1">View Product</a></div><div class="product"><a href="https://www.amazon.com/dp/B005IHSPLQ?tag=eloabder-20&linkCode=osi&th=1&psc=1"><img src="https://m.media-amazon.com/images/I/31U2umAytxL._SL500_.jpg" alt="Product Image"></a><p>Listerine Alcohol-Free Mouthwash, Non Alcoholic Mint Oral Rinse Kills 99.9% of Germs That Cause Bad Breath for a Fresh Breath & Clean Mouth, Less Intense Taste, Cool Mint Flavor, 1 L</p><p> -25% 0FF </p><p>$6.99 ($0.21 / Fl Oz)</p><a href="https://www.amazon.com/dp/B005IHSPLQ?tag=eloabder-20&linkCode=osi&th=1&psc=1">View Product</a></div><div class="product"><a href="https://www.amazon.com/dp/B0126XBQK6?tag=eloabder-20&linkCode=osi&th=1&psc=1"><img src="https://m.media-amazon.com/images/I/51dT1Mhf3zL._SL500_.jpg" alt="Product Image"></a><p>Crest Pro-Health Advanced Mouthwash, Alcohol Free, Extra Whitening, Energizing Mint Flavor, 946 mL (32 fl oz)</p><p> -20% 0FF </p><p>$7.17 ($0.22 / Fl Oz)</p><a href="https://www.amazon.com/dp/B0126XBQK6?tag=eloabder-20&linkCode=osi&th=1&psc=1">View Product</a></div><div class="product"><a href="https://www.amazon.com/dp/B00495Q5OW?tag=eloabder-20&linkCode=osi&th=1&psc=1"><img src="https://m.media-amazon.com/images/I/41U0hz++OHL._SL500_.jpg" alt="Product Image"></a><p>Listerine Total Care Anticavity Fluoride Mouthwash, 6 Benefits in 1 Oral Rinse Helps Kill 99% of Bad Breath Germs, Prevents Cavities, Strengthens Teeth, ADA-Accepted, Fresh Mint, 1 L</p><p> -26% 0FF </p><p>$8.79 ($0.27 / fluid ounce(s))</p><a href="https://www.amazon.com/dp/B00495Q5OW?tag=eloabder-20&linkCode=osi&th=1&psc=1">View Product</a></div>
<div class="product"><a href="https://www.amazon.com/dp/B013OKRGWW?tag=eloabder-20&linkCode=osi&th=1&psc=1"><img src="https://m.media-amazon.com/images/I/31s8V2M+RVL._SL500_.jpg" alt="Product Image"></a><p>REACH Waxed Dental Floss, Mint, Plaque Remover for Teeth, Shred Resistant, Floss Slides Smoothly, Easy to Use, Waxed, Deep Cleaning Teeth, Oral Care, PFAS Free, for Adults & Kids, 1 Pack, 55 yd</p><p> -13% 0FF </p><p>$1.29 ($0.01 / Foot)</p><a href="https://www.amazon.com/dp/B013OKRGWW?tag=eloabder-20&linkCode=osi&th=1&psc=1">View Product</a></div><div class="product"><a href="https://www.amazon.com/dp/B014KZLWX4?tag=eloabder-20&linkCode=osi&th=1&psc=1"><img src="https://m.media-amazon.com/images/I/41GyDUKvKAL._SL500_.jpg" alt="Product Image"></a><p>REACH Waxed Dental Floss, Mint, Plaque Remover for Teeth, Shred Resistant, Floss Slides Smoothly, Easy to Use, Waxed, Deep Cleaning Teeth, Oral Care, PFAS Free, for Adults & Kids, 6 Pack, 55 yd</p><p> -13% 0FF </p><p>$10.74 ($0.01 / Foot)</p><a href="https://www.amazon.com/dp/B014KZLWX4?tag=eloabder-20&linkCode=osi&th=1&psc=1">View Product</a></div><div class="product"><a href="https://www.amazon.com/dp/B00UB7BO16?tag=eloabder-20&linkCode=osi&th=1&psc=1"><img src="https://m.media-amazon.com/images/I/41aZF2HKXrL._SL500_.jpg" alt="Product Image"></a><p>Oral-B Glide Complete Floss Picks, Dental Floss Picks, Scope Outlast, 75-ct, Toothpicks Floss Picks</p><p> -20% 0FF </p><p>$3.96 ($0.05 / Count)</p><a href="https://www.amazon.com/dp/B00UB7BO16?tag=eloabder-20&linkCode=osi&th=1&psc=1">View Product</a></div><div class="product"><a href="https://www.amazon.com/dp/B003K01BMI?tag=eloabder-20&linkCode=osi&th=1&psc=1"><img src="https://m.media-amazon.com/images/I/41r6iQVxOzL._SL500_.jpg" alt="Product Image"></a><p>DenTek Triple Clean Advanced Clean Floss Picks, No Break & No Shred Floss, 150 Count, (Packaging May Vary)</p><p> -31% 0FF </p><p>$4.15 ($0.03 / Count)</p><a href="https://www.amazon.com/dp/B003K01BMI?tag=eloabder-20&linkCode=osi&th=1&psc=1">View Product</a></div><div class="product"><a href="https://www.amazon.com/dp/B07WFX1WD2?tag=eloabder-20&linkCode=osi&th=1&psc=1"><img src="https://m.media-amazon.com/images/I/51lqCql47sL._SL500_.jpg" alt="Product Image"></a><p>Oral-B Glide Dental Floss, Scope Flavor, 40m (Pack of 6)</p><p> -20% 0FF </p><p>$15.96 ($0.02 / Foot)</p><a href="https://www.amazon.com/dp/B07WFX1WD2?tag=eloabder-20&linkCode=osi&th=1&psc=1">View Product</a></div>
<div class="product"><a href="https://www.amazon.com/dp/B0BVT76MFH?tag=eloabder-20&linkCode=osi&th=1&psc=1"><img src="https://m.media-amazon.com/images/I/419kJTfLfGL._SL500_.jpg" alt="Product Image"></a><p>Crest 3D Whitestrips Sensitive At-Home Teeth Whitening Kit, 18 Treatments, Gently Removes 15 Years of Stains, Crest Whitestrips, Teeth Whitening Kit</p><p> -44% 0FF </p><p>$27.85 ($1.55 / Count)</p><a href="https://www.amazon.com/dp/B0BVT76MFH?tag=eloabder-20&linkCode=osi&th=1&psc=1">View Product</a></div>

<div class="product"><a href="https://www.amazon.com/dp/B0FS2XTBJW?tag=eloabder-20&linkCode=osi&th=1&psc=1"><img src="https://m.media-amazon.com/images/I/413BHekXfiL._SL500_.jpg" alt="Product Image"></a><p>ZHIXJIA Knee Massager with Heat, 3-in-1 Smart Portable, 3 Vibration Modes and 3 Heating Levels LED Vitality Joints Knee Massager, Gift for Men and Women, Black</p><p> -78% 0FF </p><p>$99.99 ($99.99 / Count)</p><a href="https://www.amazon.com/dp/B0FS2XTBJW?tag=eloabder-20&linkCode=osi&th=1&psc=1">View Product</a></div><div class="product"><a href="https://www.amazon.com/dp/B0FHQ3WV4L?tag=eloabder-20&linkCode=osi&th=1&psc=1"><img src="https://m.media-amazon.com/images/I/412JLGi0PiL._SL500_.jpg" alt="Product Image"></a><p>DUBSTAR 3-in-1 Pill Crusher Pill Grinder, Pill Crusher Fine Powder with Brush, Pill Crushers for Elderly with Pill Cutter and Storage, Pill Cutter Splitter for Small or Large Pills (Green)</p><p> -29% 0FF </p><p>$9.99 ($9.99 / Count)</p><a href="https://www.amazon.com/dp/B0FHQ3WV4L?tag=eloabder-20&linkCode=osi&th=1&psc=1">View Product</a></div><div class="product"><a href="https://www.amazon.com/dp/B0FR4SPYFK?tag=eloabder-20&linkCode=osi&th=1&psc=1"><img src="https://m.media-amazon.com/images/I/41+owzP2llL._SL500_.jpg" alt="Product Image"></a><p>DEPAD Adjustable Pill Cutters Splitter for Small and Tiny Pills with Accurate Alignment, Pill Cutters for Small or Large Pills with Sharp Safe Blade</p><p> -23% 0FF </p><p>$9.99</p><a href="https://www.amazon.com/dp/B0FR4SPYFK?tag=eloabder-20&linkCode=osi&th=1&psc=1">View Product</a></div><div class="product"><a href="https://www.amazon.com/dp/B0F9NTTCWX?tag=eloabder-20&linkCode=osi&th=1&psc=1"><img src="https://m.media-amazon.com/images/I/51rTYaWSgtL._SL500_.jpg" alt="Product Image"></a><p>AUVON Dual Channel TENS Unit Muscle Stimulator Machine with 20 Modes, 2" and 2"x4" TENS Unit Electrode Pads (Red)</p><p> -28% 0FF </p><p>$25.99</p><a href="https://www.amazon.com/dp/B0F9NTTCWX?tag=eloabder-20&linkCode=osi&th=1&psc=1">View Product</a></div><div class="product"><a href="https://www.amazon.com/dp/B0D63FTHH4?tag=eloabder-20&linkCode=osi&th=1&psc=1"><img src="https://m.media-amazon.com/images/I/41Gu1013yRL._SL500_.jpg" alt="Product Image"></a><p>Yicotira 4 Pack Reusable Microfiber Mop Pads Compatible with Swiffer Sweeper - Dry Sweeping Cloths & Wet Pad Refills for Wet & Dry, Washable Pads Refills for Household Cleaning (Mop is not Included)</p><p> -34% 0FF </p><p>$8.54 ($2.14 / Count)</p><a href="https://www.amazon.com/dp/B0D63FTHH4?tag=eloabder-20&linkCode=osi&th=1&psc=1">View Product</a></div>
<div class="product"><a href="https://www.amazon.com/dp/B000ZLVUYO?tag=eloabder-20&linkCode=osi&th=1&psc=1"><img src="https://m.media-amazon.com/images/I/41CNAwwnEqL._SL500_.jpg" alt="Product Image"></a><p>It's A 10 Miracle Hair Mask, 8-Ounce</p><p> -16% 0FF </p><p>$25.99 ($3.25 / Fl Oz)</p><a href="https://www.amazon.com/dp/B000ZLVUYO?tag=eloabder-20&linkCode=osi&th=1&psc=1">View Product</a></div><div class="product"><a href="https://www.amazon.com/dp/B07VCGRBGT?tag=eloabder-20&linkCode=osi&th=1&psc=1"><img src="https://m.media-amazon.com/images/I/51QprRDhFoL._SL500_.jpg" alt="Product Image"></a><p>Palmer's Coconut Oil Formula Moisture Boost Protein Pack, Hair Treatment for Dry, Damaged, Over-Processed and Colored Hair, 2.1 Ounce (Pack of 12)</p><p> -67% 0FF </p><p>$11.09 ($0.92 / Ounce)</p><a href="https://www.amazon.com/dp/B07VCGRBGT?tag=eloabder-20&linkCode=osi&th=1&psc=1">View Product</a></div>
<div class="product"><a href="https://www.amazon.com/dp/B01A74442I?tag=eloabder-20&linkCode=osi&th=1&psc=1"><img src="https://m.media-amazon.com/images/I/51crUDqQzIL._SL500_.jpg" alt="Product Image"></a><p>Cliganic Organic Jojoba Oil, 100% Pure (4oz) | Moisturizing for Face, Hair, Skin & Nails | Natural Cold Pressed Hexane Free | Base Carrier Oil</p><p> -27% 0FF </p><p>$9.48 ($2.37 / Fl Oz)</p><a href="https://www.amazon.com/dp/B01A74442I?tag=eloabder-20&linkCode=osi&th=1&psc=1">View Product</a></div><div class="product"><a href="https://www.amazon.com/dp/B09PR9R9SL?tag=eloabder-20&linkCode=osi&th=1&psc=1"><img src="https://m.media-amazon.com/images/I/51EyKsoMSlL._SL500_.jpg" alt="Product Image"></a><p>KUKKA Rosemary Essential Oils - 4 Fl Oz - for Hair, Skin, Diffuser, Aromatherapy & DIY Soap Making Scent</p><p> -33% 0FF </p><p>$12.99 ($3.25 / Fl Oz)</p><a href="https://www.amazon.com/dp/B09PR9R9SL?tag=eloabder-20&linkCode=osi&th=1&psc=1">View Product</a></div><div class="product"><a href="https://www.amazon.com/dp/B004Z209HS?tag=eloabder-20&linkCode=osi&th=1&psc=1"><img src="https://m.media-amazon.com/images/I/41h5nZqdm+L._SL500_.jpg" alt="Product Image"></a><p>PURA D'OR 4 Oz ORGANIC Moroccan Argan Oil - USDA Certified 100% Pure & Cold Pressed Virgin Premium Grade Natural Moisturizer Treatment For Dry, Damaged Skin, Hair, Face, Body & Scalp - Men & Women</p><p> -12% 0FF </p><p>$14.99 ($3.75 / Fl Oz)</p><a href="https://www.amazon.com/dp/B004Z209HS?tag=eloabder-20&linkCode=osi&th=1&psc=1">View Product</a></div>
<div class="product"><a href="https://www.amazon.com/dp/B004YVDIAU?tag=eloabder-20&linkCode=osi&th=1&psc=1"><img src="https://m.media-amazon.com/images/I/313PkUEQj5L._SL500_.jpg" alt="Product Image"></a><p>Garnier Fructis Style Curl Sculpt Conditioning Cream Gel for Bounce & Moisture, 5.1 Fl Oz, 1 Count (Packaging May Vary)</p><p> -21% 0FF </p><p>$4.73 ($0.93 / Ounce)</p><a href="https://www.amazon.com/dp/B004YVDIAU?tag=eloabder-20&linkCode=osi&th=1&psc=1">View Product</a></div><div class="product"><a href="https://www.amazon.com/dp/B0002Z90RM?tag=eloabder-20&linkCode=osi&th=1&psc=1"><img src="https://m.media-amazon.com/images/I/31xKcrbq12L._SL500_.jpg" alt="Product Image"></a><p>RUSK Designer Collection Thick Body and Texture Amplifier Spray, 6 Oz, For Fine, Limp, Flat or Lazy Hair Types - Contains Wheat Protein, Adds Strength, Texture, Volume & Moisture</p><p> -5% 0FF </p><p>$17.50 ($2.92 / Fl Oz)</p><a href="https://www.amazon.com/dp/B0002Z90RM?tag=eloabder-20&linkCode=osi&th=1&psc=1">View Product</a></div><div class="product"><a href="https://www.amazon.com/dp/B0013NE2Y8?tag=eloabder-20&linkCode=osi&th=1&psc=1"><img src="https://m.media-amazon.com/images/I/31A8kEJJlIL._SL500_.jpg" alt="Product Image"></a><p>John Frieda Frizz Ease Original Hair Serum, Protecting Against Frizz, Heat, and Humidity While Adding Shine, Smooths Strands and Hydrates Parched Hair with Argan, Coconut, and Moringa Oil, 1.69 Oz</p><p> -33% 0FF </p><p>$8.01 ($4.74 / Fl Oz)</p><a href="https://www.amazon.com/dp/B0013NE2Y8?tag=eloabder-20&linkCode=osi&th=1&psc=1">View Product</a></div>
<div class="product"><a href="https://www.amazon.com/dp/B004BYSR6K?tag=eloabder-20&linkCode=osi&th=1&psc=1"><img src="https://m.media-amazon.com/images/I/41RMAGucP7L._SL500_.jpg" alt="Product Image"></a><p>L'Oreal Paris Excellence Crème Permanent Hair Dye, Triple Care Hair Color with Pro-Keratine Complex for 100% Gray Hair Coverage, 5 Medium Brown, 1 Kit</p><p> -23% 0FF </p><p>$9.98</p><a href="https://www.amazon.com/dp/B004BYSR6K?tag=eloabder-20&linkCode=osi&th=1&psc=1">View Product</a></div><div class="product"><a href="https://www.amazon.com/dp/B00006JN4P?tag=eloabder-20&linkCode=osi&th=1&psc=1"><img src="https://m.media-amazon.com/images/I/51mGD8V4I7L._SL500_.jpg" alt="Product Image"></a><p>L'Oreal Paris Superior Preference Fade-Defying + Shine Permanent Hair Color, 8 Medium Blonde, Pack of 1, Hair Dye</p><p> -36% 0FF </p><p>$8.97</p><a href="https://www.amazon.com/dp/B00006JN4P?tag=eloabder-20&linkCode=osi&th=1&psc=1">View Product</a></div><div class="product"><a href="https://www.amazon.com/dp/B000KOU7FE?tag=eloabder-20&linkCode=osi&th=1&psc=1"><img src="https://m.media-amazon.com/images/I/51BV0dgoMnL._SL500_.jpg" alt="Product Image"></a><p>L'Oreal Paris Feria Multi-Faceted Shimmering Permanent Hair Color, B61 Downtown Brown (Hi-Lift Cool Brown), Pack of 1, Hair Dye</p><p> -7% 0FF </p><p>$12.97</p><a href="https://www.amazon.com/dp/B000KOU7FE?tag=eloabder-20&linkCode=osi&th=1&psc=1">View Product</a></div><div class="product"><a href="https://www.amazon.com/dp/B003AYEGGW?tag=eloabder-20&linkCode=osi&th=1&psc=1"><img src="https://m.media-amazon.com/images/I/41usJCtVqUL._SL500_.jpg" alt="Product Image"></a><p>Clairol Root Touch-Up by Nice'n Easy Permanent Hair Dye, 2 Black Hair Color, Pack of 2</p><p> -6% 0FF </p><p>$15.96 ($7.25 / Fl Oz)</p><a href="https://www.amazon.com/dp/B003AYEGGW?tag=eloabder-20&linkCode=osi&th=1&psc=1">View Product</a></div><div class="product"><a href="https://www.amazon.com/dp/B000NSW0EI?tag=eloabder-20&linkCode=osi&th=1&psc=1"><img src="https://m.media-amazon.com/images/I/51ZOUeoIXAS._SL500_.jpg" alt="Product Image"></a><p>Just For Men Shampoo In Color, Hair Color for Men with Keratin and Vitamin E for Stronger Hair, Restores Natural Hair Color, Medium Brown, H-35, Pack of 3</p><p> -10% 0FF </p><p>$26.88</p><a href="https://www.amazon.com/dp/B000NSW0EI?tag=eloabder-20&linkCode=osi&th=1&psc=1">View Product</a></div><div class="product"><a href="https://www.amazon.com/dp/B004DKB08E?tag=eloabder-20&linkCode=osi&th=1&psc=1"><img src="https://m.media-amazon.com/images/I/41dA53oe85L._SL500_.jpg" alt="Product Image"></a><p>John Frieda Precision Foam Colour, Medium Natural Brown 5N, Full-coverage Hair Color Kit, Anti-Fade Gray Coverage, Deep Color Saturation Hair Dye, 1 Application</p><p> -8% 0FF </p><p>$11.92</p><a href="https://www.amazon.com/dp/B004DKB08E?tag=eloabder-20&linkCode=osi&th=1&psc=1">View Product</a></div><div class="product"><a href="https://www.amazon.com/dp/B000KOHSQA?tag=eloabder-20&linkCode=osi&th=1&psc=1"><img src="https://m.media-amazon.com/images/I/51voB2QwdLL._SL500_.jpg" alt="Product Image"></a><p>L'Oreal Paris Couleur Experte 2-Step Home Hair Color and Highlights Kit, French Éclair</p><p> -18% 0FF </p><p>$13.97</p><a href="https://www.amazon.com/dp/B000KOHSQA?tag=eloabder-20&linkCode=osi&th=1&psc=1">View Product</a></div>
<div class="product"><a href="https://www.amazon.com/dp/B005CSYTCU?tag=eloabder-20&linkCode=osi&th=1&psc=1"><img src="https://m.media-amazon.com/images/I/41og7wvl2GL._SL500_.jpg" alt="Product Image"></a><p>Goody Ouchless Polyband Hair Ties - 250 Ct, Clear, Latex Hair Bands for Women's Hair, Easy Glide, Ultra-Strong Hold Hair Accessories for Women & Men, Secure Hold Ridge Design, All Hair Types</p><p> -19% 0FF </p><p>$3.19 ($0.01 / Count)</p><a href="https://www.amazon.com/dp/B005CSYTCU?tag=eloabder-20&linkCode=osi&th=1&psc=1">View Product</a></div><div class="product"><a href="https://www.amazon.com/dp/B00CGN9LQ8?tag=eloabder-20&linkCode=osi&th=1&psc=1"><img src="https://m.media-amazon.com/images/I/41LhEO75hIL._SL500_.jpg" alt="Product Image"></a><p>Crave Naturals Glide Thru Hair Brush - Detangler Brush for Curly, Straight, Wet or Dry Hair - Gentle Detangling Brushes for Adults, Kids, Toddlers - Hair Accessories for Women, 7.5x3 - Pink</p><p> -47% 0FF </p><p>$8.49</p><a href="https://www.amazon.com/dp/B00CGN9LQ8?tag=eloabder-20&linkCode=osi&th=1&psc=1">View Product</a></div><div class="product"><a href="https://www.amazon.com/dp/B00DLWO7D0?tag=eloabder-20&linkCode=osi&th=1&psc=1"><img src="https://m.media-amazon.com/images/I/31ISZI2zfzL._SL500_.jpg" alt="Product Image"></a><p>Goody Smooth and Sleek Wood Styling Brush with Natural Boar Bristles, Flyaway Free Finish, For All Hair Types, Brown, 1CT</p><p> -20% 0FF </p><p>$4.62</p><a href="https://www.amazon.com/dp/B00DLWO7D0?tag=eloabder-20&linkCode=osi&th=1&psc=1">View Product</a></div>
<div class="product"><a href="https://www.amazon.com/dp/B00HFQQ0VU?tag=eloabder-20&linkCode=osi&th=1&psc=1"><img src="https://m.media-amazon.com/images/I/41J4CJ+ERsL._SL500_.jpg" alt="Product Image"></a><p>Waterpik Aquarius Water Flosser For Teeth Cleaning, Gums, Braces, Dental Care, Electric Power With 10 Settings, 7 Tips For Multiple Users And Needs, ADA Accepted, White WP-660, Packaging May Vary</p><p> -20% 0FF </p><p>$79.99</p><a href="https://www.amazon.com/dp/B00HFQQ0VU?tag=eloabder-20&linkCode=osi&th=1&psc=1">View Product</a></div><div class="product"><a href="https://www.amazon.com/dp/B000QXH4PK?tag=eloabder-20&linkCode=osi&th=1&psc=1"><img src="https://m.media-amazon.com/images/I/41BYUSQaRKL._SL500_.jpg" alt="Product Image"></a><p>Listerine PocketPaks Cool Mint Breath Strips, Portable Pocket-Sized Oral Care Mouth Freshener, Dissolving Strips Kill 99% of Bad Breath Germs, Sugar Free, 3 x 24-Strip Packs</p><p> -18% 0FF </p><p>$5.72 ($0.08 / Count)</p><a href="https://www.amazon.com/dp/B000QXH4PK?tag=eloabder-20&linkCode=osi&th=1&psc=1">View Product</a></div><div class="product"><a href="https://www.amazon.com/dp/B07LGSYTLM?tag=eloabder-20&linkCode=osi&th=1&psc=1"><img src="https://m.media-amazon.com/images/I/31YRxbr1qCL._SL500_.jpg" alt="Product Image"></a><p>DenTek Professional Oral Care Kit, Complete Set of Dental Tools Including Mirror, Dental Pick, Scaler & Stimulator</p><p> -9% 0FF </p><p>$6.39</p><a href="https://www.amazon.com/dp/B07LGSYTLM?tag=eloabder-20&linkCode=osi&th=1&psc=1">View Product</a></div><div class="product"><a href="https://www.amazon.com/dp/B01LAY47D0?tag=eloabder-20&linkCode=osi&th=1&psc=1"><img src="https://m.media-amazon.com/images/I/41y93UxXRvL._SL500_.jpg" alt="Product Image"></a><p>MasterMedi Tongue Scraper for Adults with Multicolor Travel Cases (2 Pack), 100% Stainless Steel, Reduce Bad Breath, Tongue Scrubber, Easy to Use, Tongue Cleaner for Oral Care & Hygiene</p><p> -34% 0FF </p><p>$9.95 ($4.98 / Count)</p><a href="https://www.amazon.com/dp/B01LAY47D0?tag=eloabder-20&linkCode=osi&th=1&psc=1">View Product</a></div>
<div class="product"><a href="https://www.amazon.com/dp/B09F8FZ18G?tag=eloabder-20&linkCode=osi&th=1&psc=1"><img src="https://m.media-amazon.com/images/I/51WkgqQXqCL._SL500_.jpg" alt="Product Image"></a><p>Crest 3D White Advanced Luminous Mint Teeth Whitening Toothpaste, Crest Toothpaste, 3.7 oz Pack of 4 - Helps Remove Surface Stains, Whitens Teeth, Strengthens Tooth Enamel, Protects Against Cavities</p><p> -20% 0FF </p><p>$11.99 ($0.81 / Ounce)</p><a href="https://www.amazon.com/dp/B09F8FZ18G?tag=eloabder-20&linkCode=osi&th=1&psc=1">View Product</a></div><div class="product"><a href="https://www.amazon.com/dp/B083JHCCV2?tag=eloabder-20&linkCode=osi&th=1&psc=1"><img src="https://m.media-amazon.com/images/I/31ppsn+WAqL._SL500_.jpg" alt="Product Image"></a><p>Boka Fluoride Free Toothpaste, Nano Hydroxyapatite Toothpaste, Appropriate for Sensitive Teeth - for Adult, Kids Oral Care - Ela Mint Flavor, 4 Fl Oz 1Pk US Manufactured</p><p> -10% 0FF </p><p>$11.75 ($2.94 / Ounce)</p><a href="https://www.amazon.com/dp/B083JHCCV2?tag=eloabder-20&linkCode=osi&th=1&psc=1">View Product</a></div><div class="product"><a href="https://www.amazon.com/dp/B0BLWLL3FV?tag=eloabder-20&linkCode=osi&th=1&psc=1"><img src="https://m.media-amazon.com/images/I/519IfsN7qIL._SL500_.jpg" alt="Product Image"></a><p>Colgate Total Whitening Toothpaste Paste, 5.1 oz, 4 Pack, Fluoride, Antibacterial, for Plaque, Gingivitis, Sensitivity, Stain Removal, Clinically Proven, Mint, Teeth Whitening, Stannous Fluoride</p><p> -10% 0FF </p><p>$14.38 ($0.70 / Fl Oz)</p><a href="https://www.amazon.com/dp/B0BLWLL3FV?tag=eloabder-20&linkCode=osi&th=1&psc=1">View Product</a></div>
<div class="product"><a href="https://www.amazon.com/dp/B00CC6XSRC?tag=eloabder-20&linkCode=osi&th=1&psc=1"><img src="https://m.media-amazon.com/images/I/41OKKVbMN-L._SL500_.jpg" alt="Product Image"></a><p>Colgate Extra Clean Toothbrush, Medium Toothbrush for Adults, 6 Pack</p><p> -10% 0FF </p><p>$4.96 ($0.83 / Count)</p><a href="https://www.amazon.com/dp/B00CC6XSRC?tag=eloabder-20&linkCode=osi&th=1&psc=1">View Product</a></div><div class="product"><a href="https://www.amazon.com/dp/B06XK2M3H3?tag=eloabder-20&linkCode=osi&th=1&psc=1"><img src="https://m.media-amazon.com/images/I/41tntn0c7BL._SL500_.jpg" alt="Product Image"></a><p>Oral-B 3D White Stain Eraser, 4 count SOFT manual tootbrush pack, Removes Stains, Whitens Teeth, Tongue and Cheek Cleaner</p><p> -12% 0FF </p><p>$7.92 ($1.98 / Count)</p><a href="https://www.amazon.com/dp/B06XK2M3H3?tag=eloabder-20&linkCode=osi&th=1&psc=1">View Product</a></div><div class="product"><a href="https://www.amazon.com/dp/B00H88K9EE?tag=eloabder-20&linkCode=osi&th=1&psc=1"><img src="https://m.media-amazon.com/images/I/51ah-EIUbsL._SL500_.jpg" alt="Product Image"></a><p>Colgate 360 Whole Mouth Toothbrush, Adult Toothbrushes Medium Bristles, Helps Remove Bad Breath Bacteria and Plaque, Medium Toothbrush Pack, Includes Cheek and Tongue Cleaner, 4 Pack</p><p> -18% 0FF </p><p>$8.19 ($2.05 / Count)</p><a href="https://www.amazon.com/dp/B00H88K9EE?tag=eloabder-20&linkCode=osi&th=1&psc=1">View Product</a></div><div class="product"><a href="https://www.amazon.com/dp/B003CP12QG?tag=eloabder-20&linkCode=osi&th=1&psc=1"><img src="https://m.media-amazon.com/images/I/41LPe-bdnPL._SL500_.jpg" alt="Product Image"></a><p>Oral-B Pulsar Pro-Health Expert Clean, Battery electric toothbrush, 2 count MEDIUM toothbrush pack, removes plaque, travel essentials tooth brush</p><p> -22% 0FF </p><p>$10.97 ($5.48 / Count)</p><a href="https://www.amazon.com/dp/B003CP12QG?tag=eloabder-20&linkCode=osi&th=1&psc=1">View Product</a></div>
<div class="product"><a href="https://www.amazon.com/dp/B0C881GLNM?tag=eloabder-20&linkCode=osi&th=1&psc=1"><img src="https://m.media-amazon.com/images/I/51C2ohy2RWL._SL500_.jpg" alt="Product Image"></a><p>Crest Pro-Health Advanced Mouthwash, Alcohol Free, Multi-Protection, Fresh Mint, 1 L (33.8 fl oz), Pack of 2, Blue</p><p> -9% 0FF </p><p>$10.97 ($0.16 / Fl Oz)</p><a href="https://www.amazon.com/dp/B0C881GLNM?tag=eloabder-20&linkCode=osi&th=1&psc=1">View Product</a></div><div class="product"><a href="https://www.amazon.com/dp/B005IHSPLQ?tag=eloabder-20&linkCode=osi&th=1&psc=1"><img src="https://m.media-amazon.com/images/I/31U2umAytxL._SL500_.jpg" alt="Product Image"></a><p>Listerine Alcohol-Free Mouthwash, Non Alcoholic Mint Oral Rinse Kills 99.9% of Germs That Cause Bad Breath for a Fresh Breath & Clean Mouth, Less Intense Taste, Cool Mint Flavor, 1 L</p><p> -25% 0FF </p><p>$6.99 ($0.21 / Fl Oz)</p><a href="https://www.amazon.com/dp/B005IHSPLQ?tag=eloabder-20&linkCode=osi&th=1&psc=1">View Product</a></div><div class="product"><a href="https://www.amazon.com/dp/B0126XBQK6?tag=eloabder-20&linkCode=osi&th=1&psc=1"><img src="https://m.media-amazon.com/images/I/51dT1Mhf3zL._SL500_.jpg" alt="Product Image"></a><p>Crest Pro-Health Advanced Mouthwash, Alcohol Free, Extra Whitening, Energizing Mint Flavor, 946 mL (32 fl oz)</p><p> -20% 0FF </p><p>$7.17 ($0.22 / Fl Oz)</p><a href="https://www.amazon.com/dp/B0126XBQK6?tag=eloabder-20&linkCode=osi&th=1&psc=1">View Product</a></div><div class="product"><a href="https://www.amazon.com/dp/B00495Q5OW?tag=eloabder-20&linkCode=osi&th=1&psc=1"><img src="https://m.media-amazon.com/images/I/41U0hz++OHL._SL500_.jpg" alt="Product Image"></a><p>Listerine Total Care Anticavity Fluoride Mouthwash, 6 Benefits in 1 Oral Rinse Helps Kill 99% of Bad Breath Germs, Prevents Cavities, Strengthens Teeth, ADA-Accepted, Fresh Mint, 1 L</p><p> -26% 0FF </p><p>$8.79 ($0.27 / fluid ounce(s))</p><a href="https://www.amazon.com/dp/B00495Q5OW?tag=eloabder-20&linkCode=osi&th=1&psc=1">View Product</a></div>
<div class="product"><a href="https://www.amazon.com/dp/B013OKRGWW?tag=eloabder-20&linkCode=osi&th=1&psc=1"><img src="https://m.media-amazon.com/images/I/31s8V2M+RVL._SL500_.jpg" alt="Product Image"></a><p>REACH Waxed Dental Floss, Mint, Plaque Remover for Teeth, Shred Resistant, Floss Slides Smoothly, Easy to Use, Waxed, Deep Cleaning Teeth, Oral Care, PFAS Free, for Adults & Kids, 1 Pack, 55 yd</p><p> -13% 0FF </p><p>$1.29 ($0.01 / Foot)</p><a href="https://www.amazon.com/dp/B013OKRGWW?tag=eloabder-20&linkCode=osi&th=1&psc=1">View Product</a></div><div class="product"><a href="https://www.amazon.com/dp/B014KZLWX4?tag=eloabder-20&linkCode=osi&th=1&psc=1"><img src="https://m.media-amazon.com/images/I/41GyDUKvKAL._SL500_.jpg" alt="Product Image"></a><p>REACH Waxed Dental Floss, Mint, Plaque Remover for Teeth, Shred Resistant, Floss Slides Smoothly, Easy to Use, Waxed, Deep Cleaning Teeth, Oral Care, PFAS Free, for Adults & Kids, 6 Pack, 55 yd</p><p> -13% 0FF </p><p>$10.74 ($0.01 / Foot)</p><a href="https://www.amazon.com/dp/B014KZLWX4?tag=eloabder-20&linkCode=osi&th=1&psc=1">View Product</a></div><div class="product"><a href="https://www.amazon.com/dp/B00UB7BO16?tag=eloabder-20&linkCode=osi&th=1&psc=1"><img src="https://m.media-amazon.com/images/I/41aZF2HKXrL._SL500_.jpg" alt="Product Image"></a><p>Oral-B Glide Complete Floss Picks, Dental Floss Picks, Scope Outlast, 75-ct, Toothpicks Floss Picks</p><p> -20% 0FF </p><p>$3.96 ($0.05 / Count)</p><a href="https://www.amazon.com/dp/B00UB7BO16?tag=eloabder-20&linkCode=osi&th=1&psc=1">View Product</a></div><div class="product"><a href="https://www.amazon.com/dp/B003K01BMI?tag=eloabder-20&linkCode=osi&th=1&psc=1"><img src="https://m.media-amazon.com/images/I/41r6iQVxOzL._SL500_.jpg" alt="Product Image"></a><p>DenTek Triple Clean Advanced Clean Floss Picks, No Break & No Shred Floss, 150 Count, (Packaging May Vary)</p><p> -31% 0FF </p><p>$4.15 ($0.03 / Count)</p><a href="https://www.amazon.com/dp/B003K01BMI?tag=eloabder-20&linkCode=osi&th=1&psc=1">View Product</a></div><div class="product"><a href="https://www.amazon.com/dp/B07WFX1WD2?tag=eloabder-20&linkCode=osi&th=1&psc=1"><img src="https://m.media-amazon.com/images/I/51lqCql47sL._SL500_.jpg" alt="Product Image"></a><p>Oral-B Glide Dental Floss, Scope Flavor, 40m (Pack of 6)</p><p> -20% 0FF </p><p>$15.96 ($0.02 / Foot)</p><a href="https://www.amazon.com/dp/B07WFX1WD2?tag=eloabder-20&linkCode=osi&th=1&psc=1">View Product</a></div>
<div class="product"><a href="https://www.amazon.com/dp/B0BVT76MFH?tag=eloabder-20&linkCode=osi&th=1&psc=1"><img src="https://m.media-amazon.com/images/I/419kJTfLfGL._SL500_.jpg" alt="Product Image"></a><p>Crest 3D Whitestrips Sensitive At-Home Teeth Whitening Kit, 18 Treatments, Gently Removes 15 Years of Stains, Crest Whitestrips, Teeth Whitening Kit</p><p> -44% 0FF </p><p>$27.85 ($1.55 / Count)</p><a href="https://www.amazon.com/dp/B0BVT76MFH?tag=eloabder-20&linkCode=osi&th=1&psc=1">View Product</a></div>
<div class="product"><a href="https://www.amazon.com/dp/B0CK1791MR?tag=eloabder-20&linkCode=osi&th=1&psc=1"><img src="https://m.media-amazon.com/images/I/31CZvJQAbDL._SL500_.jpg" alt="Product Image"></a><p>Her Fantasy Box | Refresh pH Balancing Shower Gel - Natural Feminine Hygiene Solution for Gentle Cleansing, Odor Control, and Skin Nourishment - pH-Balanced Formula for All Skin Types (8 oz)</p><p> -6% 0FF </p><p>$14.99 ($1.87 / Fl Oz)</p><a href="https://www.amazon.com/dp/B0CK1791MR?tag=eloabder-20&linkCode=osi&th=1&psc=1">View Product</a></div><div class="product"><a href="https://www.amazon.com/dp/B08L4Q75QP?tag=eloabder-20&linkCode=osi&th=1&psc=1"><img src="https://m.media-amazon.com/images/I/51OkbLfz-2L._SL500_.jpg" alt="Product Image"></a><p>Playtex Sport Tampons Multipack (24ct Regular/24ct Super), Fragrance-Free - 48ct | Tampons Regular and Super, Playtex Tampon Multipack, Feminine Care with 360 Leak Defense</p><p> -29% 0FF </p><p>$9.97 ($0.21 / Count)</p><a href="https://www.amazon.com/dp/B08L4Q75QP?tag=eloabder-20&linkCode=osi&th=1&psc=1">View Product</a></div><div class="product"><a href="https://www.amazon.com/dp/B083M1RG6P?tag=eloabder-20&linkCode=osi&th=1&psc=1"><img src="https://m.media-amazon.com/images/I/51AHoXPV3gL._SL500_.jpg" alt="Product Image"></a><p>U by Kotex Tampons, Click Compact, Regular Absorbency, Unscented, 45 Count</p><p> -48% 0FF </p><p>$6.97 ($0.15 / Count)</p><a href="https://www.amazon.com/dp/B083M1RG6P?tag=eloabder-20&linkCode=osi&th=1&psc=1">View Product</a></div><div class="product"><a href="https://www.amazon.com/dp/B0D5FZGY8W?tag=eloabder-20&linkCode=osi&th=1&psc=1"><img src="https://m.media-amazon.com/images/I/51gWW6a+5uL._SL500_.jpg" alt="Product Image"></a><p>O Positiv URO Vaginal Probiotics for Women pH Balance with Prebiotics & Lactobacillus Probiotic Blend - Vaginal Health Supplement - Promote Healthy Vaginal Odor & Vaginal Flora, 60 Count (Pack of 1)</p><p> -10% 0FF </p><p>$28.97 ($0.48 / Count)</p><a href="https://www.amazon.com/dp/B0D5FZGY8W?tag=eloabder-20&linkCode=osi&th=1&psc=1">View Product</a></div><div class="product"><a href="https://www.amazon.com/dp/B01M1BLRC1?tag=eloabder-20&linkCode=osi&th=1&psc=1"><img src="https://m.media-amazon.com/images/I/51CVKq4e6UL._SL500_.jpg" alt="Product Image"></a><p>Always Maxi Overnight Pads with Wings for Women, Size 5, Extra Heavy Overnight Absorbency, Unscented, 36 Count</p><p> -5% 0FF </p><p>$10.47 ($0.29 / Count)</p><a href="https://www.amazon.com/dp/B01M1BLRC1?tag=eloabder-20&linkCode=osi&th=1&psc=1">View Product</a></div>

<div class="product"><a href="https://www.amazon.com/dp/B0FS2XTBJW?tag=eloabder-20&linkCode=osi&th=1&psc=1"><img src="https://m.media-amazon.com/images/I/413BHekXfiL._SL500_.jpg" alt="Product Image"></a><p>ZHIXJIA Knee Massager with Heat, 3-in-1 Smart Portable, 3 Vibration Modes and 3 Heating Levels LED Vitality Joints Knee Massager, Gift for Men and Women, Black</p><p> -78% 0FF </p><p>$99.99 ($99.99 / Count)</p><a href="https://www.amazon.com/dp/B0FS2XTBJW?tag=eloabder-20&linkCode=osi&th=1&psc=1">View Product</a></div><div class="product"><a href="https://www.amazon.com/dp/B0FHQ3WV4L?tag=eloabder-20&linkCode=osi&th=1&psc=1"><img src="https://m.media-amazon.com/images/I/412JLGi0PiL._SL500_.jpg" alt="Product Image"></a><p>DUBSTAR 3-in-1 Pill Crusher Pill Grinder, Pill Crusher Fine Powder with Brush, Pill Crushers for Elderly with Pill Cutter and Storage, Pill Cutter Splitter for Small or Large Pills (Green)</p><p> -29% 0FF </p><p>$9.99 ($9.99 / Count)</p><a href="https://www.amazon.com/dp/B0FHQ3WV4L?tag=eloabder-20&linkCode=osi&th=1&psc=1">View Product</a></div><div class="product"><a href="https://www.amazon.com/dp/B0FR4SPYFK?tag=eloabder-20&linkCode=osi&th=1&psc=1"><img src="https://m.media-amazon.com/images/I/41+owzP2llL._SL500_.jpg" alt="Product Image"></a><p>DEPAD Adjustable Pill Cutters Splitter for Small and Tiny Pills with Accurate Alignment, Pill Cutters for Small or Large Pills with Sharp Safe Blade</p><p> -23% 0FF </p><p>$9.99</p><a href="https://www.amazon.com/dp/B0FR4SPYFK?tag=eloabder-20&linkCode=osi&th=1&psc=1">View Product</a></div><div class="product"><a href="https://www.amazon.com/dp/B0F9NTTCWX?tag=eloabder-20&linkCode=osi&th=1&psc=1"><img src="https://m.media-amazon.com/images/I/51rTYaWSgtL._SL500_.jpg" alt="Product Image"></a><p>AUVON Dual Channel TENS Unit Muscle Stimulator Machine with 20 Modes, 2" and 2"x4" TENS Unit Electrode Pads (Red)</p><p> -28% 0FF </p><p>$25.99</p><a href="https://www.amazon.com/dp/B0F9NTTCWX?tag=eloabder-20&linkCode=osi&th=1&psc=1">View Product</a></div><div class="product"><a href="https://www.amazon.com/dp/B0D63FTHH4?tag=eloabder-20&linkCode=osi&th=1&psc=1"><img src="https://m.media-amazon.com/images/I/41Gu1013yRL._SL500_.jpg" alt="Product Image"></a><p>Yicotira 4 Pack Reusable Microfiber Mop Pads Compatible with Swiffer Sweeper - Dry Sweeping Cloths & Wet Pad Refills for Wet & Dry, Washable Pads Refills for Household Cleaning (Mop is not Included)</p><p> -34% 0FF </p><p>$8.54 ($2.14 / Count)</p><a href="https://www.amazon.com/dp/B0D63FTHH4?tag=eloabder-20&linkCode=osi&th=1&psc=1">View Product</a></div>
<div class="product"><a href="https://www.amazon.com/dp/B000ZLVUYO?tag=eloabder-20&linkCode=osi&th=1&psc=1"><img src="https://m.media-amazon.com/images/I/41CNAwwnEqL._SL500_.jpg" alt="Product Image"></a><p>It's A 10 Miracle Hair Mask, 8-Ounce</p><p> -16% 0FF </p><p>$25.99 ($3.25 / Fl Oz)</p><a href="https://www.amazon.com/dp/B000ZLVUYO?tag=eloabder-20&linkCode=osi&th=1&psc=1">View Product</a></div><div class="product"><a href="https://www.amazon.com/dp/B07VCGRBGT?tag=eloabder-20&linkCode=osi&th=1&psc=1"><img src="https://m.media-amazon.com/images/I/51QprRDhFoL._SL500_.jpg" alt="Product Image"></a><p>Palmer's Coconut Oil Formula Moisture Boost Protein Pack, Hair Treatment for Dry, Damaged, Over-Processed and Colored Hair, 2.1 Ounce (Pack of 12)</p><p> -67% 0FF </p><p>$11.09 ($0.92 / Ounce)</p><a href="https://www.amazon.com/dp/B07VCGRBGT?tag=eloabder-20&linkCode=osi&th=1&psc=1">View Product</a></div>
<div class="product"><a href="https://www.amazon.com/dp/B01A74442I?tag=eloabder-20&linkCode=osi&th=1&psc=1"><img src="https://m.media-amazon.com/images/I/51crUDqQzIL._SL500_.jpg" alt="Product Image"></a><p>Cliganic Organic Jojoba Oil, 100% Pure (4oz) | Moisturizing for Face, Hair, Skin & Nails | Natural Cold Pressed Hexane Free | Base Carrier Oil</p><p> -27% 0FF </p><p>$9.48 ($2.37 / Fl Oz)</p><a href="https://www.amazon.com/dp/B01A74442I?tag=eloabder-20&linkCode=osi&th=1&psc=1">View Product</a></div><div class="product"><a href="https://www.amazon.com/dp/B09PR9R9SL?tag=eloabder-20&linkCode=osi&th=1&psc=1"><img src="https://m.media-amazon.com/images/I/51EyKsoMSlL._SL500_.jpg" alt="Product Image"></a><p>KUKKA Rosemary Essential Oils - 4 Fl Oz - for Hair, Skin, Diffuser, Aromatherapy & DIY Soap Making Scent</p><p> -33% 0FF </p><p>$12.99 ($3.25 / Fl Oz)</p><a href="https://www.amazon.com/dp/B09PR9R9SL?tag=eloabder-20&linkCode=osi&th=1&psc=1">View Product</a></div><div class="product"><a href="https://www.amazon.com/dp/B004Z209HS?tag=eloabder-20&linkCode=osi&th=1&psc=1"><img src="https://m.media-amazon.com/images/I/41h5nZqdm+L._SL500_.jpg" alt="Product Image"></a><p>PURA D'OR 4 Oz ORGANIC Moroccan Argan Oil - USDA Certified 100% Pure & Cold Pressed Virgin Premium Grade Natural Moisturizer Treatment For Dry, Damaged Skin, Hair, Face, Body & Scalp - Men & Women</p><p> -12% 0FF </p><p>$14.99 ($3.75 / Fl Oz)</p><a href="https://www.amazon.com/dp/B004Z209HS?tag=eloabder-20&linkCode=osi&th=1&psc=1">View Product</a></div>
<div class="product"><a href="https://www.amazon.com/dp/B004YVDIAU?tag=eloabder-20&linkCode=osi&th=1&psc=1"><img src="https://m.media-amazon.com/images/I/313PkUEQj5L._SL500_.jpg" alt="Product Image"></a><p>Garnier Fructis Style Curl Sculpt Conditioning Cream Gel for Bounce & Moisture, 5.1 Fl Oz, 1 Count (Packaging May Vary)</p><p> -21% 0FF </p><p>$4.73 ($0.93 / Ounce)</p><a href="https://www.amazon.com/dp/B004YVDIAU?tag=eloabder-20&linkCode=osi&th=1&psc=1">View Product</a></div><div class="product"><a href="https://www.amazon.com/dp/B0002Z90RM?tag=eloabder-20&linkCode=osi&th=1&psc=1"><img src="https://m.media-amazon.com/images/I/31xKcrbq12L._SL500_.jpg" alt="Product Image"></a><p>RUSK Designer Collection Thick Body and Texture Amplifier Spray, 6 Oz, For Fine, Limp, Flat or Lazy Hair Types - Contains Wheat Protein, Adds Strength, Texture, Volume & Moisture</p><p> -5% 0FF </p><p>$17.50 ($2.92 / Fl Oz)</p><a href="https://www.amazon.com/dp/B0002Z90RM?tag=eloabder-20&linkCode=osi&th=1&psc=1">View Product</a></div><div class="product"><a href="https://www.amazon.com/dp/B0013NE2Y8?tag=eloabder-20&linkCode=osi&th=1&psc=1"><img src="https://m.media-amazon.com/images/I/31A8kEJJlIL._SL500_.jpg" alt="Product Image"></a><p>John Frieda Frizz Ease Original Hair Serum, Protecting Against Frizz, Heat, and Humidity While Adding Shine, Smooths Strands and Hydrates Parched Hair with Argan, Coconut, and Moringa Oil, 1.69 Oz</p><p> -33% 0FF </p><p>$8.01 ($4.74 / Fl Oz)</p><a href="https://www.amazon.com/dp/B0013NE2Y8?tag=eloabder-20&linkCode=osi&th=1&psc=1">View Product</a></div>
<div class="product"><a href="https://www.amazon.com/dp/B004BYSR6K?tag=eloabder-20&linkCode=osi&th=1&psc=1"><img src="https://m.media-amazon.com/images/I/41RMAGucP7L._SL500_.jpg" alt="Product Image"></a><p>L'Oreal Paris Excellence Crème Permanent Hair Dye, Triple Care Hair Color with Pro-Keratine Complex for 100% Gray Hair Coverage, 5 Medium Brown, 1 Kit</p><p> -23% 0FF </p><p>$9.98</p><a href="https://www.amazon.com/dp/B004BYSR6K?tag=eloabder-20&linkCode=osi&th=1&psc=1">View Product</a></div><div class="product"><a href="https://www.amazon.com/dp/B00006JN4P?tag=eloabder-20&linkCode=osi&th=1&psc=1"><img src="https://m.media-amazon.com/images/I/51mGD8V4I7L._SL500_.jpg" alt="Product Image"></a><p>L'Oreal Paris Superior Preference Fade-Defying + Shine Permanent Hair Color, 8 Medium Blonde, Pack of 1, Hair Dye</p><p> -36% 0FF </p><p>$8.97</p><a href="https://www.amazon.com/dp/B00006JN4P?tag=eloabder-20&linkCode=osi&th=1&psc=1">View Product</a></div><div class="product"><a href="https://www.amazon.com/dp/B000KOU7FE?tag=eloabder-20&linkCode=osi&th=1&psc=1"><img src="https://m.media-amazon.com/images/I/51BV0dgoMnL._SL500_.jpg" alt="Product Image"></a><p>L'Oreal Paris Feria Multi-Faceted Shimmering Permanent Hair Color, B61 Downtown Brown (Hi-Lift Cool Brown), Pack of 1, Hair Dye</p><p> -7% 0FF </p><p>$12.97</p><a href="https://www.amazon.com/dp/B000KOU7FE?tag=eloabder-20&linkCode=osi&th=1&psc=1">View Product</a></div><div class="product"><a href="https://www.amazon.com/dp/B003AYEGGW?tag=eloabder-20&linkCode=osi&th=1&psc=1"><img src="https://m.media-amazon.com/images/I/41usJCtVqUL._SL500_.jpg" alt="Product Image"></a><p>Clairol Root Touch-Up by Nice'n Easy Permanent Hair Dye, 2 Black Hair Color, Pack of 2</p><p> -6% 0FF </p><p>$15.96 ($7.25 / Fl Oz)</p><a href="https://www.amazon.com/dp/B003AYEGGW?tag=eloabder-20&linkCode=osi&th=1&psc=1">View Product</a></div><div class="product"><a href="https://www.amazon.com/dp/B000NSW0EI?tag=eloabder-20&linkCode=osi&th=1&psc=1"><img src="https://m.media-amazon.com/images/I/51ZOUeoIXAS._SL500_.jpg" alt="Product Image"></a><p>Just For Men Shampoo In Color, Hair Color for Men with Keratin and Vitamin E for Stronger Hair, Restores Natural Hair Color, Medium Brown, H-35, Pack of 3</p><p> -10% 0FF </p><p>$26.88</p><a href="https://www.amazon.com/dp/B000NSW0EI?tag=eloabder-20&linkCode=osi&th=1&psc=1">View Product</a></div><div class="product"><a href="https://www.amazon.com/dp/B004DKB08E?tag=eloabder-20&linkCode=osi&th=1&psc=1"><img src="https://m.media-amazon.com/images/I/41dA53oe85L._SL500_.jpg" alt="Product Image"></a><p>John Frieda Precision Foam Colour, Medium Natural Brown 5N, Full-coverage Hair Color Kit, Anti-Fade Gray Coverage, Deep Color Saturation Hair Dye, 1 Application</p><p> -8% 0FF </p><p>$11.92</p><a href="https://www.amazon.com/dp/B004DKB08E?tag=eloabder-20&linkCode=osi&th=1&psc=1">View Product</a></div><div class="product"><a href="https://www.amazon.com/dp/B000KOHSQA?tag=eloabder-20&linkCode=osi&th=1&psc=1"><img src="https://m.media-amazon.com/images/I/51voB2QwdLL._SL500_.jpg" alt="Product Image"></a><p>L'Oreal Paris Couleur Experte 2-Step Home Hair Color and Highlights Kit, French Éclair</p><p> -18% 0FF </p><p>$13.97</p><a href="https://www.amazon.com/dp/B000KOHSQA?tag=eloabder-20&linkCode=osi&th=1&psc=1">View Product</a></div>
<div class="product"><a href="https://www.amazon.com/dp/B005CSYTCU?tag=eloabder-20&linkCode=osi&th=1&psc=1"><img src="https://m.media-amazon.com/images/I/41og7wvl2GL._SL500_.jpg" alt="Product Image"></a><p>Goody Ouchless Polyband Hair Ties - 250 Ct, Clear, Latex Hair Bands for Women's Hair, Easy Glide, Ultra-Strong Hold Hair Accessories for Women & Men, Secure Hold Ridge Design, All Hair Types</p><p> -19% 0FF </p><p>$3.19 ($0.01 / Count)</p><a href="https://www.amazon.com/dp/B005CSYTCU?tag=eloabder-20&linkCode=osi&th=1&psc=1">View Product</a></div><div class="product"><a href="https://www.amazon.com/dp/B00CGN9LQ8?tag=eloabder-20&linkCode=osi&th=1&psc=1"><img src="https://m.media-amazon.com/images/I/41LhEO75hIL._SL500_.jpg" alt="Product Image"></a><p>Crave Naturals Glide Thru Hair Brush - Detangler Brush for Curly, Straight, Wet or Dry Hair - Gentle Detangling Brushes for Adults, Kids, Toddlers - Hair Accessories for Women, 7.5x3 - Pink</p><p> -47% 0FF </p><p>$8.49</p><a href="https://www.amazon.com/dp/B00CGN9LQ8?tag=eloabder-20&linkCode=osi&th=1&psc=1">View Product</a></div><div class="product"><a href="https://www.amazon.com/dp/B00DLWO7D0?tag=eloabder-20&linkCode=osi&th=1&psc=1"><img src="https://m.media-amazon.com/images/I/31ISZI2zfzL._SL500_.jpg" alt="Product Image"></a><p>Goody Smooth and Sleek Wood Styling Brush with Natural Boar Bristles, Flyaway Free Finish, For All Hair Types, Brown, 1CT</p><p> -20% 0FF </p><p>$4.62</p><a href="https://www.amazon.com/dp/B00DLWO7D0?tag=eloabder-20&linkCode=osi&th=1&psc=1">View Product</a></div>
<div class="product"><a href="https://www.amazon.com/dp/B00HFQQ0VU?tag=eloabder-20&linkCode=osi&th=1&psc=1"><img src="https://m.media-amazon.com/images/I/41J4CJ+ERsL._SL500_.jpg" alt="Product Image"></a><p>Waterpik Aquarius Water Flosser For Teeth Cleaning, Gums, Braces, Dental Care, Electric Power With 10 Settings, 7 Tips For Multiple Users And Needs, ADA Accepted, White WP-660, Packaging May Vary</p><p> -20% 0FF </p><p>$79.99</p><a href="https://www.amazon.com/dp/B00HFQQ0VU?tag=eloabder-20&linkCode=osi&th=1&psc=1">View Product</a></div><div class="product"><a href="https://www.amazon.com/dp/B000QXH4PK?tag=eloabder-20&linkCode=osi&th=1&psc=1"><img src="https://m.media-amazon.com/images/I/41BYUSQaRKL._SL500_.jpg" alt="Product Image"></a><p>Listerine PocketPaks Cool Mint Breath Strips, Portable Pocket-Sized Oral Care Mouth Freshener, Dissolving Strips Kill 99% of Bad Breath Germs, Sugar Free, 3 x 24-Strip Packs</p><p> -18% 0FF </p><p>$5.72 ($0.08 / Count)</p><a href="https://www.amazon.com/dp/B000QXH4PK?tag=eloabder-20&linkCode=osi&th=1&psc=1">View Product</a></div><div class="product"><a href="https://www.amazon.com/dp/B07LGSYTLM?tag=eloabder-20&linkCode=osi&th=1&psc=1"><img src="https://m.media-amazon.com/images/I/31YRxbr1qCL._SL500_.jpg" alt="Product Image"></a><p>DenTek Professional Oral Care Kit, Complete Set of Dental Tools Including Mirror, Dental Pick, Scaler & Stimulator</p><p> -9% 0FF </p><p>$6.39</p><a href="https://www.amazon.com/dp/B07LGSYTLM?tag=eloabder-20&linkCode=osi&th=1&psc=1">View Product</a></div><div class="product"><a href="https://www.amazon.com/dp/B01LAY47D0?tag=eloabder-20&linkCode=osi&th=1&psc=1"><img src="https://m.media-amazon.com/images/I/41y93UxXRvL._SL500_.jpg" alt="Product Image"></a><p>MasterMedi Tongue Scraper for Adults with Multicolor Travel Cases (2 Pack), 100% Stainless Steel, Reduce Bad Breath, Tongue Scrubber, Easy to Use, Tongue Cleaner for Oral Care & Hygiene</p><p> -34% 0FF </p><p>$9.95 ($4.98 / Count)</p><a href="https://www.amazon.com/dp/B01LAY47D0?tag=eloabder-20&linkCode=osi&th=1&psc=1">View Product</a></div>
<div class="product"><a href="https://www.amazon.com/dp/B09F8FZ18G?tag=eloabder-20&linkCode=osi&th=1&psc=1"><img src="https://m.media-amazon.com/images/I/51WkgqQXqCL._SL500_.jpg" alt="Product Image"></a><p>Crest 3D White Advanced Luminous Mint Teeth Whitening Toothpaste, Crest Toothpaste, 3.7 oz Pack of 4 - Helps Remove Surface Stains, Whitens Teeth, Strengthens Tooth Enamel, Protects Against Cavities</p><p> -20% 0FF </p><p>$11.99 ($0.81 / Ounce)</p><a href="https://www.amazon.com/dp/B09F8FZ18G?tag=eloabder-20&linkCode=osi&th=1&psc=1">View Product</a></div><div class="product"><a href="https://www.amazon.com/dp/B083JHCCV2?tag=eloabder-20&linkCode=osi&th=1&psc=1"><img src="https://m.media-amazon.com/images/I/31ppsn+WAqL._SL500_.jpg" alt="Product Image"></a><p>Boka Fluoride Free Toothpaste, Nano Hydroxyapatite Toothpaste, Appropriate for Sensitive Teeth - for Adult, Kids Oral Care - Ela Mint Flavor, 4 Fl Oz 1Pk US Manufactured</p><p> -10% 0FF </p><p>$11.75 ($2.94 / Ounce)</p><a href="https://www.amazon.com/dp/B083JHCCV2?tag=eloabder-20&linkCode=osi&th=1&psc=1">View Product</a></div><div class="product"><a href="https://www.amazon.com/dp/B0BLWLL3FV?tag=eloabder-20&linkCode=osi&th=1&psc=1"><img src="https://m.media-amazon.com/images/I/519IfsN7qIL._SL500_.jpg" alt="Product Image"></a><p>Colgate Total Whitening Toothpaste Paste, 5.1 oz, 4 Pack, Fluoride, Antibacterial, for Plaque, Gingivitis, Sensitivity, Stain Removal, Clinically Proven, Mint, Teeth Whitening, Stannous Fluoride</p><p> -10% 0FF </p><p>$14.38 ($0.70 / Fl Oz)</p><a href="https://www.amazon.com/dp/B0BLWLL3FV?tag=eloabder-20&linkCode=osi&th=1&psc=1">View Product</a></div>
<div class="product"><a href="https://www.amazon.com/dp/B00CC6XSRC?tag=eloabder-20&linkCode=osi&th=1&psc=1"><img src="https://m.media-amazon.com/images/I/41OKKVbMN-L._SL500_.jpg" alt="Product Image"></a><p>Colgate Extra Clean Toothbrush, Medium Toothbrush for Adults, 6 Pack</p><p> -10% 0FF </p><p>$4.96 ($0.83 / Count)</p><a href="https://www.amazon.com/dp/B00CC6XSRC?tag=eloabder-20&linkCode=osi&th=1&psc=1">View Product</a></div><div class="product"><a href="https://www.amazon.com/dp/B06XK2M3H3?tag=eloabder-20&linkCode=osi&th=1&psc=1"><img src="https://m.media-amazon.com/images/I/41tntn0c7BL._SL500_.jpg" alt="Product Image"></a><p>Oral-B 3D White Stain Eraser, 4 count SOFT manual tootbrush pack, Removes Stains, Whitens Teeth, Tongue and Cheek Cleaner</p><p> -12% 0FF </p><p>$7.92 ($1.98 / Count)</p><a href="https://www.amazon.com/dp/B06XK2M3H3?tag=eloabder-20&linkCode=osi&th=1&psc=1">View Product</a></div><div class="product"><a href="https://www.amazon.com/dp/B00H88K9EE?tag=eloabder-20&linkCode=osi&th=1&psc=1"><img src="https://m.media-amazon.com/images/I/51ah-EIUbsL._SL500_.jpg" alt="Product Image"></a><p>Colgate 360 Whole Mouth Toothbrush, Adult Toothbrushes Medium Bristles, Helps Remove Bad Breath Bacteria and Plaque, Medium Toothbrush Pack, Includes Cheek and Tongue Cleaner, 4 Pack</p><p> -18% 0FF </p><p>$8.19 ($2.05 / Count)</p><a href="https://www.amazon.com/dp/B00H88K9EE?tag=eloabder-20&linkCode=osi&th=1&psc=1">View Product</a></div><div class="product"><a href="https://www.amazon.com/dp/B003CP12QG?tag=eloabder-20&linkCode=osi&th=1&psc=1"><img src="https://m.media-amazon.com/images/I/41LPe-bdnPL._SL500_.jpg" alt="Product Image"></a><p>Oral-B Pulsar Pro-Health Expert Clean, Battery electric toothbrush, 2 count MEDIUM toothbrush pack, removes plaque, travel essentials tooth brush</p><p> -22% 0FF </p><p>$10.97 ($5.48 / Count)</p><a href="https://www.amazon.com/dp/B003CP12QG?tag=eloabder-20&linkCode=osi&th=1&psc=1">View Product</a></div>
<div class="product"><a href="https://www.amazon.com/dp/B0C881GLNM?tag=eloabder-20&linkCode=osi&th=1&psc=1"><img src="https://m.media-amazon.com/images/I/51C2ohy2RWL._SL500_.jpg" alt="Product Image"></a><p>Crest Pro-Health Advanced Mouthwash, Alcohol Free, Multi-Protection, Fresh Mint, 1 L (33.8 fl oz), Pack of 2, Blue</p><p> -9% 0FF </p><p>$10.97 ($0.16 / Fl Oz)</p><a href="https://www.amazon.com/dp/B0C881GLNM?tag=eloabder-20&linkCode=osi&th=1&psc=1">View Product</a></div><div class="product"><a href="https://www.amazon.com/dp/B005IHSPLQ?tag=eloabder-20&linkCode=osi&th=1&psc=1"><img src="https://m.media-amazon.com/images/I/31U2umAytxL._SL500_.jpg" alt="Product Image"></a><p>Listerine Alcohol-Free Mouthwash, Non Alcoholic Mint Oral Rinse Kills 99.9% of Germs That Cause Bad Breath for a Fresh Breath & Clean Mouth, Less Intense Taste, Cool Mint Flavor, 1 L</p><p> -25% 0FF </p><p>$6.99 ($0.21 / Fl Oz)</p><a href="https://www.amazon.com/dp/B005IHSPLQ?tag=eloabder-20&linkCode=osi&th=1&psc=1">View Product</a></div><div class="product"><a href="https://www.amazon.com/dp/B0126XBQK6?tag=eloabder-20&linkCode=osi&th=1&psc=1"><img src="https://m.media-amazon.com/images/I/51dT1Mhf3zL._SL500_.jpg" alt="Product Image"></a><p>Crest Pro-Health Advanced Mouthwash, Alcohol Free, Extra Whitening, Energizing Mint Flavor, 946 mL (32 fl oz)</p><p> -20% 0FF </p><p>$7.17 ($0.22 / Fl Oz)</p><a href="https://www.amazon.com/dp/B0126XBQK6?tag=eloabder-20&linkCode=osi&th=1&psc=1">View Product</a></div><div class="product"><a href="https://www.amazon.com/dp/B00495Q5OW?tag=eloabder-20&linkCode=osi&th=1&psc=1"><img src="https://m.media-amazon.com/images/I/41U0hz++OHL._SL500_.jpg" alt="Product Image"></a><p>Listerine Total Care Anticavity Fluoride Mouthwash, 6 Benefits in 1 Oral Rinse Helps Kill 99% of Bad Breath Germs, Prevents Cavities, Strengthens Teeth, ADA-Accepted, Fresh Mint, 1 L</p><p> -26% 0FF </p><p>$8.79 ($0.27 / fluid ounce(s))</p><a href="https://www.amazon.com/dp/B00495Q5OW?tag=eloabder-20&linkCode=osi&th=1&psc=1">View Product</a></div>
<div class="product"><a href="https://www.amazon.com/dp/B013OKRGWW?tag=eloabder-20&linkCode=osi&th=1&psc=1"><img src="https://m.media-amazon.com/images/I/31s8V2M+RVL._SL500_.jpg" alt="Product Image"></a><p>REACH Waxed Dental Floss, Mint, Plaque Remover for Teeth, Shred Resistant, Floss Slides Smoothly, Easy to Use, Waxed, Deep Cleaning Teeth, Oral Care, PFAS Free, for Adults & Kids, 1 Pack, 55 yd</p><p> -13% 0FF </p><p>$1.29 ($0.01 / Foot)</p><a href="https://www.amazon.com/dp/B013OKRGWW?tag=eloabder-20&linkCode=osi&th=1&psc=1">View Product</a></div><div class="product"><a href="https://www.amazon.com/dp/B014KZLWX4?tag=eloabder-20&linkCode=osi&th=1&psc=1"><img src="https://m.media-amazon.com/images/I/41GyDUKvKAL._SL500_.jpg" alt="Product Image"></a><p>REACH Waxed Dental Floss, Mint, Plaque Remover for Teeth, Shred Resistant, Floss Slides Smoothly, Easy to Use, Waxed, Deep Cleaning Teeth, Oral Care, PFAS Free, for Adults & Kids, 6 Pack, 55 yd</p><p> -13% 0FF </p><p>$10.74 ($0.01 / Foot)</p><a href="https://www.amazon.com/dp/B014KZLWX4?tag=eloabder-20&linkCode=osi&th=1&psc=1">View Product</a></div><div class="product"><a href="https://www.amazon.com/dp/B00UB7BO16?tag=eloabder-20&linkCode=osi&th=1&psc=1"><img src="https://m.media-amazon.com/images/I/41aZF2HKXrL._SL500_.jpg" alt="Product Image"></a><p>Oral-B Glide Complete Floss Picks, Dental Floss Picks, Scope Outlast, 75-ct, Toothpicks Floss Picks</p><p> -20% 0FF </p><p>$3.96 ($0.05 / Count)</p><a href="https://www.amazon.com/dp/B00UB7BO16?tag=eloabder-20&linkCode=osi&th=1&psc=1">View Product</a></div><div class="product"><a href="https://www.amazon.com/dp/B003K01BMI?tag=eloabder-20&linkCode=osi&th=1&psc=1"><img src="https://m.media-amazon.com/images/I/41r6iQVxOzL._SL500_.jpg" alt="Product Image"></a><p>DenTek Triple Clean Advanced Clean Floss Picks, No Break & No Shred Floss, 150 Count, (Packaging May Vary)</p><p> -31% 0FF </p><p>$4.15 ($0.03 / Count)</p><a href="https://www.amazon.com/dp/B003K01BMI?tag=eloabder-20&linkCode=osi&th=1&psc=1">View Product</a></div><div class="product"><a href="https://www.amazon.com/dp/B07WFX1WD2?tag=eloabder-20&linkCode=osi&th=1&psc=1"><img src="https://m.media-amazon.com/images/I/51lqCql47sL._SL500_.jpg" alt="Product Image"></a><p>Oral-B Glide Dental Floss, Scope Flavor, 40m (Pack of 6)</p><p> -20% 0FF </p><p>$15.96 ($0.02 / Foot)</p><a href="https://www.amazon.com/dp/B07WFX1WD2?tag=eloabder-20&linkCode=osi&th=1&psc=1">View Product</a></div>
<div class="product"><a href="https://www.amazon.com/dp/B0BVT76MFH?tag=eloabder-20&linkCode=osi&th=1&psc=1"><img src="https://m.media-amazon.com/images/I/419kJTfLfGL._SL500_.jpg" alt="Product Image"></a><p>Crest 3D Whitestrips Sensitive At-Home Teeth Whitening Kit, 18 Treatments, Gently Removes 15 Years of Stains, Crest Whitestrips, Teeth Whitening Kit</p><p> -44% 0FF </p><p>$27.85 ($1.55 / Count)</p><a href="https://www.amazon.com/dp/B0BVT76MFH?tag=eloabder-20&linkCode=osi&th=1&psc=1">View Product</a></div>
<div class="product"><a href="https://www.amazon.com/dp/B0CK1791MR?tag=eloabder-20&linkCode=osi&th=1&psc=1"><img src="https://m.media-amazon.com/images/I/31CZvJQAbDL._SL500_.jpg" alt="Product Image"></a><p>Her Fantasy Box | Refresh pH Balancing Shower Gel - Natural Feminine Hygiene Solution for Gentle Cleansing, Odor Control, and Skin Nourishment - pH-Balanced Formula for All Skin Types (8 oz)</p><p> -6% 0FF </p><p>$14.99 ($1.87 / Fl Oz)</p><a href="https://www.amazon.com/dp/B0CK1791MR?tag=eloabder-20&linkCode=osi&th=1&psc=1">View Product</a></div><div class="product"><a href="https://www.amazon.com/dp/B08L4Q75QP?tag=eloabder-20&linkCode=osi&th=1&psc=1"><img src="https://m.media-amazon.com/images/I/51OkbLfz-2L._SL500_.jpg" alt="Product Image"></a><p>Playtex Sport Tampons Multipack (24ct Regular/24ct Super), Fragrance-Free - 48ct | Tampons Regular and Super, Playtex Tampon Multipack, Feminine Care with 360 Leak Defense</p><p> -29% 0FF </p><p>$9.97 ($0.21 / Count)</p><a href="https://www.amazon.com/dp/B08L4Q75QP?tag=eloabder-20&linkCode=osi&th=1&psc=1">View Product</a></div><div class="product"><a href="https://www.amazon.com/dp/B083M1RG6P?tag=eloabder-20&linkCode=osi&th=1&psc=1"><img src="https://m.media-amazon.com/images/I/51AHoXPV3gL._SL500_.jpg" alt="Product Image"></a><p>U by Kotex Tampons, Click Compact, Regular Absorbency, Unscented, 45 Count</p><p> -48% 0FF </p><p>$6.97 ($0.15 / Count)</p><a href="https://www.amazon.com/dp/B083M1RG6P?tag=eloabder-20&linkCode=osi&th=1&psc=1">View Product</a></div><div class="product"><a href="https://www.amazon.com/dp/B0D5FZGY8W?tag=eloabder-20&linkCode=osi&th=1&psc=1"><img src="https://m.media-amazon.com/images/I/51gWW6a+5uL._SL500_.jpg" alt="Product Image"></a><p>O Positiv URO Vaginal Probiotics for Women pH Balance with Prebiotics & Lactobacillus Probiotic Blend - Vaginal Health Supplement - Promote Healthy Vaginal Odor & Vaginal Flora, 60 Count (Pack of 1)</p><p> -10% 0FF </p><p>$28.97 ($0.48 / Count)</p><a href="https://www.amazon.com/dp/B0D5FZGY8W?tag=eloabder-20&linkCode=osi&th=1&psc=1">View Product</a></div><div class="product"><a href="https://www.amazon.com/dp/B01M1BLRC1?tag=eloabder-20&linkCode=osi&th=1&psc=1"><img src="https://m.media-amazon.com/images/I/51CVKq4e6UL._SL500_.jpg" alt="Product Image"></a><p>Always Maxi Overnight Pads with Wings for Women, Size 5, Extra Heavy Overnight Absorbency, Unscented, 36 Count</p><p> -5% 0FF </p><p>$10.47 ($0.29 / Count)</p><a href="https://www.amazon.com/dp/B01M1BLRC1?tag=eloabder-20&linkCode=osi&th=1&psc=1">View Product</a></div>
<div class="product"><a href="https://www.amazon.com/dp/B083M24HGP?tag=eloabder-20&linkCode=osi&th=1&psc=1"><img src="https://m.media-amazon.com/images/I/51iX7-G8XnL._SL500_.jpg" alt="Product Image"></a><p>U by Kotex Tampons, Click Compact Multipack, Regular/Super Absorbency, Unscented, 45 Count</p><p> -26% 0FF </p><p>$9.97 ($0.22 / Count)</p><a href="https://www.amazon.com/dp/B083M24HGP?tag=eloabder-20&linkCode=osi&th=1&psc=1">View Product</a></div><div class="product"><a href="https://www.amazon.com/dp/B0B33LJX6N?tag=eloabder-20&linkCode=osi&th=1&psc=1"><img src="https://m.media-amazon.com/images/I/512dGlJD9nL._SL500_.jpg" alt="Product Image"></a><p>Tampax Pearl Tampons for Women Multipack, with LeakGuard Braid, Light/Regular/Super Absorbency, Unscented, 94 Count (2 Packs of 47)</p><p> -7% 0FF </p><p>$21.36 ($0.23 / Count)</p><a href="https://www.amazon.com/dp/B0B33LJX6N?tag=eloabder-20&linkCode=osi&th=1&psc=1">View Product</a></div>

<div class="product"><a href="https://www.amazon.com/dp/B0FS2XTBJW?tag=eloabder-20&linkCode=osi&th=1&psc=1"><img src="https://m.media-amazon.com/images/I/413BHekXfiL._SL500_.jpg" alt="Product Image"></a><p>ZHIXJIA Knee Massager with Heat, 3-in-1 Smart Portable, 3 Vibration Modes and 3 Heating Levels LED Vitality Joints Knee Massager, Gift for Men and Women, Black</p><p> -78% 0FF </p><p>$99.99 ($99.99 / Count)</p><a href="https://www.amazon.com/dp/B0FS2XTBJW?tag=eloabder-20&linkCode=osi&th=1&psc=1">View Product</a></div><div class="product"><a href="https://www.amazon.com/dp/B0FHQ3WV4L?tag=eloabder-20&linkCode=osi&th=1&psc=1"><img src="https://m.media-amazon.com/images/I/412JLGi0PiL._SL500_.jpg" alt="Product Image"></a><p>DUBSTAR 3-in-1 Pill Crusher Pill Grinder, Pill Crusher Fine Powder with Brush, Pill Crushers for Elderly with Pill Cutter and Storage, Pill Cutter Splitter for Small or Large Pills (Green)</p><p> -29% 0FF </p><p>$9.99 ($9.99 / Count)</p><a href="https://www.amazon.com/dp/B0FHQ3WV4L?tag=eloabder-20&linkCode=osi&th=1&psc=1">View Product</a></div><div class="product"><a href="https://www.amazon.com/dp/B0FR4SPYFK?tag=eloabder-20&linkCode=osi&th=1&psc=1"><img src="https://m.media-amazon.com/images/I/41+owzP2llL._SL500_.jpg" alt="Product Image"></a><p>DEPAD Adjustable Pill Cutters Splitter for Small and Tiny Pills with Accurate Alignment, Pill Cutters for Small or Large Pills with Sharp Safe Blade</p><p> -23% 0FF </p><p>$9.99</p><a href="https://www.amazon.com/dp/B0FR4SPYFK?tag=eloabder-20&linkCode=osi&th=1&psc=1">View Product</a></div><div class="product"><a href="https://www.amazon.com/dp/B0F9NTTCWX?tag=eloabder-20&linkCode=osi&th=1&psc=1"><img src="https://m.media-amazon.com/images/I/51rTYaWSgtL._SL500_.jpg" alt="Product Image"></a><p>AUVON Dual Channel TENS Unit Muscle Stimulator Machine with 20 Modes, 2" and 2"x4" TENS Unit Electrode Pads (Red)</p><p> -28% 0FF </p><p>$25.99</p><a href="https://www.amazon.com/dp/B0F9NTTCWX?tag=eloabder-20&linkCode=osi&th=1&psc=1">View Product</a></div><div class="product"><a href="https://www.amazon.com/dp/B0D63FTHH4?tag=eloabder-20&linkCode=osi&th=1&psc=1"><img src="https://m.media-amazon.com/images/I/41Gu1013yRL._SL500_.jpg" alt="Product Image"></a><p>Yicotira 4 Pack Reusable Microfiber Mop Pads Compatible with Swiffer Sweeper - Dry Sweeping Cloths & Wet Pad Refills for Wet & Dry, Washable Pads Refills for Household Cleaning (Mop is not Included)</p><p> -34% 0FF </p><p>$8.54 ($2.14 / Count)</p><a href="https://www.amazon.com/dp/B0D63FTHH4?tag=eloabder-20&linkCode=osi&th=1&psc=1">View Product</a></div>
<div class="product"><a href="https://www.amazon.com/dp/B000ZLVUYO?tag=eloabder-20&linkCode=osi&th=1&psc=1"><img src="https://m.media-amazon.com/images/I/41CNAwwnEqL._SL500_.jpg" alt="Product Image"></a><p>It's A 10 Miracle Hair Mask, 8-Ounce</p><p> -16% 0FF </p><p>$25.99 ($3.25 / Fl Oz)</p><a href="https://www.amazon.com/dp/B000ZLVUYO?tag=eloabder-20&linkCode=osi&th=1&psc=1">View Product</a></div><div class="product"><a href="https://www.amazon.com/dp/B07VCGRBGT?tag=eloabder-20&linkCode=osi&th=1&psc=1"><img src="https://m.media-amazon.com/images/I/51QprRDhFoL._SL500_.jpg" alt="Product Image"></a><p>Palmer's Coconut Oil Formula Moisture Boost Protein Pack, Hair Treatment for Dry, Damaged, Over-Processed and Colored Hair, 2.1 Ounce (Pack of 12)</p><p> -67% 0FF </p><p>$11.09 ($0.92 / Ounce)</p><a href="https://www.amazon.com/dp/B07VCGRBGT?tag=eloabder-20&linkCode=osi&th=1&psc=1">View Product</a></div>
<div class="product"><a href="https://www.amazon.com/dp/B01A74442I?tag=eloabder-20&linkCode=osi&th=1&psc=1"><img src="https://m.media-amazon.com/images/I/51crUDqQzIL._SL500_.jpg" alt="Product Image"></a><p>Cliganic Organic Jojoba Oil, 100% Pure (4oz) | Moisturizing for Face, Hair, Skin & Nails | Natural Cold Pressed Hexane Free | Base Carrier Oil</p><p> -27% 0FF </p><p>$9.48 ($2.37 / Fl Oz)</p><a href="https://www.amazon.com/dp/B01A74442I?tag=eloabder-20&linkCode=osi&th=1&psc=1">View Product</a></div><div class="product"><a href="https://www.amazon.com/dp/B09PR9R9SL?tag=eloabder-20&linkCode=osi&th=1&psc=1"><img src="https://m.media-amazon.com/images/I/51EyKsoMSlL._SL500_.jpg" alt="Product Image"></a><p>KUKKA Rosemary Essential Oils - 4 Fl Oz - for Hair, Skin, Diffuser, Aromatherapy & DIY Soap Making Scent</p><p> -33% 0FF </p><p>$12.99 ($3.25 / Fl Oz)</p><a href="https://www.amazon.com/dp/B09PR9R9SL?tag=eloabder-20&linkCode=osi&th=1&psc=1">View Product</a></div><div class="product"><a href="https://www.amazon.com/dp/B004Z209HS?tag=eloabder-20&linkCode=osi&th=1&psc=1"><img src="https://m.media-amazon.com/images/I/41h5nZqdm+L._SL500_.jpg" alt="Product Image"></a><p>PURA D'OR 4 Oz ORGANIC Moroccan Argan Oil - USDA Certified 100% Pure & Cold Pressed Virgin Premium Grade Natural Moisturizer Treatment For Dry, Damaged Skin, Hair, Face, Body & Scalp - Men & Women</p><p> -12% 0FF </p><p>$14.99 ($3.75 / Fl Oz)</p><a href="https://www.amazon.com/dp/B004Z209HS?tag=eloabder-20&linkCode=osi&th=1&psc=1">View Product</a></div>
<div class="product"><a href="https://www.amazon.com/dp/B004YVDIAU?tag=eloabder-20&linkCode=osi&th=1&psc=1"><img src="https://m.media-amazon.com/images/I/313PkUEQj5L._SL500_.jpg" alt="Product Image"></a><p>Garnier Fructis Style Curl Sculpt Conditioning Cream Gel for Bounce & Moisture, 5.1 Fl Oz, 1 Count (Packaging May Vary)</p><p> -21% 0FF </p><p>$4.73 ($0.93 / Ounce)</p><a href="https://www.amazon.com/dp/B004YVDIAU?tag=eloabder-20&linkCode=osi&th=1&psc=1">View Product</a></div><div class="product"><a href="https://www.amazon.com/dp/B0002Z90RM?tag=eloabder-20&linkCode=osi&th=1&psc=1"><img src="https://m.media-amazon.com/images/I/31xKcrbq12L._SL500_.jpg" alt="Product Image"></a><p>RUSK Designer Collection Thick Body and Texture Amplifier Spray, 6 Oz, For Fine, Limp, Flat or Lazy Hair Types - Contains Wheat Protein, Adds Strength, Texture, Volume & Moisture</p><p> -5% 0FF </p><p>$17.50 ($2.92 / Fl Oz)</p><a href="https://www.amazon.com/dp/B0002Z90RM?tag=eloabder-20&linkCode=osi&th=1&psc=1">View Product</a></div><div class="product"><a href="https://www.amazon.com/dp/B0013NE2Y8?tag=eloabder-20&linkCode=osi&th=1&psc=1"><img src="https://m.media-amazon.com/images/I/31A8kEJJlIL._SL500_.jpg" alt="Product Image"></a><p>John Frieda Frizz Ease Original Hair Serum, Protecting Against Frizz, Heat, and Humidity While Adding Shine, Smooths Strands and Hydrates Parched Hair with Argan, Coconut, and Moringa Oil, 1.69 Oz</p><p> -33% 0FF </p><p>$8.01 ($4.74 / Fl Oz)</p><a href="https://www.amazon.com/dp/B0013NE2Y8?tag=eloabder-20&linkCode=osi&th=1&psc=1">View Product</a></div>
<div class="product"><a href="https://www.amazon.com/dp/B004BYSR6K?tag=eloabder-20&linkCode=osi&th=1&psc=1"><img src="https://m.media-amazon.com/images/I/41RMAGucP7L._SL500_.jpg" alt="Product Image"></a><p>L'Oreal Paris Excellence Crème Permanent Hair Dye, Triple Care Hair Color with Pro-Keratine Complex for 100% Gray Hair Coverage, 5 Medium Brown, 1 Kit</p><p> -23% 0FF </p><p>$9.98</p><a href="https://www.amazon.com/dp/B004BYSR6K?tag=eloabder-20&linkCode=osi&th=1&psc=1">View Product</a></div><div class="product"><a href="https://www.amazon.com/dp/B00006JN4P?tag=eloabder-20&linkCode=osi&th=1&psc=1"><img src="https://m.media-amazon.com/images/I/51mGD8V4I7L._SL500_.jpg" alt="Product Image"></a><p>L'Oreal Paris Superior Preference Fade-Defying + Shine Permanent Hair Color, 8 Medium Blonde, Pack of 1, Hair Dye</p><p> -36% 0FF </p><p>$8.97</p><a href="https://www.amazon.com/dp/B00006JN4P?tag=eloabder-20&linkCode=osi&th=1&psc=1">View Product</a></div><div class="product"><a href="https://www.amazon.com/dp/B000KOU7FE?tag=eloabder-20&linkCode=osi&th=1&psc=1"><img src="https://m.media-amazon.com/images/I/51BV0dgoMnL._SL500_.jpg" alt="Product Image"></a><p>L'Oreal Paris Feria Multi-Faceted Shimmering Permanent Hair Color, B61 Downtown Brown (Hi-Lift Cool Brown), Pack of 1, Hair Dye</p><p> -7% 0FF </p><p>$12.97</p><a href="https://www.amazon.com/dp/B000KOU7FE?tag=eloabder-20&linkCode=osi&th=1&psc=1">View Product</a></div><div class="product"><a href="https://www.amazon.com/dp/B003AYEGGW?tag=eloabder-20&linkCode=osi&th=1&psc=1"><img src="https://m.media-amazon.com/images/I/41usJCtVqUL._SL500_.jpg" alt="Product Image"></a><p>Clairol Root Touch-Up by Nice'n Easy Permanent Hair Dye, 2 Black Hair Color, Pack of 2</p><p> -6% 0FF </p><p>$15.96 ($7.25 / Fl Oz)</p><a href="https://www.amazon.com/dp/B003AYEGGW?tag=eloabder-20&linkCode=osi&th=1&psc=1">View Product</a></div><div class="product"><a href="https://www.amazon.com/dp/B000NSW0EI?tag=eloabder-20&linkCode=osi&th=1&psc=1"><img src="https://m.media-amazon.com/images/I/51ZOUeoIXAS._SL500_.jpg" alt="Product Image"></a><p>Just For Men Shampoo In Color, Hair Color for Men with Keratin and Vitamin E for Stronger Hair, Restores Natural Hair Color, Medium Brown, H-35, Pack of 3</p><p> -10% 0FF </p><p>$26.88</p><a href="https://www.amazon.com/dp/B000NSW0EI?tag=eloabder-20&linkCode=osi&th=1&psc=1">View Product</a></div><div class="product"><a href="https://www.amazon.com/dp/B004DKB08E?tag=eloabder-20&linkCode=osi&th=1&psc=1"><img src="https://m.media-amazon.com/images/I/41dA53oe85L._SL500_.jpg" alt="Product Image"></a><p>John Frieda Precision Foam Colour, Medium Natural Brown 5N, Full-coverage Hair Color Kit, Anti-Fade Gray Coverage, Deep Color Saturation Hair Dye, 1 Application</p><p> -8% 0FF </p><p>$11.92</p><a href="https://www.amazon.com/dp/B004DKB08E?tag=eloabder-20&linkCode=osi&th=1&psc=1">View Product</a></div><div class="product"><a href="https://www.amazon.com/dp/B000KOHSQA?tag=eloabder-20&linkCode=osi&th=1&psc=1"><img src="https://m.media-amazon.com/images/I/51voB2QwdLL._SL500_.jpg" alt="Product Image"></a><p>L'Oreal Paris Couleur Experte 2-Step Home Hair Color and Highlights Kit, French Éclair</p><p> -18% 0FF </p><p>$13.97</p><a href="https://www.amazon.com/dp/B000KOHSQA?tag=eloabder-20&linkCode=osi&th=1&psc=1">View Product</a></div>
<div class="product"><a href="https://www.amazon.com/dp/B005CSYTCU?tag=eloabder-20&linkCode=osi&th=1&psc=1"><img src="https://m.media-amazon.com/images/I/41og7wvl2GL._SL500_.jpg" alt="Product Image"></a><p>Goody Ouchless Polyband Hair Ties - 250 Ct, Clear, Latex Hair Bands for Women's Hair, Easy Glide, Ultra-Strong Hold Hair Accessories for Women & Men, Secure Hold Ridge Design, All Hair Types</p><p> -19% 0FF </p><p>$3.19 ($0.01 / Count)</p><a href="https://www.amazon.com/dp/B005CSYTCU?tag=eloabder-20&linkCode=osi&th=1&psc=1">View Product</a></div><div class="product"><a href="https://www.amazon.com/dp/B00CGN9LQ8?tag=eloabder-20&linkCode=osi&th=1&psc=1"><img src="https://m.media-amazon.com/images/I/41LhEO75hIL._SL500_.jpg" alt="Product Image"></a><p>Crave Naturals Glide Thru Hair Brush - Detangler Brush for Curly, Straight, Wet or Dry Hair - Gentle Detangling Brushes for Adults, Kids, Toddlers - Hair Accessories for Women, 7.5x3 - Pink</p><p> -47% 0FF </p><p>$8.49</p><a href="https://www.amazon.com/dp/B00CGN9LQ8?tag=eloabder-20&linkCode=osi&th=1&psc=1">View Product</a></div><div class="product"><a href="https://www.amazon.com/dp/B00DLWO7D0?tag=eloabder-20&linkCode=osi&th=1&psc=1"><img src="https://m.media-amazon.com/images/I/31ISZI2zfzL._SL500_.jpg" alt="Product Image"></a><p>Goody Smooth and Sleek Wood Styling Brush with Natural Boar Bristles, Flyaway Free Finish, For All Hair Types, Brown, 1CT</p><p> -20% 0FF </p><p>$4.62</p><a href="https://www.amazon.com/dp/B00DLWO7D0?tag=eloabder-20&linkCode=osi&th=1&psc=1">View Product</a></div>
<div class="product"><a href="https://www.amazon.com/dp/B00HFQQ0VU?tag=eloabder-20&linkCode=osi&th=1&psc=1"><img src="https://m.media-amazon.com/images/I/41J4CJ+ERsL._SL500_.jpg" alt="Product Image"></a><p>Waterpik Aquarius Water Flosser For Teeth Cleaning, Gums, Braces, Dental Care, Electric Power With 10 Settings, 7 Tips For Multiple Users And Needs, ADA Accepted, White WP-660, Packaging May Vary</p><p> -20% 0FF </p><p>$79.99</p><a href="https://www.amazon.com/dp/B00HFQQ0VU?tag=eloabder-20&linkCode=osi&th=1&psc=1">View Product</a></div><div class="product"><a href="https://www.amazon.com/dp/B000QXH4PK?tag=eloabder-20&linkCode=osi&th=1&psc=1"><img src="https://m.media-amazon.com/images/I/41BYUSQaRKL._SL500_.jpg" alt="Product Image"></a><p>Listerine PocketPaks Cool Mint Breath Strips, Portable Pocket-Sized Oral Care Mouth Freshener, Dissolving Strips Kill 99% of Bad Breath Germs, Sugar Free, 3 x 24-Strip Packs</p><p> -18% 0FF </p><p>$5.72 ($0.08 / Count)</p><a href="https://www.amazon.com/dp/B000QXH4PK?tag=eloabder-20&linkCode=osi&th=1&psc=1">View Product</a></div><div class="product"><a href="https://www.amazon.com/dp/B07LGSYTLM?tag=eloabder-20&linkCode=osi&th=1&psc=1"><img src="https://m.media-amazon.com/images/I/31YRxbr1qCL._SL500_.jpg" alt="Product Image"></a><p>DenTek Professional Oral Care Kit, Complete Set of Dental Tools Including Mirror, Dental Pick, Scaler & Stimulator</p><p> -9% 0FF </p><p>$6.39</p><a href="https://www.amazon.com/dp/B07LGSYTLM?tag=eloabder-20&linkCode=osi&th=1&psc=1">View Product</a></div><div class="product"><a href="https://www.amazon.com/dp/B01LAY47D0?tag=eloabder-20&linkCode=osi&th=1&psc=1"><img src="https://m.media-amazon.com/images/I/41y93UxXRvL._SL500_.jpg" alt="Product Image"></a><p>MasterMedi Tongue Scraper for Adults with Multicolor Travel Cases (2 Pack), 100% Stainless Steel, Reduce Bad Breath, Tongue Scrubber, Easy to Use, Tongue Cleaner for Oral Care & Hygiene</p><p> -34% 0FF </p><p>$9.95 ($4.98 / Count)</p><a href="https://www.amazon.com/dp/B01LAY47D0?tag=eloabder-20&linkCode=osi&th=1&psc=1">View Product</a></div>
<div class="product"><a href="https://www.amazon.com/dp/B09F8FZ18G?tag=eloabder-20&linkCode=osi&th=1&psc=1"><img src="https://m.media-amazon.com/images/I/51WkgqQXqCL._SL500_.jpg" alt="Product Image"></a><p>Crest 3D White Advanced Luminous Mint Teeth Whitening Toothpaste, Crest Toothpaste, 3.7 oz Pack of 4 - Helps Remove Surface Stains, Whitens Teeth, Strengthens Tooth Enamel, Protects Against Cavities</p><p> -20% 0FF </p><p>$11.99 ($0.81 / Ounce)</p><a href="https://www.amazon.com/dp/B09F8FZ18G?tag=eloabder-20&linkCode=osi&th=1&psc=1">View Product</a></div><div class="product"><a href="https://www.amazon.com/dp/B083JHCCV2?tag=eloabder-20&linkCode=osi&th=1&psc=1"><img src="https://m.media-amazon.com/images/I/31ppsn+WAqL._SL500_.jpg" alt="Product Image"></a><p>Boka Fluoride Free Toothpaste, Nano Hydroxyapatite Toothpaste, Appropriate for Sensitive Teeth - for Adult, Kids Oral Care - Ela Mint Flavor, 4 Fl Oz 1Pk US Manufactured</p><p> -10% 0FF </p><p>$11.75 ($2.94 / Ounce)</p><a href="https://www.amazon.com/dp/B083JHCCV2?tag=eloabder-20&linkCode=osi&th=1&psc=1">View Product</a></div><div class="product"><a href="https://www.amazon.com/dp/B0BLWLL3FV?tag=eloabder-20&linkCode=osi&th=1&psc=1"><img src="https://m.media-amazon.com/images/I/519IfsN7qIL._SL500_.jpg" alt="Product Image"></a><p>Colgate Total Whitening Toothpaste Paste, 5.1 oz, 4 Pack, Fluoride, Antibacterial, for Plaque, Gingivitis, Sensitivity, Stain Removal, Clinically Proven, Mint, Teeth Whitening, Stannous Fluoride</p><p> -10% 0FF </p><p>$14.38 ($0.70 / Fl Oz)</p><a href="https://www.amazon.com/dp/B0BLWLL3FV?tag=eloabder-20&linkCode=osi&th=1&psc=1">View Product</a></div>
<div class="product"><a href="https://www.amazon.com/dp/B00CC6XSRC?tag=eloabder-20&linkCode=osi&th=1&psc=1"><img src="https://m.media-amazon.com/images/I/41OKKVbMN-L._SL500_.jpg" alt="Product Image"></a><p>Colgate Extra Clean Toothbrush, Medium Toothbrush for Adults, 6 Pack</p><p> -10% 0FF </p><p>$4.96 ($0.83 / Count)</p><a href="https://www.amazon.com/dp/B00CC6XSRC?tag=eloabder-20&linkCode=osi&th=1&psc=1">View Product</a></div><div class="product"><a href="https://www.amazon.com/dp/B06XK2M3H3?tag=eloabder-20&linkCode=osi&th=1&psc=1"><img src="https://m.media-amazon.com/images/I/41tntn0c7BL._SL500_.jpg" alt="Product Image"></a><p>Oral-B 3D White Stain Eraser, 4 count SOFT manual tootbrush pack, Removes Stains, Whitens Teeth, Tongue and Cheek Cleaner</p><p> -12% 0FF </p><p>$7.92 ($1.98 / Count)</p><a href="https://www.amazon.com/dp/B06XK2M3H3?tag=eloabder-20&linkCode=osi&th=1&psc=1">View Product</a></div><div class="product"><a href="https://www.amazon.com/dp/B00H88K9EE?tag=eloabder-20&linkCode=osi&th=1&psc=1"><img src="https://m.media-amazon.com/images/I/51ah-EIUbsL._SL500_.jpg" alt="Product Image"></a><p>Colgate 360 Whole Mouth Toothbrush, Adult Toothbrushes Medium Bristles, Helps Remove Bad Breath Bacteria and Plaque, Medium Toothbrush Pack, Includes Cheek and Tongue Cleaner, 4 Pack</p><p> -18% 0FF </p><p>$8.19 ($2.05 / Count)</p><a href="https://www.amazon.com/dp/B00H88K9EE?tag=eloabder-20&linkCode=osi&th=1&psc=1">View Product</a></div><div class="product"><a href="https://www.amazon.com/dp/B003CP12QG?tag=eloabder-20&linkCode=osi&th=1&psc=1"><img src="https://m.media-amazon.com/images/I/41LPe-bdnPL._SL500_.jpg" alt="Product Image"></a><p>Oral-B Pulsar Pro-Health Expert Clean, Battery electric toothbrush, 2 count MEDIUM toothbrush pack, removes plaque, travel essentials tooth brush</p><p> -22% 0FF </p><p>$10.97 ($5.48 / Count)</p><a href="https://www.amazon.com/dp/B003CP12QG?tag=eloabder-20&linkCode=osi&th=1&psc=1">View Product</a></div>
<div class="product"><a href="https://www.amazon.com/dp/B0C881GLNM?tag=eloabder-20&linkCode=osi&th=1&psc=1"><img src="https://m.media-amazon.com/images/I/51C2ohy2RWL._SL500_.jpg" alt="Product Image"></a><p>Crest Pro-Health Advanced Mouthwash, Alcohol Free, Multi-Protection, Fresh Mint, 1 L (33.8 fl oz), Pack of 2, Blue</p><p> -9% 0FF </p><p>$10.97 ($0.16 / Fl Oz)</p><a href="https://www.amazon.com/dp/B0C881GLNM?tag=eloabder-20&linkCode=osi&th=1&psc=1">View Product</a></div><div class="product"><a href="https://www.amazon.com/dp/B005IHSPLQ?tag=eloabder-20&linkCode=osi&th=1&psc=1"><img src="https://m.media-amazon.com/images/I/31U2umAytxL._SL500_.jpg" alt="Product Image"></a><p>Listerine Alcohol-Free Mouthwash, Non Alcoholic Mint Oral Rinse Kills 99.9% of Germs That Cause Bad Breath for a Fresh Breath & Clean Mouth, Less Intense Taste, Cool Mint Flavor, 1 L</p><p> -25% 0FF </p><p>$6.99 ($0.21 / Fl Oz)</p><a href="https://www.amazon.com/dp/B005IHSPLQ?tag=eloabder-20&linkCode=osi&th=1&psc=1">View Product</a></div><div class="product"><a href="https://www.amazon.com/dp/B0126XBQK6?tag=eloabder-20&linkCode=osi&th=1&psc=1"><img src="https://m.media-amazon.com/images/I/51dT1Mhf3zL._SL500_.jpg" alt="Product Image"></a><p>Crest Pro-Health Advanced Mouthwash, Alcohol Free, Extra Whitening, Energizing Mint Flavor, 946 mL (32 fl oz)</p><p> -20% 0FF </p><p>$7.17 ($0.22 / Fl Oz)</p><a href="https://www.amazon.com/dp/B0126XBQK6?tag=eloabder-20&linkCode=osi&th=1&psc=1">View Product</a></div><div class="product"><a href="https://www.amazon.com/dp/B00495Q5OW?tag=eloabder-20&linkCode=osi&th=1&psc=1"><img src="https://m.media-amazon.com/images/I/41U0hz++OHL._SL500_.jpg" alt="Product Image"></a><p>Listerine Total Care Anticavity Fluoride Mouthwash, 6 Benefits in 1 Oral Rinse Helps Kill 99% of Bad Breath Germs, Prevents Cavities, Strengthens Teeth, ADA-Accepted, Fresh Mint, 1 L</p><p> -26% 0FF </p><p>$8.79 ($0.27 / fluid ounce(s))</p><a href="https://www.amazon.com/dp/B00495Q5OW?tag=eloabder-20&linkCode=osi&th=1&psc=1">View Product</a></div>
<div class="product"><a href="https://www.amazon.com/dp/B013OKRGWW?tag=eloabder-20&linkCode=osi&th=1&psc=1"><img src="https://m.media-amazon.com/images/I/31s8V2M+RVL._SL500_.jpg" alt="Product Image"></a><p>REACH Waxed Dental Floss, Mint, Plaque Remover for Teeth, Shred Resistant, Floss Slides Smoothly, Easy to Use, Waxed, Deep Cleaning Teeth, Oral Care, PFAS Free, for Adults & Kids, 1 Pack, 55 yd</p><p> -13% 0FF </p><p>$1.29 ($0.01 / Foot)</p><a href="https://www.amazon.com/dp/B013OKRGWW?tag=eloabder-20&linkCode=osi&th=1&psc=1">View Product</a></div><div class="product"><a href="https://www.amazon.com/dp/B014KZLWX4?tag=eloabder-20&linkCode=osi&th=1&psc=1"><img src="https://m.media-amazon.com/images/I/41GyDUKvKAL._SL500_.jpg" alt="Product Image"></a><p>REACH Waxed Dental Floss, Mint, Plaque Remover for Teeth, Shred Resistant, Floss Slides Smoothly, Easy to Use, Waxed, Deep Cleaning Teeth, Oral Care, PFAS Free, for Adults & Kids, 6 Pack, 55 yd</p><p> -13% 0FF </p><p>$10.74 ($0.01 / Foot)</p><a href="https://www.amazon.com/dp/B014KZLWX4?tag=eloabder-20&linkCode=osi&th=1&psc=1">View Product</a></div><div class="product"><a href="https://www.amazon.com/dp/B00UB7BO16?tag=eloabder-20&linkCode=osi&th=1&psc=1"><img src="https://m.media-amazon.com/images/I/41aZF2HKXrL._SL500_.jpg" alt="Product Image"></a><p>Oral-B Glide Complete Floss Picks, Dental Floss Picks, Scope Outlast, 75-ct, Toothpicks Floss Picks</p><p> -20% 0FF </p><p>$3.96 ($0.05 / Count)</p><a href="https://www.amazon.com/dp/B00UB7BO16?tag=eloabder-20&linkCode=osi&th=1&psc=1">View Product</a></div><div class="product"><a href="https://www.amazon.com/dp/B003K01BMI?tag=eloabder-20&linkCode=osi&th=1&psc=1"><img src="https://m.media-amazon.com/images/I/41r6iQVxOzL._SL500_.jpg" alt="Product Image"></a><p>DenTek Triple Clean Advanced Clean Floss Picks, No Break & No Shred Floss, 150 Count, (Packaging May Vary)</p><p> -31% 0FF </p><p>$4.15 ($0.03 / Count)</p><a href="https://www.amazon.com/dp/B003K01BMI?tag=eloabder-20&linkCode=osi&th=1&psc=1">View Product</a></div><div class="product"><a href="https://www.amazon.com/dp/B07WFX1WD2?tag=eloabder-20&linkCode=osi&th=1&psc=1"><img src="https://m.media-amazon.com/images/I/51lqCql47sL._SL500_.jpg" alt="Product Image"></a><p>Oral-B Glide Dental Floss, Scope Flavor, 40m (Pack of 6)</p><p> -20% 0FF </p><p>$15.96 ($0.02 / Foot)</p><a href="https://www.amazon.com/dp/B07WFX1WD2?tag=eloabder-20&linkCode=osi&th=1&psc=1">View Product</a></div>
<div class="product"><a href="https://www.amazon.com/dp/B0BVT76MFH?tag=eloabder-20&linkCode=osi&th=1&psc=1"><img src="https://m.media-amazon.com/images/I/419kJTfLfGL._SL500_.jpg" alt="Product Image"></a><p>Crest 3D Whitestrips Sensitive At-Home Teeth Whitening Kit, 18 Treatments, Gently Removes 15 Years of Stains, Crest Whitestrips, Teeth Whitening Kit</p><p> -44% 0FF </p><p>$27.85 ($1.55 / Count)</p><a href="https://www.amazon.com/dp/B0BVT76MFH?tag=eloabder-20&linkCode=osi&th=1&psc=1">View Product</a></div>
<div class="product"><a href="https://www.amazon.com/dp/B0CK1791MR?tag=eloabder-20&linkCode=osi&th=1&psc=1"><img src="https://m.media-amazon.com/images/I/31CZvJQAbDL._SL500_.jpg" alt="Product Image"></a><p>Her Fantasy Box | Refresh pH Balancing Shower Gel - Natural Feminine Hygiene Solution for Gentle Cleansing, Odor Control, and Skin Nourishment - pH-Balanced Formula for All Skin Types (8 oz)</p><p> -6% 0FF </p><p>$14.99 ($1.87 / Fl Oz)</p><a href="https://www.amazon.com/dp/B0CK1791MR?tag=eloabder-20&linkCode=osi&th=1&psc=1">View Product</a></div><div class="product"><a href="https://www.amazon.com/dp/B08L4Q75QP?tag=eloabder-20&linkCode=osi&th=1&psc=1"><img src="https://m.media-amazon.com/images/I/51OkbLfz-2L._SL500_.jpg" alt="Product Image"></a><p>Playtex Sport Tampons Multipack (24ct Regular/24ct Super), Fragrance-Free - 48ct | Tampons Regular and Super, Playtex Tampon Multipack, Feminine Care with 360 Leak Defense</p><p> -29% 0FF </p><p>$9.97 ($0.21 / Count)</p><a href="https://www.amazon.com/dp/B08L4Q75QP?tag=eloabder-20&linkCode=osi&th=1&psc=1">View Product</a></div><div class="product"><a href="https://www.amazon.com/dp/B083M1RG6P?tag=eloabder-20&linkCode=osi&th=1&psc=1"><img src="https://m.media-amazon.com/images/I/51AHoXPV3gL._SL500_.jpg" alt="Product Image"></a><p>U by Kotex Tampons, Click Compact, Regular Absorbency, Unscented, 45 Count</p><p> -48% 0FF </p><p>$6.97 ($0.15 / Count)</p><a href="https://www.amazon.com/dp/B083M1RG6P?tag=eloabder-20&linkCode=osi&th=1&psc=1">View Product</a></div><div class="product"><a href="https://www.amazon.com/dp/B0D5FZGY8W?tag=eloabder-20&linkCode=osi&th=1&psc=1"><img src="https://m.media-amazon.com/images/I/51gWW6a+5uL._SL500_.jpg" alt="Product Image"></a><p>O Positiv URO Vaginal Probiotics for Women pH Balance with Prebiotics & Lactobacillus Probiotic Blend - Vaginal Health Supplement - Promote Healthy Vaginal Odor & Vaginal Flora, 60 Count (Pack of 1)</p><p> -10% 0FF </p><p>$28.97 ($0.48 / Count)</p><a href="https://www.amazon.com/dp/B0D5FZGY8W?tag=eloabder-20&linkCode=osi&th=1&psc=1">View Product</a></div><div class="product"><a href="https://www.amazon.com/dp/B01M1BLRC1?tag=eloabder-20&linkCode=osi&th=1&psc=1"><img src="https://m.media-amazon.com/images/I/51CVKq4e6UL._SL500_.jpg" alt="Product Image"></a><p>Always Maxi Overnight Pads with Wings for Women, Size 5, Extra Heavy Overnight Absorbency, Unscented, 36 Count</p><p> -5% 0FF </p><p>$10.47 ($0.29 / Count)</p><a href="https://www.amazon.com/dp/B01M1BLRC1?tag=eloabder-20&linkCode=osi&th=1&psc=1">View Product</a></div>
<div class="product"><a href="https://www.amazon.com/dp/B083M24HGP?tag=eloabder-20&linkCode=osi&th=1&psc=1"><img src="https://m.media-amazon.com/images/I/51iX7-G8XnL._SL500_.jpg" alt="Product Image"></a><p>U by Kotex Tampons, Click Compact Multipack, Regular/Super Absorbency, Unscented, 45 Count</p><p> -26% 0FF </p><p>$9.97 ($0.22 / Count)</p><a href="https://www.amazon.com/dp/B083M24HGP?tag=eloabder-20&linkCode=osi&th=1&psc=1">View Product</a></div><div class="product"><a href="https://www.amazon.com/dp/B0B33LJX6N?tag=eloabder-20&linkCode=osi&th=1&psc=1"><img src="https://m.media-amazon.com/images/I/512dGlJD9nL._SL500_.jpg" alt="Product Image"></a><p>Tampax Pearl Tampons for Women Multipack, with LeakGuard Braid, Light/Regular/Super Absorbency, Unscented, 94 Count (2 Packs of 47)</p><p> -7% 0FF </p><p>$21.36 ($0.23 / Count)</p><a href="https://www.amazon.com/dp/B0B33LJX6N?tag=eloabder-20&linkCode=osi&th=1&psc=1">View Product</a></div>
<div class="product"><a href="https://www.amazon.com/dp/B01NAX7KC7?tag=eloabder-20&linkCode=osi&th=1&psc=1"><img src="https://m.media-amazon.com/images/I/51SOakjzHvL._SL500_.jpg" alt="Product Image"></a><p>Poise Overnight Incontinence & Postpartum Pads for Bladder Leaks, 8 Drop Extra Coverage, 72 Count (2 Packs of 36), Packaging May Vary</p><p> -7% 0FF </p><p>$41.99 ($0.58 / Count)</p><a href="https://www.amazon.com/dp/B01NAX7KC7?tag=eloabder-20&linkCode=osi&th=1&psc=1">View Product</a></div><div class="product"><a href="https://www.amazon.com/dp/B0BLGRQHCQ?tag=eloabder-20&linkCode=osi&th=1&psc=1"><img src="https://m.media-amazon.com/images/I/51tBxYlTu3L._SL500_.jpg" alt="Product Image"></a><p>Poise Incontinence & Postpartum Pads for Bladder Leaks, 7 Drop Ultra Absorbency, Long Length, 78 Count, Packaging May Vary</p><p> -17% 0FF </p><p>$42.96 ($0.55 / Count)</p><a href="https://www.amazon.com/dp/B0BLGRQHCQ?tag=eloabder-20&linkCode=osi&th=1&psc=1">View Product</a></div>

<div class="product"><a href="https://www.amazon.com/dp/B0FS2XTBJW?tag=eloabder-20&linkCode=osi&th=1&psc=1"><img src="https://m.media-amazon.com/images/I/413BHekXfiL._SL500_.jpg" alt="Product Image"></a><p>ZHIXJIA Knee Massager with Heat, 3-in-1 Smart Portable, 3 Vibration Modes and 3 Heating Levels LED Vitality Joints Knee Massager, Gift for Men and Women, Black</p><p> -78% 0FF </p><p>$99.99 ($99.99 / Count)</p><a href="https://www.amazon.com/dp/B0FS2XTBJW?tag=eloabder-20&linkCode=osi&th=1&psc=1">View Product</a></div><div class="product"><a href="https://www.amazon.com/dp/B0FHQ3WV4L?tag=eloabder-20&linkCode=osi&th=1&psc=1"><img src="https://m.media-amazon.com/images/I/412JLGi0PiL._SL500_.jpg" alt="Product Image"></a><p>DUBSTAR 3-in-1 Pill Crusher Pill Grinder, Pill Crusher Fine Powder with Brush, Pill Crushers for Elderly with Pill Cutter and Storage, Pill Cutter Splitter for Small or Large Pills (Green)</p><p> -29% 0FF </p><p>$9.99 ($9.99 / Count)</p><a href="https://www.amazon.com/dp/B0FHQ3WV4L?tag=eloabder-20&linkCode=osi&th=1&psc=1">View Product</a></div><div class="product"><a href="https://www.amazon.com/dp/B0FR4SPYFK?tag=eloabder-20&linkCode=osi&th=1&psc=1"><img src="https://m.media-amazon.com/images/I/41+owzP2llL._SL500_.jpg" alt="Product Image"></a><p>DEPAD Adjustable Pill Cutters Splitter for Small and Tiny Pills with Accurate Alignment, Pill Cutters for Small or Large Pills with Sharp Safe Blade</p><p> -23% 0FF </p><p>$9.99</p><a href="https://www.amazon.com/dp/B0FR4SPYFK?tag=eloabder-20&linkCode=osi&th=1&psc=1">View Product</a></div><div class="product"><a href="https://www.amazon.com/dp/B0F9NTTCWX?tag=eloabder-20&linkCode=osi&th=1&psc=1"><img src="https://m.media-amazon.com/images/I/51rTYaWSgtL._SL500_.jpg" alt="Product Image"></a><p>AUVON Dual Channel TENS Unit Muscle Stimulator Machine with 20 Modes, 2" and 2"x4" TENS Unit Electrode Pads (Red)</p><p> -28% 0FF </p><p>$25.99</p><a href="https://www.amazon.com/dp/B0F9NTTCWX?tag=eloabder-20&linkCode=osi&th=1&psc=1">View Product</a></div><div class="product"><a href="https://www.amazon.com/dp/B0D63FTHH4?tag=eloabder-20&linkCode=osi&th=1&psc=1"><img src="https://m.media-amazon.com/images/I/41Gu1013yRL._SL500_.jpg" alt="Product Image"></a><p>Yicotira 4 Pack Reusable Microfiber Mop Pads Compatible with Swiffer Sweeper - Dry Sweeping Cloths & Wet Pad Refills for Wet & Dry, Washable Pads Refills for Household Cleaning (Mop is not Included)</p><p> -34% 0FF </p><p>$8.54 ($2.14 / Count)</p><a href="https://www.amazon.com/dp/B0D63FTHH4?tag=eloabder-20&linkCode=osi&th=1&psc=1">View Product</a></div>
<div class="product"><a href="https://www.amazon.com/dp/B000ZLVUYO?tag=eloabder-20&linkCode=osi&th=1&psc=1"><img src="https://m.media-amazon.com/images/I/41CNAwwnEqL._SL500_.jpg" alt="Product Image"></a><p>It's A 10 Miracle Hair Mask, 8-Ounce</p><p> -16% 0FF </p><p>$25.99 ($3.25 / Fl Oz)</p><a href="https://www.amazon.com/dp/B000ZLVUYO?tag=eloabder-20&linkCode=osi&th=1&psc=1">View Product</a></div><div class="product"><a href="https://www.amazon.com/dp/B07VCGRBGT?tag=eloabder-20&linkCode=osi&th=1&psc=1"><img src="https://m.media-amazon.com/images/I/51QprRDhFoL._SL500_.jpg" alt="Product Image"></a><p>Palmer's Coconut Oil Formula Moisture Boost Protein Pack, Hair Treatment for Dry, Damaged, Over-Processed and Colored Hair, 2.1 Ounce (Pack of 12)</p><p> -67% 0FF </p><p>$11.09 ($0.92 / Ounce)</p><a href="https://www.amazon.com/dp/B07VCGRBGT?tag=eloabder-20&linkCode=osi&th=1&psc=1">View Product</a></div>
<div class="product"><a href="https://www.amazon.com/dp/B01A74442I?tag=eloabder-20&linkCode=osi&th=1&psc=1"><img src="https://m.media-amazon.com/images/I/51crUDqQzIL._SL500_.jpg" alt="Product Image"></a><p>Cliganic Organic Jojoba Oil, 100% Pure (4oz) | Moisturizing for Face, Hair, Skin & Nails | Natural Cold Pressed Hexane Free | Base Carrier Oil</p><p> -27% 0FF </p><p>$9.48 ($2.37 / Fl Oz)</p><a href="https://www.amazon.com/dp/B01A74442I?tag=eloabder-20&linkCode=osi&th=1&psc=1">View Product</a></div><div class="product"><a href="https://www.amazon.com/dp/B09PR9R9SL?tag=eloabder-20&linkCode=osi&th=1&psc=1"><img src="https://m.media-amazon.com/images/I/51EyKsoMSlL._SL500_.jpg" alt="Product Image"></a><p>KUKKA Rosemary Essential Oils - 4 Fl Oz - for Hair, Skin, Diffuser, Aromatherapy & DIY Soap Making Scent</p><p> -33% 0FF </p><p>$12.99 ($3.25 / Fl Oz)</p><a href="https://www.amazon.com/dp/B09PR9R9SL?tag=eloabder-20&linkCode=osi&th=1&psc=1">View Product</a></div><div class="product"><a href="https://www.amazon.com/dp/B004Z209HS?tag=eloabder-20&linkCode=osi&th=1&psc=1"><img src="https://m.media-amazon.com/images/I/41h5nZqdm+L._SL500_.jpg" alt="Product Image"></a><p>PURA D'OR 4 Oz ORGANIC Moroccan Argan Oil - USDA Certified 100% Pure & Cold Pressed Virgin Premium Grade Natural Moisturizer Treatment For Dry, Damaged Skin, Hair, Face, Body & Scalp - Men & Women</p><p> -12% 0FF </p><p>$14.99 ($3.75 / Fl Oz)</p><a href="https://www.amazon.com/dp/B004Z209HS?tag=eloabder-20&linkCode=osi&th=1&psc=1">View Product</a></div>
<div class="product"><a href="https://www.amazon.com/dp/B004YVDIAU?tag=eloabder-20&linkCode=osi&th=1&psc=1"><img src="https://m.media-amazon.com/images/I/313PkUEQj5L._SL500_.jpg" alt="Product Image"></a><p>Garnier Fructis Style Curl Sculpt Conditioning Cream Gel for Bounce & Moisture, 5.1 Fl Oz, 1 Count (Packaging May Vary)</p><p> -21% 0FF </p><p>$4.73 ($0.93 / Ounce)</p><a href="https://www.amazon.com/dp/B004YVDIAU?tag=eloabder-20&linkCode=osi&th=1&psc=1">View Product</a></div><div class="product"><a href="https://www.amazon.com/dp/B0002Z90RM?tag=eloabder-20&linkCode=osi&th=1&psc=1"><img src="https://m.media-amazon.com/images/I/31xKcrbq12L._SL500_.jpg" alt="Product Image"></a><p>RUSK Designer Collection Thick Body and Texture Amplifier Spray, 6 Oz, For Fine, Limp, Flat or Lazy Hair Types - Contains Wheat Protein, Adds Strength, Texture, Volume & Moisture</p><p> -5% 0FF </p><p>$17.50 ($2.92 / Fl Oz)</p><a href="https://www.amazon.com/dp/B0002Z90RM?tag=eloabder-20&linkCode=osi&th=1&psc=1">View Product</a></div><div class="product"><a href="https://www.amazon.com/dp/B0013NE2Y8?tag=eloabder-20&linkCode=osi&th=1&psc=1"><img src="https://m.media-amazon.com/images/I/31A8kEJJlIL._SL500_.jpg" alt="Product Image"></a><p>John Frieda Frizz Ease Original Hair Serum, Protecting Against Frizz, Heat, and Humidity While Adding Shine, Smooths Strands and Hydrates Parched Hair with Argan, Coconut, and Moringa Oil, 1.69 Oz</p><p> -33% 0FF </p><p>$8.01 ($4.74 / Fl Oz)</p><a href="https://www.amazon.com/dp/B0013NE2Y8?tag=eloabder-20&linkCode=osi&th=1&psc=1">View Product</a></div>
<div class="product"><a href="https://www.amazon.com/dp/B004BYSR6K?tag=eloabder-20&linkCode=osi&th=1&psc=1"><img src="https://m.media-amazon.com/images/I/41RMAGucP7L._SL500_.jpg" alt="Product Image"></a><p>L'Oreal Paris Excellence Crème Permanent Hair Dye, Triple Care Hair Color with Pro-Keratine Complex for 100% Gray Hair Coverage, 5 Medium Brown, 1 Kit</p><p> -23% 0FF </p><p>$9.98</p><a href="https://www.amazon.com/dp/B004BYSR6K?tag=eloabder-20&linkCode=osi&th=1&psc=1">View Product</a></div><div class="product"><a href="https://www.amazon.com/dp/B00006JN4P?tag=eloabder-20&linkCode=osi&th=1&psc=1"><img src="https://m.media-amazon.com/images/I/51mGD8V4I7L._SL500_.jpg" alt="Product Image"></a><p>L'Oreal Paris Superior Preference Fade-Defying + Shine Permanent Hair Color, 8 Medium Blonde, Pack of 1, Hair Dye</p><p> -36% 0FF </p><p>$8.97</p><a href="https://www.amazon.com/dp/B00006JN4P?tag=eloabder-20&linkCode=osi&th=1&psc=1">View Product</a></div><div class="product"><a href="https://www.amazon.com/dp/B000KOU7FE?tag=eloabder-20&linkCode=osi&th=1&psc=1"><img src="https://m.media-amazon.com/images/I/51BV0dgoMnL._SL500_.jpg" alt="Product Image"></a><p>L'Oreal Paris Feria Multi-Faceted Shimmering Permanent Hair Color, B61 Downtown Brown (Hi-Lift Cool Brown), Pack of 1, Hair Dye</p><p> -7% 0FF </p><p>$12.97</p><a href="https://www.amazon.com/dp/B000KOU7FE?tag=eloabder-20&linkCode=osi&th=1&psc=1">View Product</a></div><div class="product"><a href="https://www.amazon.com/dp/B003AYEGGW?tag=eloabder-20&linkCode=osi&th=1&psc=1"><img src="https://m.media-amazon.com/images/I/41usJCtVqUL._SL500_.jpg" alt="Product Image"></a><p>Clairol Root Touch-Up by Nice'n Easy Permanent Hair Dye, 2 Black Hair Color, Pack of 2</p><p> -6% 0FF </p><p>$15.96 ($7.25 / Fl Oz)</p><a href="https://www.amazon.com/dp/B003AYEGGW?tag=eloabder-20&linkCode=osi&th=1&psc=1">View Product</a></div><div class="product"><a href="https://www.amazon.com/dp/B000NSW0EI?tag=eloabder-20&linkCode=osi&th=1&psc=1"><img src="https://m.media-amazon.com/images/I/51ZOUeoIXAS._SL500_.jpg" alt="Product Image"></a><p>Just For Men Shampoo In Color, Hair Color for Men with Keratin and Vitamin E for Stronger Hair, Restores Natural Hair Color, Medium Brown, H-35, Pack of 3</p><p> -10% 0FF </p><p>$26.88</p><a href="https://www.amazon.com/dp/B000NSW0EI?tag=eloabder-20&linkCode=osi&th=1&psc=1">View Product</a></div><div class="product"><a href="https://www.amazon.com/dp/B004DKB08E?tag=eloabder-20&linkCode=osi&th=1&psc=1"><img src="https://m.media-amazon.com/images/I/41dA53oe85L._SL500_.jpg" alt="Product Image"></a><p>John Frieda Precision Foam Colour, Medium Natural Brown 5N, Full-coverage Hair Color Kit, Anti-Fade Gray Coverage, Deep Color Saturation Hair Dye, 1 Application</p><p> -8% 0FF </p><p>$11.92</p><a href="https://www.amazon.com/dp/B004DKB08E?tag=eloabder-20&linkCode=osi&th=1&psc=1">View Product</a></div><div class="product"><a href="https://www.amazon.com/dp/B000KOHSQA?tag=eloabder-20&linkCode=osi&th=1&psc=1"><img src="https://m.media-amazon.com/images/I/51voB2QwdLL._SL500_.jpg" alt="Product Image"></a><p>L'Oreal Paris Couleur Experte 2-Step Home Hair Color and Highlights Kit, French Éclair</p><p> -18% 0FF </p><p>$13.97</p><a href="https://www.amazon.com/dp/B000KOHSQA?tag=eloabder-20&linkCode=osi&th=1&psc=1">View Product</a></div>
<div class="product"><a href="https://www.amazon.com/dp/B005CSYTCU?tag=eloabder-20&linkCode=osi&th=1&psc=1"><img src="https://m.media-amazon.com/images/I/41og7wvl2GL._SL500_.jpg" alt="Product Image"></a><p>Goody Ouchless Polyband Hair Ties - 250 Ct, Clear, Latex Hair Bands for Women's Hair, Easy Glide, Ultra-Strong Hold Hair Accessories for Women & Men, Secure Hold Ridge Design, All Hair Types</p><p> -19% 0FF </p><p>$3.19 ($0.01 / Count)</p><a href="https://www.amazon.com/dp/B005CSYTCU?tag=eloabder-20&linkCode=osi&th=1&psc=1">View Product</a></div><div class="product"><a href="https://www.amazon.com/dp/B00CGN9LQ8?tag=eloabder-20&linkCode=osi&th=1&psc=1"><img src="https://m.media-amazon.com/images/I/41LhEO75hIL._SL500_.jpg" alt="Product Image"></a><p>Crave Naturals Glide Thru Hair Brush - Detangler Brush for Curly, Straight, Wet or Dry Hair - Gentle Detangling Brushes for Adults, Kids, Toddlers - Hair Accessories for Women, 7.5x3 - Pink</p><p> -47% 0FF </p><p>$8.49</p><a href="https://www.amazon.com/dp/B00CGN9LQ8?tag=eloabder-20&linkCode=osi&th=1&psc=1">View Product</a></div><div class="product"><a href="https://www.amazon.com/dp/B00DLWO7D0?tag=eloabder-20&linkCode=osi&th=1&psc=1"><img src="https://m.media-amazon.com/images/I/31ISZI2zfzL._SL500_.jpg" alt="Product Image"></a><p>Goody Smooth and Sleek Wood Styling Brush with Natural Boar Bristles, Flyaway Free Finish, For All Hair Types, Brown, 1CT</p><p> -20% 0FF </p><p>$4.62</p><a href="https://www.amazon.com/dp/B00DLWO7D0?tag=eloabder-20&linkCode=osi&th=1&psc=1">View Product</a></div>
<div class="product"><a href="https://www.amazon.com/dp/B00HFQQ0VU?tag=eloabder-20&linkCode=osi&th=1&psc=1"><img src="https://m.media-amazon.com/images/I/41J4CJ+ERsL._SL500_.jpg" alt="Product Image"></a><p>Waterpik Aquarius Water Flosser For Teeth Cleaning, Gums, Braces, Dental Care, Electric Power With 10 Settings, 7 Tips For Multiple Users And Needs, ADA Accepted, White WP-660, Packaging May Vary</p><p> -20% 0FF </p><p>$79.99</p><a href="https://www.amazon.com/dp/B00HFQQ0VU?tag=eloabder-20&linkCode=osi&th=1&psc=1">View Product</a></div><div class="product"><a href="https://www.amazon.com/dp/B000QXH4PK?tag=eloabder-20&linkCode=osi&th=1&psc=1"><img src="https://m.media-amazon.com/images/I/41BYUSQaRKL._SL500_.jpg" alt="Product Image"></a><p>Listerine PocketPaks Cool Mint Breath Strips, Portable Pocket-Sized Oral Care Mouth Freshener, Dissolving Strips Kill 99% of Bad Breath Germs, Sugar Free, 3 x 24-Strip Packs</p><p> -18% 0FF </p><p>$5.72 ($0.08 / Count)</p><a href="https://www.amazon.com/dp/B000QXH4PK?tag=eloabder-20&linkCode=osi&th=1&psc=1">View Product</a></div><div class="product"><a href="https://www.amazon.com/dp/B07LGSYTLM?tag=eloabder-20&linkCode=osi&th=1&psc=1"><img src="https://m.media-amazon.com/images/I/31YRxbr1qCL._SL500_.jpg" alt="Product Image"></a><p>DenTek Professional Oral Care Kit, Complete Set of Dental Tools Including Mirror, Dental Pick, Scaler & Stimulator</p><p> -9% 0FF </p><p>$6.39</p><a href="https://www.amazon.com/dp/B07LGSYTLM?tag=eloabder-20&linkCode=osi&th=1&psc=1">View Product</a></div><div class="product"><a href="https://www.amazon.com/dp/B01LAY47D0?tag=eloabder-20&linkCode=osi&th=1&psc=1"><img src="https://m.media-amazon.com/images/I/41y93UxXRvL._SL500_.jpg" alt="Product Image"></a><p>MasterMedi Tongue Scraper for Adults with Multicolor Travel Cases (2 Pack), 100% Stainless Steel, Reduce Bad Breath, Tongue Scrubber, Easy to Use, Tongue Cleaner for Oral Care & Hygiene</p><p> -34% 0FF </p><p>$9.95 ($4.98 / Count)</p><a href="https://www.amazon.com/dp/B01LAY47D0?tag=eloabder-20&linkCode=osi&th=1&psc=1">View Product</a></div>
<div class="product"><a href="https://www.amazon.com/dp/B09F8FZ18G?tag=eloabder-20&linkCode=osi&th=1&psc=1"><img src="https://m.media-amazon.com/images/I/51WkgqQXqCL._SL500_.jpg" alt="Product Image"></a><p>Crest 3D White Advanced Luminous Mint Teeth Whitening Toothpaste, Crest Toothpaste, 3.7 oz Pack of 4 - Helps Remove Surface Stains, Whitens Teeth, Strengthens Tooth Enamel, Protects Against Cavities</p><p> -20% 0FF </p><p>$11.99 ($0.81 / Ounce)</p><a href="https://www.amazon.com/dp/B09F8FZ18G?tag=eloabder-20&linkCode=osi&th=1&psc=1">View Product</a></div><div class="product"><a href="https://www.amazon.com/dp/B083JHCCV2?tag=eloabder-20&linkCode=osi&th=1&psc=1"><img src="https://m.media-amazon.com/images/I/31ppsn+WAqL._SL500_.jpg" alt="Product Image"></a><p>Boka Fluoride Free Toothpaste, Nano Hydroxyapatite Toothpaste, Appropriate for Sensitive Teeth - for Adult, Kids Oral Care - Ela Mint Flavor, 4 Fl Oz 1Pk US Manufactured</p><p> -10% 0FF </p><p>$11.75 ($2.94 / Ounce)</p><a href="https://www.amazon.com/dp/B083JHCCV2?tag=eloabder-20&linkCode=osi&th=1&psc=1">View Product</a></div><div class="product"><a href="https://www.amazon.com/dp/B0BLWLL3FV?tag=eloabder-20&linkCode=osi&th=1&psc=1"><img src="https://m.media-amazon.com/images/I/519IfsN7qIL._SL500_.jpg" alt="Product Image"></a><p>Colgate Total Whitening Toothpaste Paste, 5.1 oz, 4 Pack, Fluoride, Antibacterial, for Plaque, Gingivitis, Sensitivity, Stain Removal, Clinically Proven, Mint, Teeth Whitening, Stannous Fluoride</p><p> -10% 0FF </p><p>$14.38 ($0.70 / Fl Oz)</p><a href="https://www.amazon.com/dp/B0BLWLL3FV?tag=eloabder-20&linkCode=osi&th=1&psc=1">View Product</a></div>
<div class="product"><a href="https://www.amazon.com/dp/B00CC6XSRC?tag=eloabder-20&linkCode=osi&th=1&psc=1"><img src="https://m.media-amazon.com/images/I/41OKKVbMN-L._SL500_.jpg" alt="Product Image"></a><p>Colgate Extra Clean Toothbrush, Medium Toothbrush for Adults, 6 Pack</p><p> -10% 0FF </p><p>$4.96 ($0.83 / Count)</p><a href="https://www.amazon.com/dp/B00CC6XSRC?tag=eloabder-20&linkCode=osi&th=1&psc=1">View Product</a></div><div class="product"><a href="https://www.amazon.com/dp/B06XK2M3H3?tag=eloabder-20&linkCode=osi&th=1&psc=1"><img src="https://m.media-amazon.com/images/I/41tntn0c7BL._SL500_.jpg" alt="Product Image"></a><p>Oral-B 3D White Stain Eraser, 4 count SOFT manual tootbrush pack, Removes Stains, Whitens Teeth, Tongue and Cheek Cleaner</p><p> -12% 0FF </p><p>$7.92 ($1.98 / Count)</p><a href="https://www.amazon.com/dp/B06XK2M3H3?tag=eloabder-20&linkCode=osi&th=1&psc=1">View Product</a></div><div class="product"><a href="https://www.amazon.com/dp/B00H88K9EE?tag=eloabder-20&linkCode=osi&th=1&psc=1"><img src="https://m.media-amazon.com/images/I/51ah-EIUbsL._SL500_.jpg" alt="Product Image"></a><p>Colgate 360 Whole Mouth Toothbrush, Adult Toothbrushes Medium Bristles, Helps Remove Bad Breath Bacteria and Plaque, Medium Toothbrush Pack, Includes Cheek and Tongue Cleaner, 4 Pack</p><p> -18% 0FF </p><p>$8.19 ($2.05 / Count)</p><a href="https://www.amazon.com/dp/B00H88K9EE?tag=eloabder-20&linkCode=osi&th=1&psc=1">View Product</a></div><div class="product"><a href="https://www.amazon.com/dp/B003CP12QG?tag=eloabder-20&linkCode=osi&th=1&psc=1"><img src="https://m.media-amazon.com/images/I/41LPe-bdnPL._SL500_.jpg" alt="Product Image"></a><p>Oral-B Pulsar Pro-Health Expert Clean, Battery electric toothbrush, 2 count MEDIUM toothbrush pack, removes plaque, travel essentials tooth brush</p><p> -22% 0FF </p><p>$10.97 ($5.48 / Count)</p><a href="https://www.amazon.com/dp/B003CP12QG?tag=eloabder-20&linkCode=osi&th=1&psc=1">View Product</a></div>
<div class="product"><a href="https://www.amazon.com/dp/B0C881GLNM?tag=eloabder-20&linkCode=osi&th=1&psc=1"><img src="https://m.media-amazon.com/images/I/51C2ohy2RWL._SL500_.jpg" alt="Product Image"></a><p>Crest Pro-Health Advanced Mouthwash, Alcohol Free, Multi-Protection, Fresh Mint, 1 L (33.8 fl oz), Pack of 2, Blue</p><p> -9% 0FF </p><p>$10.97 ($0.16 / Fl Oz)</p><a href="https://www.amazon.com/dp/B0C881GLNM?tag=eloabder-20&linkCode=osi&th=1&psc=1">View Product</a></div><div class="product"><a href="https://www.amazon.com/dp/B005IHSPLQ?tag=eloabder-20&linkCode=osi&th=1&psc=1"><img src="https://m.media-amazon.com/images/I/31U2umAytxL._SL500_.jpg" alt="Product Image"></a><p>Listerine Alcohol-Free Mouthwash, Non Alcoholic Mint Oral Rinse Kills 99.9% of Germs That Cause Bad Breath for a Fresh Breath & Clean Mouth, Less Intense Taste, Cool Mint Flavor, 1 L</p><p> -25% 0FF </p><p>$6.99 ($0.21 / Fl Oz)</p><a href="https://www.amazon.com/dp/B005IHSPLQ?tag=eloabder-20&linkCode=osi&th=1&psc=1">View Product</a></div><div class="product"><a href="https://www.amazon.com/dp/B0126XBQK6?tag=eloabder-20&linkCode=osi&th=1&psc=1"><img src="https://m.media-amazon.com/images/I/51dT1Mhf3zL._SL500_.jpg" alt="Product Image"></a><p>Crest Pro-Health Advanced Mouthwash, Alcohol Free, Extra Whitening, Energizing Mint Flavor, 946 mL (32 fl oz)</p><p> -20% 0FF </p><p>$7.17 ($0.22 / Fl Oz)</p><a href="https://www.amazon.com/dp/B0126XBQK6?tag=eloabder-20&linkCode=osi&th=1&psc=1">View Product</a></div><div class="product"><a href="https://www.amazon.com/dp/B00495Q5OW?tag=eloabder-20&linkCode=osi&th=1&psc=1"><img src="https://m.media-amazon.com/images/I/41U0hz++OHL._SL500_.jpg" alt="Product Image"></a><p>Listerine Total Care Anticavity Fluoride Mouthwash, 6 Benefits in 1 Oral Rinse Helps Kill 99% of Bad Breath Germs, Prevents Cavities, Strengthens Teeth, ADA-Accepted, Fresh Mint, 1 L</p><p> -26% 0FF </p><p>$8.79 ($0.27 / fluid ounce(s))</p><a href="https://www.amazon.com/dp/B00495Q5OW?tag=eloabder-20&linkCode=osi&th=1&psc=1">View Product</a></div>
<div class="product"><a href="https://www.amazon.com/dp/B013OKRGWW?tag=eloabder-20&linkCode=osi&th=1&psc=1"><img src="https://m.media-amazon.com/images/I/31s8V2M+RVL._SL500_.jpg" alt="Product Image"></a><p>REACH Waxed Dental Floss, Mint, Plaque Remover for Teeth, Shred Resistant, Floss Slides Smoothly, Easy to Use, Waxed, Deep Cleaning Teeth, Oral Care, PFAS Free, for Adults & Kids, 1 Pack, 55 yd</p><p> -13% 0FF </p><p>$1.29 ($0.01 / Foot)</p><a href="https://www.amazon.com/dp/B013OKRGWW?tag=eloabder-20&linkCode=osi&th=1&psc=1">View Product</a></div><div class="product"><a href="https://www.amazon.com/dp/B014KZLWX4?tag=eloabder-20&linkCode=osi&th=1&psc=1"><img src="https://m.media-amazon.com/images/I/41GyDUKvKAL._SL500_.jpg" alt="Product Image"></a><p>REACH Waxed Dental Floss, Mint, Plaque Remover for Teeth, Shred Resistant, Floss Slides Smoothly, Easy to Use, Waxed, Deep Cleaning Teeth, Oral Care, PFAS Free, for Adults & Kids, 6 Pack, 55 yd</p><p> -13% 0FF </p><p>$10.74 ($0.01 / Foot)</p><a href="https://www.amazon.com/dp/B014KZLWX4?tag=eloabder-20&linkCode=osi&th=1&psc=1">View Product</a></div><div class="product"><a href="https://www.amazon.com/dp/B00UB7BO16?tag=eloabder-20&linkCode=osi&th=1&psc=1"><img src="https://m.media-amazon.com/images/I/41aZF2HKXrL._SL500_.jpg" alt="Product Image"></a><p>Oral-B Glide Complete Floss Picks, Dental Floss Picks, Scope Outlast, 75-ct, Toothpicks Floss Picks</p><p> -20% 0FF </p><p>$3.96 ($0.05 / Count)</p><a href="https://www.amazon.com/dp/B00UB7BO16?tag=eloabder-20&linkCode=osi&th=1&psc=1">View Product</a></div><div class="product"><a href="https://www.amazon.com/dp/B003K01BMI?tag=eloabder-20&linkCode=osi&th=1&psc=1"><img src="https://m.media-amazon.com/images/I/41r6iQVxOzL._SL500_.jpg" alt="Product Image"></a><p>DenTek Triple Clean Advanced Clean Floss Picks, No Break & No Shred Floss, 150 Count, (Packaging May Vary)</p><p> -31% 0FF </p><p>$4.15 ($0.03 / Count)</p><a href="https://www.amazon.com/dp/B003K01BMI?tag=eloabder-20&linkCode=osi&th=1&psc=1">View Product</a></div><div class="product"><a href="https://www.amazon.com/dp/B07WFX1WD2?tag=eloabder-20&linkCode=osi&th=1&psc=1"><img src="https://m.media-amazon.com/images/I/51lqCql47sL._SL500_.jpg" alt="Product Image"></a><p>Oral-B Glide Dental Floss, Scope Flavor, 40m (Pack of 6)</p><p> -20% 0FF </p><p>$15.96 ($0.02 / Foot)</p><a href="https://www.amazon.com/dp/B07WFX1WD2?tag=eloabder-20&linkCode=osi&th=1&psc=1">View Product</a></div>
<div class="product"><a href="https://www.amazon.com/dp/B0BVT76MFH?tag=eloabder-20&linkCode=osi&th=1&psc=1"><img src="https://m.media-amazon.com/images/I/419kJTfLfGL._SL500_.jpg" alt="Product Image"></a><p>Crest 3D Whitestrips Sensitive At-Home Teeth Whitening Kit, 18 Treatments, Gently Removes 15 Years of Stains, Crest Whitestrips, Teeth Whitening Kit</p><p> -44% 0FF </p><p>$27.85 ($1.55 / Count)</p><a href="https://www.amazon.com/dp/B0BVT76MFH?tag=eloabder-20&linkCode=osi&th=1&psc=1">View Product</a></div>
<div class="product"><a href="https://www.amazon.com/dp/B0CK1791MR?tag=eloabder-20&linkCode=osi&th=1&psc=1"><img src="https://m.media-amazon.com/images/I/31CZvJQAbDL._SL500_.jpg" alt="Product Image"></a><p>Her Fantasy Box | Refresh pH Balancing Shower Gel - Natural Feminine Hygiene Solution for Gentle Cleansing, Odor Control, and Skin Nourishment - pH-Balanced Formula for All Skin Types (8 oz)</p><p> -6% 0FF </p><p>$14.99 ($1.87 / Fl Oz)</p><a href="https://www.amazon.com/dp/B0CK1791MR?tag=eloabder-20&linkCode=osi&th=1&psc=1">View Product</a></div><div class="product"><a href="https://www.amazon.com/dp/B08L4Q75QP?tag=eloabder-20&linkCode=osi&th=1&psc=1"><img src="https://m.media-amazon.com/images/I/51OkbLfz-2L._SL500_.jpg" alt="Product Image"></a><p>Playtex Sport Tampons Multipack (24ct Regular/24ct Super), Fragrance-Free - 48ct | Tampons Regular and Super, Playtex Tampon Multipack, Feminine Care with 360 Leak Defense</p><p> -29% 0FF </p><p>$9.97 ($0.21 / Count)</p><a href="https://www.amazon.com/dp/B08L4Q75QP?tag=eloabder-20&linkCode=osi&th=1&psc=1">View Product</a></div><div class="product"><a href="https://www.amazon.com/dp/B083M1RG6P?tag=eloabder-20&linkCode=osi&th=1&psc=1"><img src="https://m.media-amazon.com/images/I/51AHoXPV3gL._SL500_.jpg" alt="Product Image"></a><p>U by Kotex Tampons, Click Compact, Regular Absorbency, Unscented, 45 Count</p><p> -48% 0FF </p><p>$6.97 ($0.15 / Count)</p><a href="https://www.amazon.com/dp/B083M1RG6P?tag=eloabder-20&linkCode=osi&th=1&psc=1">View Product</a></div><div class="product"><a href="https://www.amazon.com/dp/B0D5FZGY8W?tag=eloabder-20&linkCode=osi&th=1&psc=1"><img src="https://m.media-amazon.com/images/I/51gWW6a+5uL._SL500_.jpg" alt="Product Image"></a><p>O Positiv URO Vaginal Probiotics for Women pH Balance with Prebiotics & Lactobacillus Probiotic Blend - Vaginal Health Supplement - Promote Healthy Vaginal Odor & Vaginal Flora, 60 Count (Pack of 1)</p><p> -10% 0FF </p><p>$28.97 ($0.48 / Count)</p><a href="https://www.amazon.com/dp/B0D5FZGY8W?tag=eloabder-20&linkCode=osi&th=1&psc=1">View Product</a></div><div class="product"><a href="https://www.amazon.com/dp/B01M1BLRC1?tag=eloabder-20&linkCode=osi&th=1&psc=1"><img src="https://m.media-amazon.com/images/I/51CVKq4e6UL._SL500_.jpg" alt="Product Image"></a><p>Always Maxi Overnight Pads with Wings for Women, Size 5, Extra Heavy Overnight Absorbency, Unscented, 36 Count</p><p> -5% 0FF </p><p>$10.47 ($0.29 / Count)</p><a href="https://www.amazon.com/dp/B01M1BLRC1?tag=eloabder-20&linkCode=osi&th=1&psc=1">View Product</a></div>
<div class="product"><a href="https://www.amazon.com/dp/B083M24HGP?tag=eloabder-20&linkCode=osi&th=1&psc=1"><img src="https://m.media-amazon.com/images/I/51iX7-G8XnL._SL500_.jpg" alt="Product Image"></a><p>U by Kotex Tampons, Click Compact Multipack, Regular/Super Absorbency, Unscented, 45 Count</p><p> -26% 0FF </p><p>$9.97 ($0.22 / Count)</p><a href="https://www.amazon.com/dp/B083M24HGP?tag=eloabder-20&linkCode=osi&th=1&psc=1">View Product</a></div><div class="product"><a href="https://www.amazon.com/dp/B0B33LJX6N?tag=eloabder-20&linkCode=osi&th=1&psc=1"><img src="https://m.media-amazon.com/images/I/512dGlJD9nL._SL500_.jpg" alt="Product Image"></a><p>Tampax Pearl Tampons for Women Multipack, with LeakGuard Braid, Light/Regular/Super Absorbency, Unscented, 94 Count (2 Packs of 47)</p><p> -7% 0FF </p><p>$21.36 ($0.23 / Count)</p><a href="https://www.amazon.com/dp/B0B33LJX6N?tag=eloabder-20&linkCode=osi&th=1&psc=1">View Product</a></div>
<div class="product"><a href="https://www.amazon.com/dp/B01NAX7KC7?tag=eloabder-20&linkCode=osi&th=1&psc=1"><img src="https://m.media-amazon.com/images/I/51SOakjzHvL._SL500_.jpg" alt="Product Image"></a><p>Poise Overnight Incontinence & Postpartum Pads for Bladder Leaks, 8 Drop Extra Coverage, 72 Count (2 Packs of 36), Packaging May Vary</p><p> -7% 0FF </p><p>$41.99 ($0.58 / Count)</p><a href="https://www.amazon.com/dp/B01NAX7KC7?tag=eloabder-20&linkCode=osi&th=1&psc=1">View Product</a></div><div class="product"><a href="https://www.amazon.com/dp/B0BLGRQHCQ?tag=eloabder-20&linkCode=osi&th=1&psc=1"><img src="https://m.media-amazon.com/images/I/51tBxYlTu3L._SL500_.jpg" alt="Product Image"></a><p>Poise Incontinence & Postpartum Pads for Bladder Leaks, 7 Drop Ultra Absorbency, Long Length, 78 Count, Packaging May Vary</p><p> -17% 0FF </p><p>$42.96 ($0.55 / Count)</p><a href="https://www.amazon.com/dp/B0BLGRQHCQ?tag=eloabder-20&linkCode=osi&th=1&psc=1">View Product</a></div>
<div class="product"><a href="https://www.amazon.com/dp/B086JBZW48?tag=eloabder-20&linkCode=osi&th=1&psc=1"><img src="https://m.media-amazon.com/images/I/419mX5-k8XL._SL500_.jpg" alt="Product Image"></a><p>EcoBlossom Reusable Menstrual Cup Set - The Most Reliable Medical Grade Silicone Period Cups - Comfortably use for 12 Hours (Small & Large)</p><p> -20% 0FF </p><p>$15.99 ($8.00 / Count)</p><a href="https://www.amazon.com/dp/B086JBZW48?tag=eloabder-20&linkCode=osi&th=1&psc=1">View Product</a></div><div class="product"><a href="https://www.amazon.com/dp/B07QNVNDMQ?tag=eloabder-20&linkCode=osi&th=1&psc=1"><img src="https://m.media-amazon.com/images/I/41kGVRCvHnL._SL500_.jpg" alt="Product Image"></a><p>Croing Reusable Menstrual Cup Set of 4, Period Cup, 2 pcs Small and 2 pcs Large (Purple and White)</p><p> -33% 0FF </p><p>$9.99 ($2.50 / Count)</p><a href="https://www.amazon.com/dp/B07QNVNDMQ?tag=eloabder-20&linkCode=osi&th=1&psc=1">View Product</a></div><div class="product"><a href="https://www.amazon.com/dp/B08MYQJ95N?tag=eloabder-20&linkCode=osi&th=1&psc=1"><img src="https://m.media-amazon.com/images/I/41C-jls603L._SL500_.jpg" alt="Product Image"></a><p>YTYOMUR Menstrual Cup Steamer Sterilizer with 2 Reusable Menstrual Cups, Period Cups Cleaner Wash Kit</p><p> -37% 0FF </p><p>$20.24</p><a href="https://www.amazon.com/dp/B08MYQJ95N?tag=eloabder-20&linkCode=osi&th=1&psc=1">View Product</a></div><div class="product"><a href="https://www.amazon.com/dp/B081QNN9CD?tag=eloabder-20&linkCode=osi&th=1&psc=1"><img src="https://m.media-amazon.com/images/I/41vipuZyibL._SL500_.jpg" alt="Product Image"></a><p>Talisi Menstrual Cups Set of 2 with Collapsible Cleaner Silicone Sterilizer - Soft Reusable Period Kit - Tampon Pads Disc Alternative - Menstruation Feminine Cup Regular, Heavy Flow (Small & Large)</p><p> -10% 0FF </p><p>$8.99 ($2.25 / Count)</p><a href="https://www.amazon.com/dp/B081QNN9CD?tag=eloabder-20&linkCode=osi&th=1&psc=1">View Product</a></div><div class="product"><a href="https://www.amazon.com/dp/B087WK7LBS?tag=eloabder-20&linkCode=osi&th=1&psc=1"><img src="https://m.media-amazon.com/images/I/410uziY5NGL._SL500_.jpg" alt="Product Image"></a><p>Talisi Menstrual Cups - Reusable Soft Period Cups - Menstruation Feminine Hygiene Products with Silicone Collapsible Sterilizer Case - Regular & Heavy Flow - Large, Small Size Copa Menstrual Kit</p><p> -14% 0FF </p><p>$5.99 ($1.50 / Count)</p><a href="https://www.amazon.com/dp/B087WK7LBS?tag=eloabder-20&linkCode=osi&th=1&psc=1">View Product</a></div>

<div class="product"><a href="https://www.amazon.com/dp/B0FS2XTBJW?tag=eloabder-20&linkCode=osi&th=1&psc=1"><img src="https://m.media-amazon.com/images/I/413BHekXfiL._SL500_.jpg" alt="Product Image"></a><p>ZHIXJIA Knee Massager with Heat, 3-in-1 Smart Portable, 3 Vibration Modes and 3 Heating Levels LED Vitality Joints Knee Massager, Gift for Men and Women, Black</p><p> -78% 0FF </p><p>$99.99 ($99.99 / Count)</p><a href="https://www.amazon.com/dp/B0FS2XTBJW?tag=eloabder-20&linkCode=osi&th=1&psc=1">View Product</a></div><div class="product"><a href="https://www.amazon.com/dp/B0FHQ3WV4L?tag=eloabder-20&linkCode=osi&th=1&psc=1"><img src="https://m.media-amazon.com/images/I/412JLGi0PiL._SL500_.jpg" alt="Product Image"></a><p>DUBSTAR 3-in-1 Pill Crusher Pill Grinder, Pill Crusher Fine Powder with Brush, Pill Crushers for Elderly with Pill Cutter and Storage, Pill Cutter Splitter for Small or Large Pills (Green)</p><p> -29% 0FF </p><p>$9.99 ($9.99 / Count)</p><a href="https://www.amazon.com/dp/B0FHQ3WV4L?tag=eloabder-20&linkCode=osi&th=1&psc=1">View Product</a></div><div class="product"><a href="https://www.amazon.com/dp/B0FR4SPYFK?tag=eloabder-20&linkCode=osi&th=1&psc=1"><img src="https://m.media-amazon.com/images/I/41+owzP2llL._SL500_.jpg" alt="Product Image"></a><p>DEPAD Adjustable Pill Cutters Splitter for Small and Tiny Pills with Accurate Alignment, Pill Cutters for Small or Large Pills with Sharp Safe Blade</p><p> -23% 0FF </p><p>$9.99</p><a href="https://www.amazon.com/dp/B0FR4SPYFK?tag=eloabder-20&linkCode=osi&th=1&psc=1">View Product</a></div><div class="product"><a href="https://www.amazon.com/dp/B0F9NTTCWX?tag=eloabder-20&linkCode=osi&th=1&psc=1"><img src="https://m.media-amazon.com/images/I/51rTYaWSgtL._SL500_.jpg" alt="Product Image"></a><p>AUVON Dual Channel TENS Unit Muscle Stimulator Machine with 20 Modes, 2" and 2"x4" TENS Unit Electrode Pads (Red)</p><p> -28% 0FF </p><p>$25.99</p><a href="https://www.amazon.com/dp/B0F9NTTCWX?tag=eloabder-20&linkCode=osi&th=1&psc=1">View Product</a></div><div class="product"><a href="https://www.amazon.com/dp/B0D63FTHH4?tag=eloabder-20&linkCode=osi&th=1&psc=1"><img src="https://m.media-amazon.com/images/I/41Gu1013yRL._SL500_.jpg" alt="Product Image"></a><p>Yicotira 4 Pack Reusable Microfiber Mop Pads Compatible with Swiffer Sweeper - Dry Sweeping Cloths & Wet Pad Refills for Wet & Dry, Washable Pads Refills for Household Cleaning (Mop is not Included)</p><p> -34% 0FF </p><p>$8.54 ($2.14 / Count)</p><a href="https://www.amazon.com/dp/B0D63FTHH4?tag=eloabder-20&linkCode=osi&th=1&psc=1">View Product</a></div>
<div class="product"><a href="https://www.amazon.com/dp/B000ZLVUYO?tag=eloabder-20&linkCode=osi&th=1&psc=1"><img src="https://m.media-amazon.com/images/I/41CNAwwnEqL._SL500_.jpg" alt="Product Image"></a><p>It's A 10 Miracle Hair Mask, 8-Ounce</p><p> -16% 0FF </p><p>$25.99 ($3.25 / Fl Oz)</p><a href="https://www.amazon.com/dp/B000ZLVUYO?tag=eloabder-20&linkCode=osi&th=1&psc=1">View Product</a></div><div class="product"><a href="https://www.amazon.com/dp/B07VCGRBGT?tag=eloabder-20&linkCode=osi&th=1&psc=1"><img src="https://m.media-amazon.com/images/I/51QprRDhFoL._SL500_.jpg" alt="Product Image"></a><p>Palmer's Coconut Oil Formula Moisture Boost Protein Pack, Hair Treatment for Dry, Damaged, Over-Processed and Colored Hair, 2.1 Ounce (Pack of 12)</p><p> -67% 0FF </p><p>$11.09 ($0.92 / Ounce)</p><a href="https://www.amazon.com/dp/B07VCGRBGT?tag=eloabder-20&linkCode=osi&th=1&psc=1">View Product</a></div>
<div class="product"><a href="https://www.amazon.com/dp/B01A74442I?tag=eloabder-20&linkCode=osi&th=1&psc=1"><img src="https://m.media-amazon.com/images/I/51crUDqQzIL._SL500_.jpg" alt="Product Image"></a><p>Cliganic Organic Jojoba Oil, 100% Pure (4oz) | Moisturizing for Face, Hair, Skin & Nails | Natural Cold Pressed Hexane Free | Base Carrier Oil</p><p> -27% 0FF </p><p>$9.48 ($2.37 / Fl Oz)</p><a href="https://www.amazon.com/dp/B01A74442I?tag=eloabder-20&linkCode=osi&th=1&psc=1">View Product</a></div><div class="product"><a href="https://www.amazon.com/dp/B09PR9R9SL?tag=eloabder-20&linkCode=osi&th=1&psc=1"><img src="https://m.media-amazon.com/images/I/51EyKsoMSlL._SL500_.jpg" alt="Product Image"></a><p>KUKKA Rosemary Essential Oils - 4 Fl Oz - for Hair, Skin, Diffuser, Aromatherapy & DIY Soap Making Scent</p><p> -33% 0FF </p><p>$12.99 ($3.25 / Fl Oz)</p><a href="https://www.amazon.com/dp/B09PR9R9SL?tag=eloabder-20&linkCode=osi&th=1&psc=1">View Product</a></div><div class="product"><a href="https://www.amazon.com/dp/B004Z209HS?tag=eloabder-20&linkCode=osi&th=1&psc=1"><img src="https://m.media-amazon.com/images/I/41h5nZqdm+L._SL500_.jpg" alt="Product Image"></a><p>PURA D'OR 4 Oz ORGANIC Moroccan Argan Oil - USDA Certified 100% Pure & Cold Pressed Virgin Premium Grade Natural Moisturizer Treatment For Dry, Damaged Skin, Hair, Face, Body & Scalp - Men & Women</p><p> -12% 0FF </p><p>$14.99 ($3.75 / Fl Oz)</p><a href="https://www.amazon.com/dp/B004Z209HS?tag=eloabder-20&linkCode=osi&th=1&psc=1">View Product</a></div>
<div class="product"><a href="https://www.amazon.com/dp/B004YVDIAU?tag=eloabder-20&linkCode=osi&th=1&psc=1"><img src="https://m.media-amazon.com/images/I/313PkUEQj5L._SL500_.jpg" alt="Product Image"></a><p>Garnier Fructis Style Curl Sculpt Conditioning Cream Gel for Bounce & Moisture, 5.1 Fl Oz, 1 Count (Packaging May Vary)</p><p> -21% 0FF </p><p>$4.73 ($0.93 / Ounce)</p><a href="https://www.amazon.com/dp/B004YVDIAU?tag=eloabder-20&linkCode=osi&th=1&psc=1">View Product</a></div><div class="product"><a href="https://www.amazon.com/dp/B0002Z90RM?tag=eloabder-20&linkCode=osi&th=1&psc=1"><img src="https://m.media-amazon.com/images/I/31xKcrbq12L._SL500_.jpg" alt="Product Image"></a><p>RUSK Designer Collection Thick Body and Texture Amplifier Spray, 6 Oz, For Fine, Limp, Flat or Lazy Hair Types - Contains Wheat Protein, Adds Strength, Texture, Volume & Moisture</p><p> -5% 0FF </p><p>$17.50 ($2.92 / Fl Oz)</p><a href="https://www.amazon.com/dp/B0002Z90RM?tag=eloabder-20&linkCode=osi&th=1&psc=1">View Product</a></div><div class="product"><a href="https://www.amazon.com/dp/B0013NE2Y8?tag=eloabder-20&linkCode=osi&th=1&psc=1"><img src="https://m.media-amazon.com/images/I/31A8kEJJlIL._SL500_.jpg" alt="Product Image"></a><p>John Frieda Frizz Ease Original Hair Serum, Protecting Against Frizz, Heat, and Humidity While Adding Shine, Smooths Strands and Hydrates Parched Hair with Argan, Coconut, and Moringa Oil, 1.69 Oz</p><p> -33% 0FF </p><p>$8.01 ($4.74 / Fl Oz)</p><a href="https://www.amazon.com/dp/B0013NE2Y8?tag=eloabder-20&linkCode=osi&th=1&psc=1">View Product</a></div>
<div class="product"><a href="https://www.amazon.com/dp/B004BYSR6K?tag=eloabder-20&linkCode=osi&th=1&psc=1"><img src="https://m.media-amazon.com/images/I/41RMAGucP7L._SL500_.jpg" alt="Product Image"></a><p>L'Oreal Paris Excellence Crème Permanent Hair Dye, Triple Care Hair Color with Pro-Keratine Complex for 100% Gray Hair Coverage, 5 Medium Brown, 1 Kit</p><p> -23% 0FF </p><p>$9.98</p><a href="https://www.amazon.com/dp/B004BYSR6K?tag=eloabder-20&linkCode=osi&th=1&psc=1">View Product</a></div><div class="product"><a href="https://www.amazon.com/dp/B00006JN4P?tag=eloabder-20&linkCode=osi&th=1&psc=1"><img src="https://m.media-amazon.com/images/I/51mGD8V4I7L._SL500_.jpg" alt="Product Image"></a><p>L'Oreal Paris Superior Preference Fade-Defying + Shine Permanent Hair Color, 8 Medium Blonde, Pack of 1, Hair Dye</p><p> -36% 0FF </p><p>$8.97</p><a href="https://www.amazon.com/dp/B00006JN4P?tag=eloabder-20&linkCode=osi&th=1&psc=1">View Product</a></div><div class="product"><a href="https://www.amazon.com/dp/B000KOU7FE?tag=eloabder-20&linkCode=osi&th=1&psc=1"><img src="https://m.media-amazon.com/images/I/51BV0dgoMnL._SL500_.jpg" alt="Product Image"></a><p>L'Oreal Paris Feria Multi-Faceted Shimmering Permanent Hair Color, B61 Downtown Brown (Hi-Lift Cool Brown), Pack of 1, Hair Dye</p><p> -7% 0FF </p><p>$12.97</p><a href="https://www.amazon.com/dp/B000KOU7FE?tag=eloabder-20&linkCode=osi&th=1&psc=1">View Product</a></div><div class="product"><a href="https://www.amazon.com/dp/B003AYEGGW?tag=eloabder-20&linkCode=osi&th=1&psc=1"><img src="https://m.media-amazon.com/images/I/41usJCtVqUL._SL500_.jpg" alt="Product Image"></a><p>Clairol Root Touch-Up by Nice'n Easy Permanent Hair Dye, 2 Black Hair Color, Pack of 2</p><p> -6% 0FF </p><p>$15.96 ($7.25 / Fl Oz)</p><a href="https://www.amazon.com/dp/B003AYEGGW?tag=eloabder-20&linkCode=osi&th=1&psc=1">View Product</a></div><div class="product"><a href="https://www.amazon.com/dp/B000NSW0EI?tag=eloabder-20&linkCode=osi&th=1&psc=1"><img src="https://m.media-amazon.com/images/I/51ZOUeoIXAS._SL500_.jpg" alt="Product Image"></a><p>Just For Men Shampoo In Color, Hair Color for Men with Keratin and Vitamin E for Stronger Hair, Restores Natural Hair Color, Medium Brown, H-35, Pack of 3</p><p> -10% 0FF </p><p>$26.88</p><a href="https://www.amazon.com/dp/B000NSW0EI?tag=eloabder-20&linkCode=osi&th=1&psc=1">View Product</a></div><div class="product"><a href="https://www.amazon.com/dp/B004DKB08E?tag=eloabder-20&linkCode=osi&th=1&psc=1"><img src="https://m.media-amazon.com/images/I/41dA53oe85L._SL500_.jpg" alt="Product Image"></a><p>John Frieda Precision Foam Colour, Medium Natural Brown 5N, Full-coverage Hair Color Kit, Anti-Fade Gray Coverage, Deep Color Saturation Hair Dye, 1 Application</p><p> -8% 0FF </p><p>$11.92</p><a href="https://www.amazon.com/dp/B004DKB08E?tag=eloabder-20&linkCode=osi&th=1&psc=1">View Product</a></div><div class="product"><a href="https://www.amazon.com/dp/B000KOHSQA?tag=eloabder-20&linkCode=osi&th=1&psc=1"><img src="https://m.media-amazon.com/images/I/51voB2QwdLL._SL500_.jpg" alt="Product Image"></a><p>L'Oreal Paris Couleur Experte 2-Step Home Hair Color and Highlights Kit, French Éclair</p><p> -18% 0FF </p><p>$13.97</p><a href="https://www.amazon.com/dp/B000KOHSQA?tag=eloabder-20&linkCode=osi&th=1&psc=1">View Product</a></div>
<div class="product"><a href="https://www.amazon.com/dp/B005CSYTCU?tag=eloabder-20&linkCode=osi&th=1&psc=1"><img src="https://m.media-amazon.com/images/I/41og7wvl2GL._SL500_.jpg" alt="Product Image"></a><p>Goody Ouchless Polyband Hair Ties - 250 Ct, Clear, Latex Hair Bands for Women's Hair, Easy Glide, Ultra-Strong Hold Hair Accessories for Women & Men, Secure Hold Ridge Design, All Hair Types</p><p> -19% 0FF </p><p>$3.19 ($0.01 / Count)</p><a href="https://www.amazon.com/dp/B005CSYTCU?tag=eloabder-20&linkCode=osi&th=1&psc=1">View Product</a></div><div class="product"><a href="https://www.amazon.com/dp/B00CGN9LQ8?tag=eloabder-20&linkCode=osi&th=1&psc=1"><img src="https://m.media-amazon.com/images/I/41LhEO75hIL._SL500_.jpg" alt="Product Image"></a><p>Crave Naturals Glide Thru Hair Brush - Detangler Brush for Curly, Straight, Wet or Dry Hair - Gentle Detangling Brushes for Adults, Kids, Toddlers - Hair Accessories for Women, 7.5x3 - Pink</p><p> -47% 0FF </p><p>$8.49</p><a href="https://www.amazon.com/dp/B00CGN9LQ8?tag=eloabder-20&linkCode=osi&th=1&psc=1">View Product</a></div><div class="product"><a href="https://www.amazon.com/dp/B00DLWO7D0?tag=eloabder-20&linkCode=osi&th=1&psc=1"><img src="https://m.media-amazon.com/images/I/31ISZI2zfzL._SL500_.jpg" alt="Product Image"></a><p>Goody Smooth and Sleek Wood Styling Brush with Natural Boar Bristles, Flyaway Free Finish, For All Hair Types, Brown, 1CT</p><p> -20% 0FF </p><p>$4.62</p><a href="https://www.amazon.com/dp/B00DLWO7D0?tag=eloabder-20&linkCode=osi&th=1&psc=1">View Product</a></div>
<div class="product"><a href="https://www.amazon.com/dp/B00HFQQ0VU?tag=eloabder-20&linkCode=osi&th=1&psc=1"><img src="https://m.media-amazon.com/images/I/41J4CJ+ERsL._SL500_.jpg" alt="Product Image"></a><p>Waterpik Aquarius Water Flosser For Teeth Cleaning, Gums, Braces, Dental Care, Electric Power With 10 Settings, 7 Tips For Multiple Users And Needs, ADA Accepted, White WP-660, Packaging May Vary</p><p> -20% 0FF </p><p>$79.99</p><a href="https://www.amazon.com/dp/B00HFQQ0VU?tag=eloabder-20&linkCode=osi&th=1&psc=1">View Product</a></div><div class="product"><a href="https://www.amazon.com/dp/B000QXH4PK?tag=eloabder-20&linkCode=osi&th=1&psc=1"><img src="https://m.media-amazon.com/images/I/41BYUSQaRKL._SL500_.jpg" alt="Product Image"></a><p>Listerine PocketPaks Cool Mint Breath Strips, Portable Pocket-Sized Oral Care Mouth Freshener, Dissolving Strips Kill 99% of Bad Breath Germs, Sugar Free, 3 x 24-Strip Packs</p><p> -18% 0FF </p><p>$5.72 ($0.08 / Count)</p><a href="https://www.amazon.com/dp/B000QXH4PK?tag=eloabder-20&linkCode=osi&th=1&psc=1">View Product</a></div><div class="product"><a href="https://www.amazon.com/dp/B07LGSYTLM?tag=eloabder-20&linkCode=osi&th=1&psc=1"><img src="https://m.media-amazon.com/images/I/31YRxbr1qCL._SL500_.jpg" alt="Product Image"></a><p>DenTek Professional Oral Care Kit, Complete Set of Dental Tools Including Mirror, Dental Pick, Scaler & Stimulator</p><p> -9% 0FF </p><p>$6.39</p><a href="https://www.amazon.com/dp/B07LGSYTLM?tag=eloabder-20&linkCode=osi&th=1&psc=1">View Product</a></div><div class="product"><a href="https://www.amazon.com/dp/B01LAY47D0?tag=eloabder-20&linkCode=osi&th=1&psc=1"><img src="https://m.media-amazon.com/images/I/41y93UxXRvL._SL500_.jpg" alt="Product Image"></a><p>MasterMedi Tongue Scraper for Adults with Multicolor Travel Cases (2 Pack), 100% Stainless Steel, Reduce Bad Breath, Tongue Scrubber, Easy to Use, Tongue Cleaner for Oral Care & Hygiene</p><p> -34% 0FF </p><p>$9.95 ($4.98 / Count)</p><a href="https://www.amazon.com/dp/B01LAY47D0?tag=eloabder-20&linkCode=osi&th=1&psc=1">View Product</a></div>
<div class="product"><a href="https://www.amazon.com/dp/B09F8FZ18G?tag=eloabder-20&linkCode=osi&th=1&psc=1"><img src="https://m.media-amazon.com/images/I/51WkgqQXqCL._SL500_.jpg" alt="Product Image"></a><p>Crest 3D White Advanced Luminous Mint Teeth Whitening Toothpaste, Crest Toothpaste, 3.7 oz Pack of 4 - Helps Remove Surface Stains, Whitens Teeth, Strengthens Tooth Enamel, Protects Against Cavities</p><p> -20% 0FF </p><p>$11.99 ($0.81 / Ounce)</p><a href="https://www.amazon.com/dp/B09F8FZ18G?tag=eloabder-20&linkCode=osi&th=1&psc=1">View Product</a></div><div class="product"><a href="https://www.amazon.com/dp/B083JHCCV2?tag=eloabder-20&linkCode=osi&th=1&psc=1"><img src="https://m.media-amazon.com/images/I/31ppsn+WAqL._SL500_.jpg" alt="Product Image"></a><p>Boka Fluoride Free Toothpaste, Nano Hydroxyapatite Toothpaste, Appropriate for Sensitive Teeth - for Adult, Kids Oral Care - Ela Mint Flavor, 4 Fl Oz 1Pk US Manufactured</p><p> -10% 0FF </p><p>$11.75 ($2.94 / Ounce)</p><a href="https://www.amazon.com/dp/B083JHCCV2?tag=eloabder-20&linkCode=osi&th=1&psc=1">View Product</a></div><div class="product"><a href="https://www.amazon.com/dp/B0BLWLL3FV?tag=eloabder-20&linkCode=osi&th=1&psc=1"><img src="https://m.media-amazon.com/images/I/519IfsN7qIL._SL500_.jpg" alt="Product Image"></a><p>Colgate Total Whitening Toothpaste Paste, 5.1 oz, 4 Pack, Fluoride, Antibacterial, for Plaque, Gingivitis, Sensitivity, Stain Removal, Clinically Proven, Mint, Teeth Whitening, Stannous Fluoride</p><p> -10% 0FF </p><p>$14.38 ($0.70 / Fl Oz)</p><a href="https://www.amazon.com/dp/B0BLWLL3FV?tag=eloabder-20&linkCode=osi&th=1&psc=1">View Product</a></div>
<div class="product"><a href="https://www.amazon.com/dp/B00CC6XSRC?tag=eloabder-20&linkCode=osi&th=1&psc=1"><img src="https://m.media-amazon.com/images/I/41OKKVbMN-L._SL500_.jpg" alt="Product Image"></a><p>Colgate Extra Clean Toothbrush, Medium Toothbrush for Adults, 6 Pack</p><p> -10% 0FF </p><p>$4.96 ($0.83 / Count)</p><a href="https://www.amazon.com/dp/B00CC6XSRC?tag=eloabder-20&linkCode=osi&th=1&psc=1">View Product</a></div><div class="product"><a href="https://www.amazon.com/dp/B06XK2M3H3?tag=eloabder-20&linkCode=osi&th=1&psc=1"><img src="https://m.media-amazon.com/images/I/41tntn0c7BL._SL500_.jpg" alt="Product Image"></a><p>Oral-B 3D White Stain Eraser, 4 count SOFT manual tootbrush pack, Removes Stains, Whitens Teeth, Tongue and Cheek Cleaner</p><p> -12% 0FF </p><p>$7.92 ($1.98 / Count)</p><a href="https://www.amazon.com/dp/B06XK2M3H3?tag=eloabder-20&linkCode=osi&th=1&psc=1">View Product</a></div><div class="product"><a href="https://www.amazon.com/dp/B00H88K9EE?tag=eloabder-20&linkCode=osi&th=1&psc=1"><img src="https://m.media-amazon.com/images/I/51ah-EIUbsL._SL500_.jpg" alt="Product Image"></a><p>Colgate 360 Whole Mouth Toothbrush, Adult Toothbrushes Medium Bristles, Helps Remove Bad Breath Bacteria and Plaque, Medium Toothbrush Pack, Includes Cheek and Tongue Cleaner, 4 Pack</p><p> -18% 0FF </p><p>$8.19 ($2.05 / Count)</p><a href="https://www.amazon.com/dp/B00H88K9EE?tag=eloabder-20&linkCode=osi&th=1&psc=1">View Product</a></div><div class="product"><a href="https://www.amazon.com/dp/B003CP12QG?tag=eloabder-20&linkCode=osi&th=1&psc=1"><img src="https://m.media-amazon.com/images/I/41LPe-bdnPL._SL500_.jpg" alt="Product Image"></a><p>Oral-B Pulsar Pro-Health Expert Clean, Battery electric toothbrush, 2 count MEDIUM toothbrush pack, removes plaque, travel essentials tooth brush</p><p> -22% 0FF </p><p>$10.97 ($5.48 / Count)</p><a href="https://www.amazon.com/dp/B003CP12QG?tag=eloabder-20&linkCode=osi&th=1&psc=1">View Product</a></div>
<div class="product"><a href="https://www.amazon.com/dp/B0C881GLNM?tag=eloabder-20&linkCode=osi&th=1&psc=1"><img src="https://m.media-amazon.com/images/I/51C2ohy2RWL._SL500_.jpg" alt="Product Image"></a><p>Crest Pro-Health Advanced Mouthwash, Alcohol Free, Multi-Protection, Fresh Mint, 1 L (33.8 fl oz), Pack of 2, Blue</p><p> -9% 0FF </p><p>$10.97 ($0.16 / Fl Oz)</p><a href="https://www.amazon.com/dp/B0C881GLNM?tag=eloabder-20&linkCode=osi&th=1&psc=1">View Product</a></div><div class="product"><a href="https://www.amazon.com/dp/B005IHSPLQ?tag=eloabder-20&linkCode=osi&th=1&psc=1"><img src="https://m.media-amazon.com/images/I/31U2umAytxL._SL500_.jpg" alt="Product Image"></a><p>Listerine Alcohol-Free Mouthwash, Non Alcoholic Mint Oral Rinse Kills 99.9% of Germs That Cause Bad Breath for a Fresh Breath & Clean Mouth, Less Intense Taste, Cool Mint Flavor, 1 L</p><p> -25% 0FF </p><p>$6.99 ($0.21 / Fl Oz)</p><a href="https://www.amazon.com/dp/B005IHSPLQ?tag=eloabder-20&linkCode=osi&th=1&psc=1">View Product</a></div><div class="product"><a href="https://www.amazon.com/dp/B0126XBQK6?tag=eloabder-20&linkCode=osi&th=1&psc=1"><img src="https://m.media-amazon.com/images/I/51dT1Mhf3zL._SL500_.jpg" alt="Product Image"></a><p>Crest Pro-Health Advanced Mouthwash, Alcohol Free, Extra Whitening, Energizing Mint Flavor, 946 mL (32 fl oz)</p><p> -20% 0FF </p><p>$7.17 ($0.22 / Fl Oz)</p><a href="https://www.amazon.com/dp/B0126XBQK6?tag=eloabder-20&linkCode=osi&th=1&psc=1">View Product</a></div><div class="product"><a href="https://www.amazon.com/dp/B00495Q5OW?tag=eloabder-20&linkCode=osi&th=1&psc=1"><img src="https://m.media-amazon.com/images/I/41U0hz++OHL._SL500_.jpg" alt="Product Image"></a><p>Listerine Total Care Anticavity Fluoride Mouthwash, 6 Benefits in 1 Oral Rinse Helps Kill 99% of Bad Breath Germs, Prevents Cavities, Strengthens Teeth, ADA-Accepted, Fresh Mint, 1 L</p><p> -26% 0FF </p><p>$8.79 ($0.27 / fluid ounce(s))</p><a href="https://www.amazon.com/dp/B00495Q5OW?tag=eloabder-20&linkCode=osi&th=1&psc=1">View Product</a></div>
<div class="product"><a href="https://www.amazon.com/dp/B013OKRGWW?tag=eloabder-20&linkCode=osi&th=1&psc=1"><img src="https://m.media-amazon.com/images/I/31s8V2M+RVL._SL500_.jpg" alt="Product Image"></a><p>REACH Waxed Dental Floss, Mint, Plaque Remover for Teeth, Shred Resistant, Floss Slides Smoothly, Easy to Use, Waxed, Deep Cleaning Teeth, Oral Care, PFAS Free, for Adults & Kids, 1 Pack, 55 yd</p><p> -13% 0FF </p><p>$1.29 ($0.01 / Foot)</p><a href="https://www.amazon.com/dp/B013OKRGWW?tag=eloabder-20&linkCode=osi&th=1&psc=1">View Product</a></div><div class="product"><a href="https://www.amazon.com/dp/B014KZLWX4?tag=eloabder-20&linkCode=osi&th=1&psc=1"><img src="https://m.media-amazon.com/images/I/41GyDUKvKAL._SL500_.jpg" alt="Product Image"></a><p>REACH Waxed Dental Floss, Mint, Plaque Remover for Teeth, Shred Resistant, Floss Slides Smoothly, Easy to Use, Waxed, Deep Cleaning Teeth, Oral Care, PFAS Free, for Adults & Kids, 6 Pack, 55 yd</p><p> -13% 0FF </p><p>$10.74 ($0.01 / Foot)</p><a href="https://www.amazon.com/dp/B014KZLWX4?tag=eloabder-20&linkCode=osi&th=1&psc=1">View Product</a></div><div class="product"><a href="https://www.amazon.com/dp/B00UB7BO16?tag=eloabder-20&linkCode=osi&th=1&psc=1"><img src="https://m.media-amazon.com/images/I/41aZF2HKXrL._SL500_.jpg" alt="Product Image"></a><p>Oral-B Glide Complete Floss Picks, Dental Floss Picks, Scope Outlast, 75-ct, Toothpicks Floss Picks</p><p> -20% 0FF </p><p>$3.96 ($0.05 / Count)</p><a href="https://www.amazon.com/dp/B00UB7BO16?tag=eloabder-20&linkCode=osi&th=1&psc=1">View Product</a></div><div class="product"><a href="https://www.amazon.com/dp/B003K01BMI?tag=eloabder-20&linkCode=osi&th=1&psc=1"><img src="https://m.media-amazon.com/images/I/41r6iQVxOzL._SL500_.jpg" alt="Product Image"></a><p>DenTek Triple Clean Advanced Clean Floss Picks, No Break & No Shred Floss, 150 Count, (Packaging May Vary)</p><p> -31% 0FF </p><p>$4.15 ($0.03 / Count)</p><a href="https://www.amazon.com/dp/B003K01BMI?tag=eloabder-20&linkCode=osi&th=1&psc=1">View Product</a></div><div class="product"><a href="https://www.amazon.com/dp/B07WFX1WD2?tag=eloabder-20&linkCode=osi&th=1&psc=1"><img src="https://m.media-amazon.com/images/I/51lqCql47sL._SL500_.jpg" alt="Product Image"></a><p>Oral-B Glide Dental Floss, Scope Flavor, 40m (Pack of 6)</p><p> -20% 0FF </p><p>$15.96 ($0.02 / Foot)</p><a href="https://www.amazon.com/dp/B07WFX1WD2?tag=eloabder-20&linkCode=osi&th=1&psc=1">View Product</a></div>
<div class="product"><a href="https://www.amazon.com/dp/B0BVT76MFH?tag=eloabder-20&linkCode=osi&th=1&psc=1"><img src="https://m.media-amazon.com/images/I/419kJTfLfGL._SL500_.jpg" alt="Product Image"></a><p>Crest 3D Whitestrips Sensitive At-Home Teeth Whitening Kit, 18 Treatments, Gently Removes 15 Years of Stains, Crest Whitestrips, Teeth Whitening Kit</p><p> -44% 0FF </p><p>$27.85 ($1.55 / Count)</p><a href="https://www.amazon.com/dp/B0BVT76MFH?tag=eloabder-20&linkCode=osi&th=1&psc=1">View Product</a></div>
<div class="product"><a href="https://www.amazon.com/dp/B0CK1791MR?tag=eloabder-20&linkCode=osi&th=1&psc=1"><img src="https://m.media-amazon.com/images/I/31CZvJQAbDL._SL500_.jpg" alt="Product Image"></a><p>Her Fantasy Box | Refresh pH Balancing Shower Gel - Natural Feminine Hygiene Solution for Gentle Cleansing, Odor Control, and Skin Nourishment - pH-Balanced Formula for All Skin Types (8 oz)</p><p> -6% 0FF </p><p>$14.99 ($1.87 / Fl Oz)</p><a href="https://www.amazon.com/dp/B0CK1791MR?tag=eloabder-20&linkCode=osi&th=1&psc=1">View Product</a></div><div class="product"><a href="https://www.amazon.com/dp/B08L4Q75QP?tag=eloabder-20&linkCode=osi&th=1&psc=1"><img src="https://m.media-amazon.com/images/I/51OkbLfz-2L._SL500_.jpg" alt="Product Image"></a><p>Playtex Sport Tampons Multipack (24ct Regular/24ct Super), Fragrance-Free - 48ct | Tampons Regular and Super, Playtex Tampon Multipack, Feminine Care with 360 Leak Defense</p><p> -29% 0FF </p><p>$9.97 ($0.21 / Count)</p><a href="https://www.amazon.com/dp/B08L4Q75QP?tag=eloabder-20&linkCode=osi&th=1&psc=1">View Product</a></div><div class="product"><a href="https://www.amazon.com/dp/B083M1RG6P?tag=eloabder-20&linkCode=osi&th=1&psc=1"><img src="https://m.media-amazon.com/images/I/51AHoXPV3gL._SL500_.jpg" alt="Product Image"></a><p>U by Kotex Tampons, Click Compact, Regular Absorbency, Unscented, 45 Count</p><p> -48% 0FF </p><p>$6.97 ($0.15 / Count)</p><a href="https://www.amazon.com/dp/B083M1RG6P?tag=eloabder-20&linkCode=osi&th=1&psc=1">View Product</a></div><div class="product"><a href="https://www.amazon.com/dp/B0D5FZGY8W?tag=eloabder-20&linkCode=osi&th=1&psc=1"><img src="https://m.media-amazon.com/images/I/51gWW6a+5uL._SL500_.jpg" alt="Product Image"></a><p>O Positiv URO Vaginal Probiotics for Women pH Balance with Prebiotics & Lactobacillus Probiotic Blend - Vaginal Health Supplement - Promote Healthy Vaginal Odor & Vaginal Flora, 60 Count (Pack of 1)</p><p> -10% 0FF </p><p>$28.97 ($0.48 / Count)</p><a href="https://www.amazon.com/dp/B0D5FZGY8W?tag=eloabder-20&linkCode=osi&th=1&psc=1">View Product</a></div><div class="product"><a href="https://www.amazon.com/dp/B01M1BLRC1?tag=eloabder-20&linkCode=osi&th=1&psc=1"><img src="https://m.media-amazon.com/images/I/51CVKq4e6UL._SL500_.jpg" alt="Product Image"></a><p>Always Maxi Overnight Pads with Wings for Women, Size 5, Extra Heavy Overnight Absorbency, Unscented, 36 Count</p><p> -5% 0FF </p><p>$10.47 ($0.29 / Count)</p><a href="https://www.amazon.com/dp/B01M1BLRC1?tag=eloabder-20&linkCode=osi&th=1&psc=1">View Product</a></div>
<div class="product"><a href="https://www.amazon.com/dp/B083M24HGP?tag=eloabder-20&linkCode=osi&th=1&psc=1"><img src="https://m.media-amazon.com/images/I/51iX7-G8XnL._SL500_.jpg" alt="Product Image"></a><p>U by Kotex Tampons, Click Compact Multipack, Regular/Super Absorbency, Unscented, 45 Count</p><p> -26% 0FF </p><p>$9.97 ($0.22 / Count)</p><a href="https://www.amazon.com/dp/B083M24HGP?tag=eloabder-20&linkCode=osi&th=1&psc=1">View Product</a></div><div class="product"><a href="https://www.amazon.com/dp/B0B33LJX6N?tag=eloabder-20&linkCode=osi&th=1&psc=1"><img src="https://m.media-amazon.com/images/I/512dGlJD9nL._SL500_.jpg" alt="Product Image"></a><p>Tampax Pearl Tampons for Women Multipack, with LeakGuard Braid, Light/Regular/Super Absorbency, Unscented, 94 Count (2 Packs of 47)</p><p> -7% 0FF </p><p>$21.36 ($0.23 / Count)</p><a href="https://www.amazon.com/dp/B0B33LJX6N?tag=eloabder-20&linkCode=osi&th=1&psc=1">View Product</a></div>
<div class="product"><a href="https://www.amazon.com/dp/B01NAX7KC7?tag=eloabder-20&linkCode=osi&th=1&psc=1"><img src="https://m.media-amazon.com/images/I/51SOakjzHvL._SL500_.jpg" alt="Product Image"></a><p>Poise Overnight Incontinence & Postpartum Pads for Bladder Leaks, 8 Drop Extra Coverage, 72 Count (2 Packs of 36), Packaging May Vary</p><p> -7% 0FF </p><p>$41.99 ($0.58 / Count)</p><a href="https://www.amazon.com/dp/B01NAX7KC7?tag=eloabder-20&linkCode=osi&th=1&psc=1">View Product</a></div><div class="product"><a href="https://www.amazon.com/dp/B0BLGRQHCQ?tag=eloabder-20&linkCode=osi&th=1&psc=1"><img src="https://m.media-amazon.com/images/I/51tBxYlTu3L._SL500_.jpg" alt="Product Image"></a><p>Poise Incontinence & Postpartum Pads for Bladder Leaks, 7 Drop Ultra Absorbency, Long Length, 78 Count, Packaging May Vary</p><p> -17% 0FF </p><p>$42.96 ($0.55 / Count)</p><a href="https://www.amazon.com/dp/B0BLGRQHCQ?tag=eloabder-20&linkCode=osi&th=1&psc=1">View Product</a></div>
<div class="product"><a href="https://www.amazon.com/dp/B086JBZW48?tag=eloabder-20&linkCode=osi&th=1&psc=1"><img src="https://m.media-amazon.com/images/I/419mX5-k8XL._SL500_.jpg" alt="Product Image"></a><p>EcoBlossom Reusable Menstrual Cup Set - The Most Reliable Medical Grade Silicone Period Cups - Comfortably use for 12 Hours (Small & Large)</p><p> -20% 0FF </p><p>$15.99 ($8.00 / Count)</p><a href="https://www.amazon.com/dp/B086JBZW48?tag=eloabder-20&linkCode=osi&th=1&psc=1">View Product</a></div><div class="product"><a href="https://www.amazon.com/dp/B07QNVNDMQ?tag=eloabder-20&linkCode=osi&th=1&psc=1"><img src="https://m.media-amazon.com/images/I/41kGVRCvHnL._SL500_.jpg" alt="Product Image"></a><p>Croing Reusable Menstrual Cup Set of 4, Period Cup, 2 pcs Small and 2 pcs Large (Purple and White)</p><p> -33% 0FF </p><p>$9.99 ($2.50 / Count)</p><a href="https://www.amazon.com/dp/B07QNVNDMQ?tag=eloabder-20&linkCode=osi&th=1&psc=1">View Product</a></div><div class="product"><a href="https://www.amazon.com/dp/B08MYQJ95N?tag=eloabder-20&linkCode=osi&th=1&psc=1"><img src="https://m.media-amazon.com/images/I/41C-jls603L._SL500_.jpg" alt="Product Image"></a><p>YTYOMUR Menstrual Cup Steamer Sterilizer with 2 Reusable Menstrual Cups, Period Cups Cleaner Wash Kit</p><p> -37% 0FF </p><p>$20.24</p><a href="https://www.amazon.com/dp/B08MYQJ95N?tag=eloabder-20&linkCode=osi&th=1&psc=1">View Product</a></div><div class="product"><a href="https://www.amazon.com/dp/B081QNN9CD?tag=eloabder-20&linkCode=osi&th=1&psc=1"><img src="https://m.media-amazon.com/images/I/41vipuZyibL._SL500_.jpg" alt="Product Image"></a><p>Talisi Menstrual Cups Set of 2 with Collapsible Cleaner Silicone Sterilizer - Soft Reusable Period Kit - Tampon Pads Disc Alternative - Menstruation Feminine Cup Regular, Heavy Flow (Small & Large)</p><p> -10% 0FF </p><p>$8.99 ($2.25 / Count)</p><a href="https://www.amazon.com/dp/B081QNN9CD?tag=eloabder-20&linkCode=osi&th=1&psc=1">View Product</a></div><div class="product"><a href="https://www.amazon.com/dp/B087WK7LBS?tag=eloabder-20&linkCode=osi&th=1&psc=1"><img src="https://m.media-amazon.com/images/I/410uziY5NGL._SL500_.jpg" alt="Product Image"></a><p>Talisi Menstrual Cups - Reusable Soft Period Cups - Menstruation Feminine Hygiene Products with Silicone Collapsible Sterilizer Case - Regular & Heavy Flow - Large, Small Size Copa Menstrual Kit</p><p> -14% 0FF </p><p>$5.99 ($1.50 / Count)</p><a href="https://www.amazon.com/dp/B087WK7LBS?tag=eloabder-20&linkCode=osi&th=1&psc=1">View Product</a></div>
<div class="product"><a href="https://www.amazon.com/dp/B01ARVVTYW?tag=eloabder-20&linkCode=osi&th=1&psc=1"><img src="https://m.media-amazon.com/images/I/41sOZ7EfDGL._SL500_.jpg" alt="Product Image"></a><p>Carefree Panty Liners for Women, Regular, Wrapped, Unscented, 54ct | Pantiliners, Carefree Liners, Daily Liners for Women, Light Periods and Leaks, 8-Hour Odor Control | 54ct (Packaging May Vary)</p><p> -33% 0FF </p><p>$3.34 ($0.06 / Count)</p><a href="https://www.amazon.com/dp/B01ARVVTYW?tag=eloabder-20&linkCode=osi&th=1&psc=1">View Product</a></div><div class="product"><a href="https://www.amazon.com/dp/B00NJNJ6O6?tag=eloabder-20&linkCode=osi&th=1&psc=1"><img src="https://m.media-amazon.com/images/I/416qKSPSpOL._SL500_.jpg" alt="Product Image"></a><p>Carefree Panty Liners for Women, Regular, Unwrapped, Unscented, 120ct | Pantiliners, Carefree Liners, Daily Liners for Women, Light Periods and Leaks, 8-Hour Odor Control | 120ct (Packaging May Vary)</p><p> -37% 0FF </p><p>$5.97 ($0.05 / Count)</p><a href="https://www.amazon.com/dp/B00NJNJ6O6?tag=eloabder-20&linkCode=osi&th=1&psc=1">View Product</a></div><div class="product"><a href="https://www.amazon.com/dp/B07C99C39S?tag=eloabder-20&linkCode=osi&th=1&psc=1"><img src="https://m.media-amazon.com/images/I/410-MyDdTyL._SL500_.jpg" alt="Product Image"></a><p>U by Kotex Panty Liners, Clean & Secure, Light Absorbency, Long Length, 126 Count (Packaging May Vary)</p><p> -35% 0FF </p><p>$7.79 ($0.06 / Count)</p><a href="https://www.amazon.com/dp/B07C99C39S?tag=eloabder-20&linkCode=osi&th=1&psc=1">View Product</a></div><div class="product"><a href="https://www.amazon.com/dp/B00UASJJX6?tag=eloabder-20&linkCode=osi&th=1&psc=1"><img src="https://m.media-amazon.com/images/I/51JyBlhNEuL._SL500_.jpg" alt="Product Image"></a><p>U by Kotex Balance Wrapped Panty Liners, Regular Length, 80 Count (Packaging May Vary)</p><p> -65% 0FF </p><p>$3.50 ($0.04 / Count)</p><a href="https://www.amazon.com/dp/B00UASJJX6?tag=eloabder-20&linkCode=osi&th=1&psc=1">View Product</a></div><div class="product"><a href="https://www.amazon.com/dp/B004RSO890?tag=eloabder-20&linkCode=osi&th=1&psc=1"><img src="https://m.media-amazon.com/images/I/41wY7+hDP5L._SL500_.jpg" alt="Product Image"></a><p>Carefree Thong Regular 49 Count Unscented Liner</p><p> -28% 0FF </p><p>$3.58 ($0.07 / Count)</p><a href="https://www.amazon.com/dp/B004RSO890?tag=eloabder-20&linkCode=osi&th=1&psc=1">View Product</a></div><div class="product"><a href="https://www.amazon.com/dp/B0DR3579J9?tag=eloabder-20&linkCode=osi&th=1&psc=1"><img src="https://m.media-amazon.com/images/I/51NcGafWnNL._SL500_.jpg" alt="Product Image"></a><p>Always Daily Protect Liners, Regular Length, Unscented, 96 Count</p><p> -10% 0FF </p><p>$7.17 ($0.07 / Count)</p><a href="https://www.amazon.com/dp/B0DR3579J9?tag=eloabder-20&linkCode=osi&th=1&psc=1">View Product</a></div><div class="product"><a href="https://www.amazon.com/dp/B09VMHGQFG?tag=eloabder-20&linkCode=osi&th=1&psc=1"><img src="https://m.media-amazon.com/images/I/4141Nw-Z01L._SL500_.jpg" alt="Product Image"></a><p>Carefree Panty Liners for Women, Extra Long, Unwrapped, Unscented, 100ct | Pantiliners, Carefree, Daily for Women, Light Periods and Leaks, 8-Hour Odor Control|100ct (Packaging May Vary)</p><p> -32% 0FF </p><p>$6.78 ($0.07 / Count)</p><a href="https://www.amazon.com/dp/B09VMHGQFG?tag=eloabder-20&linkCode=osi&th=1&psc=1">View Product</a></div>

<div class="product"><a href="https://www.amazon.com/dp/B0FS2XTBJW?tag=eloabder-20&linkCode=osi&th=1&psc=1"><img src="https://m.media-amazon.com/images/I/413BHekXfiL._SL500_.jpg" alt="Product Image"></a><p>ZHIXJIA Knee Massager with Heat, 3-in-1 Smart Portable, 3 Vibration Modes and 3 Heating Levels LED Vitality Joints Knee Massager, Gift for Men and Women, Black</p><p> -78% 0FF </p><p>$99.99 ($99.99 / Count)</p><a href="https://www.amazon.com/dp/B0FS2XTBJW?tag=eloabder-20&linkCode=osi&th=1&psc=1">View Product</a></div><div class="product"><a href="https://www.amazon.com/dp/B0FHQ3WV4L?tag=eloabder-20&linkCode=osi&th=1&psc=1"><img src="https://m.media-amazon.com/images/I/412JLGi0PiL._SL500_.jpg" alt="Product Image"></a><p>DUBSTAR 3-in-1 Pill Crusher Pill Grinder, Pill Crusher Fine Powder with Brush, Pill Crushers for Elderly with Pill Cutter and Storage, Pill Cutter Splitter for Small or Large Pills (Green)</p><p> -29% 0FF </p><p>$9.99 ($9.99 / Count)</p><a href="https://www.amazon.com/dp/B0FHQ3WV4L?tag=eloabder-20&linkCode=osi&th=1&psc=1">View Product</a></div><div class="product"><a href="https://www.amazon.com/dp/B0FR4SPYFK?tag=eloabder-20&linkCode=osi&th=1&psc=1"><img src="https://m.media-amazon.com/images/I/41+owzP2llL._SL500_.jpg" alt="Product Image"></a><p>DEPAD Adjustable Pill Cutters Splitter for Small and Tiny Pills with Accurate Alignment, Pill Cutters for Small or Large Pills with Sharp Safe Blade</p><p> -23% 0FF </p><p>$9.99</p><a href="https://www.amazon.com/dp/B0FR4SPYFK?tag=eloabder-20&linkCode=osi&th=1&psc=1">View Product</a></div><div class="product"><a href="https://www.amazon.com/dp/B0F9NTTCWX?tag=eloabder-20&linkCode=osi&th=1&psc=1"><img src="https://m.media-amazon.com/images/I/51rTYaWSgtL._SL500_.jpg" alt="Product Image"></a><p>AUVON Dual Channel TENS Unit Muscle Stimulator Machine with 20 Modes, 2" and 2"x4" TENS Unit Electrode Pads (Red)</p><p> -28% 0FF </p><p>$25.99</p><a href="https://www.amazon.com/dp/B0F9NTTCWX?tag=eloabder-20&linkCode=osi&th=1&psc=1">View Product</a></div><div class="product"><a href="https://www.amazon.com/dp/B0D63FTHH4?tag=eloabder-20&linkCode=osi&th=1&psc=1"><img src="https://m.media-amazon.com/images/I/41Gu1013yRL._SL500_.jpg" alt="Product Image"></a><p>Yicotira 4 Pack Reusable Microfiber Mop Pads Compatible with Swiffer Sweeper - Dry Sweeping Cloths & Wet Pad Refills for Wet & Dry, Washable Pads Refills for Household Cleaning (Mop is not Included)</p><p> -34% 0FF </p><p>$8.54 ($2.14 / Count)</p><a href="https://www.amazon.com/dp/B0D63FTHH4?tag=eloabder-20&linkCode=osi&th=1&psc=1">View Product</a></div>
<div class="product"><a href="https://www.amazon.com/dp/B000ZLVUYO?tag=eloabder-20&linkCode=osi&th=1&psc=1"><img src="https://m.media-amazon.com/images/I/41CNAwwnEqL._SL500_.jpg" alt="Product Image"></a><p>It's A 10 Miracle Hair Mask, 8-Ounce</p><p> -16% 0FF </p><p>$25.99 ($3.25 / Fl Oz)</p><a href="https://www.amazon.com/dp/B000ZLVUYO?tag=eloabder-20&linkCode=osi&th=1&psc=1">View Product</a></div><div class="product"><a href="https://www.amazon.com/dp/B07VCGRBGT?tag=eloabder-20&linkCode=osi&th=1&psc=1"><img src="https://m.media-amazon.com/images/I/51QprRDhFoL._SL500_.jpg" alt="Product Image"></a><p>Palmer's Coconut Oil Formula Moisture Boost Protein Pack, Hair Treatment for Dry, Damaged, Over-Processed and Colored Hair, 2.1 Ounce (Pack of 12)</p><p> -67% 0FF </p><p>$11.09 ($0.92 / Ounce)</p><a href="https://www.amazon.com/dp/B07VCGRBGT?tag=eloabder-20&linkCode=osi&th=1&psc=1">View Product</a></div>
<div class="product"><a href="https://www.amazon.com/dp/B01A74442I?tag=eloabder-20&linkCode=osi&th=1&psc=1"><img src="https://m.media-amazon.com/images/I/51crUDqQzIL._SL500_.jpg" alt="Product Image"></a><p>Cliganic Organic Jojoba Oil, 100% Pure (4oz) | Moisturizing for Face, Hair, Skin & Nails | Natural Cold Pressed Hexane Free | Base Carrier Oil</p><p> -27% 0FF </p><p>$9.48 ($2.37 / Fl Oz)</p><a href="https://www.amazon.com/dp/B01A74442I?tag=eloabder-20&linkCode=osi&th=1&psc=1">View Product</a></div><div class="product"><a href="https://www.amazon.com/dp/B09PR9R9SL?tag=eloabder-20&linkCode=osi&th=1&psc=1"><img src="https://m.media-amazon.com/images/I/51EyKsoMSlL._SL500_.jpg" alt="Product Image"></a><p>KUKKA Rosemary Essential Oils - 4 Fl Oz - for Hair, Skin, Diffuser, Aromatherapy & DIY Soap Making Scent</p><p> -33% 0FF </p><p>$12.99 ($3.25 / Fl Oz)</p><a href="https://www.amazon.com/dp/B09PR9R9SL?tag=eloabder-20&linkCode=osi&th=1&psc=1">View Product</a></div><div class="product"><a href="https://www.amazon.com/dp/B004Z209HS?tag=eloabder-20&linkCode=osi&th=1&psc=1"><img src="https://m.media-amazon.com/images/I/41h5nZqdm+L._SL500_.jpg" alt="Product Image"></a><p>PURA D'OR 4 Oz ORGANIC Moroccan Argan Oil - USDA Certified 100% Pure & Cold Pressed Virgin Premium Grade Natural Moisturizer Treatment For Dry, Damaged Skin, Hair, Face, Body & Scalp - Men & Women</p><p> -12% 0FF </p><p>$14.99 ($3.75 / Fl Oz)</p><a href="https://www.amazon.com/dp/B004Z209HS?tag=eloabder-20&linkCode=osi&th=1&psc=1">View Product</a></div>
<div class="product"><a href="https://www.amazon.com/dp/B004YVDIAU?tag=eloabder-20&linkCode=osi&th=1&psc=1"><img src="https://m.media-amazon.com/images/I/313PkUEQj5L._SL500_.jpg" alt="Product Image"></a><p>Garnier Fructis Style Curl Sculpt Conditioning Cream Gel for Bounce & Moisture, 5.1 Fl Oz, 1 Count (Packaging May Vary)</p><p> -21% 0FF </p><p>$4.73 ($0.93 / Ounce)</p><a href="https://www.amazon.com/dp/B004YVDIAU?tag=eloabder-20&linkCode=osi&th=1&psc=1">View Product</a></div><div class="product"><a href="https://www.amazon.com/dp/B0002Z90RM?tag=eloabder-20&linkCode=osi&th=1&psc=1"><img src="https://m.media-amazon.com/images/I/31xKcrbq12L._SL500_.jpg" alt="Product Image"></a><p>RUSK Designer Collection Thick Body and Texture Amplifier Spray, 6 Oz, For Fine, Limp, Flat or Lazy Hair Types - Contains Wheat Protein, Adds Strength, Texture, Volume & Moisture</p><p> -5% 0FF </p><p>$17.50 ($2.92 / Fl Oz)</p><a href="https://www.amazon.com/dp/B0002Z90RM?tag=eloabder-20&linkCode=osi&th=1&psc=1">View Product</a></div><div class="product"><a href="https://www.amazon.com/dp/B0013NE2Y8?tag=eloabder-20&linkCode=osi&th=1&psc=1"><img src="https://m.media-amazon.com/images/I/31A8kEJJlIL._SL500_.jpg" alt="Product Image"></a><p>John Frieda Frizz Ease Original Hair Serum, Protecting Against Frizz, Heat, and Humidity While Adding Shine, Smooths Strands and Hydrates Parched Hair with Argan, Coconut, and Moringa Oil, 1.69 Oz</p><p> -33% 0FF </p><p>$8.01 ($4.74 / Fl Oz)</p><a href="https://www.amazon.com/dp/B0013NE2Y8?tag=eloabder-20&linkCode=osi&th=1&psc=1">View Product</a></div>
<div class="product"><a href="https://www.amazon.com/dp/B004BYSR6K?tag=eloabder-20&linkCode=osi&th=1&psc=1"><img src="https://m.media-amazon.com/images/I/41RMAGucP7L._SL500_.jpg" alt="Product Image"></a><p>L'Oreal Paris Excellence Crème Permanent Hair Dye, Triple Care Hair Color with Pro-Keratine Complex for 100% Gray Hair Coverage, 5 Medium Brown, 1 Kit</p><p> -23% 0FF </p><p>$9.98</p><a href="https://www.amazon.com/dp/B004BYSR6K?tag=eloabder-20&linkCode=osi&th=1&psc=1">View Product</a></div><div class="product"><a href="https://www.amazon.com/dp/B00006JN4P?tag=eloabder-20&linkCode=osi&th=1&psc=1"><img src="https://m.media-amazon.com/images/I/51mGD8V4I7L._SL500_.jpg" alt="Product Image"></a><p>L'Oreal Paris Superior Preference Fade-Defying + Shine Permanent Hair Color, 8 Medium Blonde, Pack of 1, Hair Dye</p><p> -36% 0FF </p><p>$8.97</p><a href="https://www.amazon.com/dp/B00006JN4P?tag=eloabder-20&linkCode=osi&th=1&psc=1">View Product</a></div><div class="product"><a href="https://www.amazon.com/dp/B000KOU7FE?tag=eloabder-20&linkCode=osi&th=1&psc=1"><img src="https://m.media-amazon.com/images/I/51BV0dgoMnL._SL500_.jpg" alt="Product Image"></a><p>L'Oreal Paris Feria Multi-Faceted Shimmering Permanent Hair Color, B61 Downtown Brown (Hi-Lift Cool Brown), Pack of 1, Hair Dye</p><p> -7% 0FF </p><p>$12.97</p><a href="https://www.amazon.com/dp/B000KOU7FE?tag=eloabder-20&linkCode=osi&th=1&psc=1">View Product</a></div><div class="product"><a href="https://www.amazon.com/dp/B003AYEGGW?tag=eloabder-20&linkCode=osi&th=1&psc=1"><img src="https://m.media-amazon.com/images/I/41usJCtVqUL._SL500_.jpg" alt="Product Image"></a><p>Clairol Root Touch-Up by Nice'n Easy Permanent Hair Dye, 2 Black Hair Color, Pack of 2</p><p> -6% 0FF </p><p>$15.96 ($7.25 / Fl Oz)</p><a href="https://www.amazon.com/dp/B003AYEGGW?tag=eloabder-20&linkCode=osi&th=1&psc=1">View Product</a></div><div class="product"><a href="https://www.amazon.com/dp/B000NSW0EI?tag=eloabder-20&linkCode=osi&th=1&psc=1"><img src="https://m.media-amazon.com/images/I/51ZOUeoIXAS._SL500_.jpg" alt="Product Image"></a><p>Just For Men Shampoo In Color, Hair Color for Men with Keratin and Vitamin E for Stronger Hair, Restores Natural Hair Color, Medium Brown, H-35, Pack of 3</p><p> -10% 0FF </p><p>$26.88</p><a href="https://www.amazon.com/dp/B000NSW0EI?tag=eloabder-20&linkCode=osi&th=1&psc=1">View Product</a></div><div class="product"><a href="https://www.amazon.com/dp/B004DKB08E?tag=eloabder-20&linkCode=osi&th=1&psc=1"><img src="https://m.media-amazon.com/images/I/41dA53oe85L._SL500_.jpg" alt="Product Image"></a><p>John Frieda Precision Foam Colour, Medium Natural Brown 5N, Full-coverage Hair Color Kit, Anti-Fade Gray Coverage, Deep Color Saturation Hair Dye, 1 Application</p><p> -8% 0FF </p><p>$11.92</p><a href="https://www.amazon.com/dp/B004DKB08E?tag=eloabder-20&linkCode=osi&th=1&psc=1">View Product</a></div><div class="product"><a href="https://www.amazon.com/dp/B000KOHSQA?tag=eloabder-20&linkCode=osi&th=1&psc=1"><img src="https://m.media-amazon.com/images/I/51voB2QwdLL._SL500_.jpg" alt="Product Image"></a><p>L'Oreal Paris Couleur Experte 2-Step Home Hair Color and Highlights Kit, French Éclair</p><p> -18% 0FF </p><p>$13.97</p><a href="https://www.amazon.com/dp/B000KOHSQA?tag=eloabder-20&linkCode=osi&th=1&psc=1">View Product</a></div>
<div class="product"><a href="https://www.amazon.com/dp/B005CSYTCU?tag=eloabder-20&linkCode=osi&th=1&psc=1"><img src="https://m.media-amazon.com/images/I/41og7wvl2GL._SL500_.jpg" alt="Product Image"></a><p>Goody Ouchless Polyband Hair Ties - 250 Ct, Clear, Latex Hair Bands for Women's Hair, Easy Glide, Ultra-Strong Hold Hair Accessories for Women & Men, Secure Hold Ridge Design, All Hair Types</p><p> -19% 0FF </p><p>$3.19 ($0.01 / Count)</p><a href="https://www.amazon.com/dp/B005CSYTCU?tag=eloabder-20&linkCode=osi&th=1&psc=1">View Product</a></div><div class="product"><a href="https://www.amazon.com/dp/B00CGN9LQ8?tag=eloabder-20&linkCode=osi&th=1&psc=1"><img src="https://m.media-amazon.com/images/I/41LhEO75hIL._SL500_.jpg" alt="Product Image"></a><p>Crave Naturals Glide Thru Hair Brush - Detangler Brush for Curly, Straight, Wet or Dry Hair - Gentle Detangling Brushes for Adults, Kids, Toddlers - Hair Accessories for Women, 7.5x3 - Pink</p><p> -47% 0FF </p><p>$8.49</p><a href="https://www.amazon.com/dp/B00CGN9LQ8?tag=eloabder-20&linkCode=osi&th=1&psc=1">View Product</a></div><div class="product"><a href="https://www.amazon.com/dp/B00DLWO7D0?tag=eloabder-20&linkCode=osi&th=1&psc=1"><img src="https://m.media-amazon.com/images/I/31ISZI2zfzL._SL500_.jpg" alt="Product Image"></a><p>Goody Smooth and Sleek Wood Styling Brush with Natural Boar Bristles, Flyaway Free Finish, For All Hair Types, Brown, 1CT</p><p> -20% 0FF </p><p>$4.62</p><a href="https://www.amazon.com/dp/B00DLWO7D0?tag=eloabder-20&linkCode=osi&th=1&psc=1">View Product</a></div>
<div class="product"><a href="https://www.amazon.com/dp/B00HFQQ0VU?tag=eloabder-20&linkCode=osi&th=1&psc=1"><img src="https://m.media-amazon.com/images/I/41J4CJ+ERsL._SL500_.jpg" alt="Product Image"></a><p>Waterpik Aquarius Water Flosser For Teeth Cleaning, Gums, Braces, Dental Care, Electric Power With 10 Settings, 7 Tips For Multiple Users And Needs, ADA Accepted, White WP-660, Packaging May Vary</p><p> -20% 0FF </p><p>$79.99</p><a href="https://www.amazon.com/dp/B00HFQQ0VU?tag=eloabder-20&linkCode=osi&th=1&psc=1">View Product</a></div><div class="product"><a href="https://www.amazon.com/dp/B000QXH4PK?tag=eloabder-20&linkCode=osi&th=1&psc=1"><img src="https://m.media-amazon.com/images/I/41BYUSQaRKL._SL500_.jpg" alt="Product Image"></a><p>Listerine PocketPaks Cool Mint Breath Strips, Portable Pocket-Sized Oral Care Mouth Freshener, Dissolving Strips Kill 99% of Bad Breath Germs, Sugar Free, 3 x 24-Strip Packs</p><p> -18% 0FF </p><p>$5.72 ($0.08 / Count)</p><a href="https://www.amazon.com/dp/B000QXH4PK?tag=eloabder-20&linkCode=osi&th=1&psc=1">View Product</a></div><div class="product"><a href="https://www.amazon.com/dp/B07LGSYTLM?tag=eloabder-20&linkCode=osi&th=1&psc=1"><img src="https://m.media-amazon.com/images/I/31YRxbr1qCL._SL500_.jpg" alt="Product Image"></a><p>DenTek Professional Oral Care Kit, Complete Set of Dental Tools Including Mirror, Dental Pick, Scaler & Stimulator</p><p> -9% 0FF </p><p>$6.39</p><a href="https://www.amazon.com/dp/B07LGSYTLM?tag=eloabder-20&linkCode=osi&th=1&psc=1">View Product</a></div><div class="product"><a href="https://www.amazon.com/dp/B01LAY47D0?tag=eloabder-20&linkCode=osi&th=1&psc=1"><img src="https://m.media-amazon.com/images/I/41y93UxXRvL._SL500_.jpg" alt="Product Image"></a><p>MasterMedi Tongue Scraper for Adults with Multicolor Travel Cases (2 Pack), 100% Stainless Steel, Reduce Bad Breath, Tongue Scrubber, Easy to Use, Tongue Cleaner for Oral Care & Hygiene</p><p> -34% 0FF </p><p>$9.95 ($4.98 / Count)</p><a href="https://www.amazon.com/dp/B01LAY47D0?tag=eloabder-20&linkCode=osi&th=1&psc=1">View Product</a></div>
<div class="product"><a href="https://www.amazon.com/dp/B09F8FZ18G?tag=eloabder-20&linkCode=osi&th=1&psc=1"><img src="https://m.media-amazon.com/images/I/51WkgqQXqCL._SL500_.jpg" alt="Product Image"></a><p>Crest 3D White Advanced Luminous Mint Teeth Whitening Toothpaste, Crest Toothpaste, 3.7 oz Pack of 4 - Helps Remove Surface Stains, Whitens Teeth, Strengthens Tooth Enamel, Protects Against Cavities</p><p> -20% 0FF </p><p>$11.99 ($0.81 / Ounce)</p><a href="https://www.amazon.com/dp/B09F8FZ18G?tag=eloabder-20&linkCode=osi&th=1&psc=1">View Product</a></div><div class="product"><a href="https://www.amazon.com/dp/B083JHCCV2?tag=eloabder-20&linkCode=osi&th=1&psc=1"><img src="https://m.media-amazon.com/images/I/31ppsn+WAqL._SL500_.jpg" alt="Product Image"></a><p>Boka Fluoride Free Toothpaste, Nano Hydroxyapatite Toothpaste, Appropriate for Sensitive Teeth - for Adult, Kids Oral Care - Ela Mint Flavor, 4 Fl Oz 1Pk US Manufactured</p><p> -10% 0FF </p><p>$11.75 ($2.94 / Ounce)</p><a href="https://www.amazon.com/dp/B083JHCCV2?tag=eloabder-20&linkCode=osi&th=1&psc=1">View Product</a></div><div class="product"><a href="https://www.amazon.com/dp/B0BLWLL3FV?tag=eloabder-20&linkCode=osi&th=1&psc=1"><img src="https://m.media-amazon.com/images/I/519IfsN7qIL._SL500_.jpg" alt="Product Image"></a><p>Colgate Total Whitening Toothpaste Paste, 5.1 oz, 4 Pack, Fluoride, Antibacterial, for Plaque, Gingivitis, Sensitivity, Stain Removal, Clinically Proven, Mint, Teeth Whitening, Stannous Fluoride</p><p> -10% 0FF </p><p>$14.38 ($0.70 / Fl Oz)</p><a href="https://www.amazon.com/dp/B0BLWLL3FV?tag=eloabder-20&linkCode=osi&th=1&psc=1">View Product</a></div>
<div class="product"><a href="https://www.amazon.com/dp/B00CC6XSRC?tag=eloabder-20&linkCode=osi&th=1&psc=1"><img src="https://m.media-amazon.com/images/I/41OKKVbMN-L._SL500_.jpg" alt="Product Image"></a><p>Colgate Extra Clean Toothbrush, Medium Toothbrush for Adults, 6 Pack</p><p> -10% 0FF </p><p>$4.96 ($0.83 / Count)</p><a href="https://www.amazon.com/dp/B00CC6XSRC?tag=eloabder-20&linkCode=osi&th=1&psc=1">View Product</a></div><div class="product"><a href="https://www.amazon.com/dp/B06XK2M3H3?tag=eloabder-20&linkCode=osi&th=1&psc=1"><img src="https://m.media-amazon.com/images/I/41tntn0c7BL._SL500_.jpg" alt="Product Image"></a><p>Oral-B 3D White Stain Eraser, 4 count SOFT manual tootbrush pack, Removes Stains, Whitens Teeth, Tongue and Cheek Cleaner</p><p> -12% 0FF </p><p>$7.92 ($1.98 / Count)</p><a href="https://www.amazon.com/dp/B06XK2M3H3?tag=eloabder-20&linkCode=osi&th=1&psc=1">View Product</a></div><div class="product"><a href="https://www.amazon.com/dp/B00H88K9EE?tag=eloabder-20&linkCode=osi&th=1&psc=1"><img src="https://m.media-amazon.com/images/I/51ah-EIUbsL._SL500_.jpg" alt="Product Image"></a><p>Colgate 360 Whole Mouth Toothbrush, Adult Toothbrushes Medium Bristles, Helps Remove Bad Breath Bacteria and Plaque, Medium Toothbrush Pack, Includes Cheek and Tongue Cleaner, 4 Pack</p><p> -18% 0FF </p><p>$8.19 ($2.05 / Count)</p><a href="https://www.amazon.com/dp/B00H88K9EE?tag=eloabder-20&linkCode=osi&th=1&psc=1">View Product</a></div><div class="product"><a href="https://www.amazon.com/dp/B003CP12QG?tag=eloabder-20&linkCode=osi&th=1&psc=1"><img src="https://m.media-amazon.com/images/I/41LPe-bdnPL._SL500_.jpg" alt="Product Image"></a><p>Oral-B Pulsar Pro-Health Expert Clean, Battery electric toothbrush, 2 count MEDIUM toothbrush pack, removes plaque, travel essentials tooth brush</p><p> -22% 0FF </p><p>$10.97 ($5.48 / Count)</p><a href="https://www.amazon.com/dp/B003CP12QG?tag=eloabder-20&linkCode=osi&th=1&psc=1">View Product</a></div>
<div class="product"><a href="https://www.amazon.com/dp/B0C881GLNM?tag=eloabder-20&linkCode=osi&th=1&psc=1"><img src="https://m.media-amazon.com/images/I/51C2ohy2RWL._SL500_.jpg" alt="Product Image"></a><p>Crest Pro-Health Advanced Mouthwash, Alcohol Free, Multi-Protection, Fresh Mint, 1 L (33.8 fl oz), Pack of 2, Blue</p><p> -9% 0FF </p><p>$10.97 ($0.16 / Fl Oz)</p><a href="https://www.amazon.com/dp/B0C881GLNM?tag=eloabder-20&linkCode=osi&th=1&psc=1">View Product</a></div><div class="product"><a href="https://www.amazon.com/dp/B005IHSPLQ?tag=eloabder-20&linkCode=osi&th=1&psc=1"><img src="https://m.media-amazon.com/images/I/31U2umAytxL._SL500_.jpg" alt="Product Image"></a><p>Listerine Alcohol-Free Mouthwash, Non Alcoholic Mint Oral Rinse Kills 99.9% of Germs That Cause Bad Breath for a Fresh Breath & Clean Mouth, Less Intense Taste, Cool Mint Flavor, 1 L</p><p> -25% 0FF </p><p>$6.99 ($0.21 / Fl Oz)</p><a href="https://www.amazon.com/dp/B005IHSPLQ?tag=eloabder-20&linkCode=osi&th=1&psc=1">View Product</a></div><div class="product"><a href="https://www.amazon.com/dp/B0126XBQK6?tag=eloabder-20&linkCode=osi&th=1&psc=1"><img src="https://m.media-amazon.com/images/I/51dT1Mhf3zL._SL500_.jpg" alt="Product Image"></a><p>Crest Pro-Health Advanced Mouthwash, Alcohol Free, Extra Whitening, Energizing Mint Flavor, 946 mL (32 fl oz)</p><p> -20% 0FF </p><p>$7.17 ($0.22 / Fl Oz)</p><a href="https://www.amazon.com/dp/B0126XBQK6?tag=eloabder-20&linkCode=osi&th=1&psc=1">View Product</a></div><div class="product"><a href="https://www.amazon.com/dp/B00495Q5OW?tag=eloabder-20&linkCode=osi&th=1&psc=1"><img src="https://m.media-amazon.com/images/I/41U0hz++OHL._SL500_.jpg" alt="Product Image"></a><p>Listerine Total Care Anticavity Fluoride Mouthwash, 6 Benefits in 1 Oral Rinse Helps Kill 99% of Bad Breath Germs, Prevents Cavities, Strengthens Teeth, ADA-Accepted, Fresh Mint, 1 L</p><p> -26% 0FF </p><p>$8.79 ($0.27 / fluid ounce(s))</p><a href="https://www.amazon.com/dp/B00495Q5OW?tag=eloabder-20&linkCode=osi&th=1&psc=1">View Product</a></div>
<div class="product"><a href="https://www.amazon.com/dp/B013OKRGWW?tag=eloabder-20&linkCode=osi&th=1&psc=1"><img src="https://m.media-amazon.com/images/I/31s8V2M+RVL._SL500_.jpg" alt="Product Image"></a><p>REACH Waxed Dental Floss, Mint, Plaque Remover for Teeth, Shred Resistant, Floss Slides Smoothly, Easy to Use, Waxed, Deep Cleaning Teeth, Oral Care, PFAS Free, for Adults & Kids, 1 Pack, 55 yd</p><p> -13% 0FF </p><p>$1.29 ($0.01 / Foot)</p><a href="https://www.amazon.com/dp/B013OKRGWW?tag=eloabder-20&linkCode=osi&th=1&psc=1">View Product</a></div><div class="product"><a href="https://www.amazon.com/dp/B014KZLWX4?tag=eloabder-20&linkCode=osi&th=1&psc=1"><img src="https://m.media-amazon.com/images/I/41GyDUKvKAL._SL500_.jpg" alt="Product Image"></a><p>REACH Waxed Dental Floss, Mint, Plaque Remover for Teeth, Shred Resistant, Floss Slides Smoothly, Easy to Use, Waxed, Deep Cleaning Teeth, Oral Care, PFAS Free, for Adults & Kids, 6 Pack, 55 yd</p><p> -13% 0FF </p><p>$10.74 ($0.01 / Foot)</p><a href="https://www.amazon.com/dp/B014KZLWX4?tag=eloabder-20&linkCode=osi&th=1&psc=1">View Product</a></div><div class="product"><a href="https://www.amazon.com/dp/B00UB7BO16?tag=eloabder-20&linkCode=osi&th=1&psc=1"><img src="https://m.media-amazon.com/images/I/41aZF2HKXrL._SL500_.jpg" alt="Product Image"></a><p>Oral-B Glide Complete Floss Picks, Dental Floss Picks, Scope Outlast, 75-ct, Toothpicks Floss Picks</p><p> -20% 0FF </p><p>$3.96 ($0.05 / Count)</p><a href="https://www.amazon.com/dp/B00UB7BO16?tag=eloabder-20&linkCode=osi&th=1&psc=1">View Product</a></div><div class="product"><a href="https://www.amazon.com/dp/B003K01BMI?tag=eloabder-20&linkCode=osi&th=1&psc=1"><img src="https://m.media-amazon.com/images/I/41r6iQVxOzL._SL500_.jpg" alt="Product Image"></a><p>DenTek Triple Clean Advanced Clean Floss Picks, No Break & No Shred Floss, 150 Count, (Packaging May Vary)</p><p> -31% 0FF </p><p>$4.15 ($0.03 / Count)</p><a href="https://www.amazon.com/dp/B003K01BMI?tag=eloabder-20&linkCode=osi&th=1&psc=1">View Product</a></div><div class="product"><a href="https://www.amazon.com/dp/B07WFX1WD2?tag=eloabder-20&linkCode=osi&th=1&psc=1"><img src="https://m.media-amazon.com/images/I/51lqCql47sL._SL500_.jpg" alt="Product Image"></a><p>Oral-B Glide Dental Floss, Scope Flavor, 40m (Pack of 6)</p><p> -20% 0FF </p><p>$15.96 ($0.02 / Foot)</p><a href="https://www.amazon.com/dp/B07WFX1WD2?tag=eloabder-20&linkCode=osi&th=1&psc=1">View Product</a></div>
<div class="product"><a href="https://www.amazon.com/dp/B0BVT76MFH?tag=eloabder-20&linkCode=osi&th=1&psc=1"><img src="https://m.media-amazon.com/images/I/419kJTfLfGL._SL500_.jpg" alt="Product Image"></a><p>Crest 3D Whitestrips Sensitive At-Home Teeth Whitening Kit, 18 Treatments, Gently Removes 15 Years of Stains, Crest Whitestrips, Teeth Whitening Kit</p><p> -44% 0FF </p><p>$27.85 ($1.55 / Count)</p><a href="https://www.amazon.com/dp/B0BVT76MFH?tag=eloabder-20&linkCode=osi&th=1&psc=1">View Product</a></div>
<div class="product"><a href="https://www.amazon.com/dp/B0CK1791MR?tag=eloabder-20&linkCode=osi&th=1&psc=1"><img src="https://m.media-amazon.com/images/I/31CZvJQAbDL._SL500_.jpg" alt="Product Image"></a><p>Her Fantasy Box | Refresh pH Balancing Shower Gel - Natural Feminine Hygiene Solution for Gentle Cleansing, Odor Control, and Skin Nourishment - pH-Balanced Formula for All Skin Types (8 oz)</p><p> -6% 0FF </p><p>$14.99 ($1.87 / Fl Oz)</p><a href="https://www.amazon.com/dp/B0CK1791MR?tag=eloabder-20&linkCode=osi&th=1&psc=1">View Product</a></div><div class="product"><a href="https://www.amazon.com/dp/B08L4Q75QP?tag=eloabder-20&linkCode=osi&th=1&psc=1"><img src="https://m.media-amazon.com/images/I/51OkbLfz-2L._SL500_.jpg" alt="Product Image"></a><p>Playtex Sport Tampons Multipack (24ct Regular/24ct Super), Fragrance-Free - 48ct | Tampons Regular and Super, Playtex Tampon Multipack, Feminine Care with 360 Leak Defense</p><p> -29% 0FF </p><p>$9.97 ($0.21 / Count)</p><a href="https://www.amazon.com/dp/B08L4Q75QP?tag=eloabder-20&linkCode=osi&th=1&psc=1">View Product</a></div><div class="product"><a href="https://www.amazon.com/dp/B083M1RG6P?tag=eloabder-20&linkCode=osi&th=1&psc=1"><img src="https://m.media-amazon.com/images/I/51AHoXPV3gL._SL500_.jpg" alt="Product Image"></a><p>U by Kotex Tampons, Click Compact, Regular Absorbency, Unscented, 45 Count</p><p> -48% 0FF </p><p>$6.97 ($0.15 / Count)</p><a href="https://www.amazon.com/dp/B083M1RG6P?tag=eloabder-20&linkCode=osi&th=1&psc=1">View Product</a></div><div class="product"><a href="https://www.amazon.com/dp/B0D5FZGY8W?tag=eloabder-20&linkCode=osi&th=1&psc=1"><img src="https://m.media-amazon.com/images/I/51gWW6a+5uL._SL500_.jpg" alt="Product Image"></a><p>O Positiv URO Vaginal Probiotics for Women pH Balance with Prebiotics & Lactobacillus Probiotic Blend - Vaginal Health Supplement - Promote Healthy Vaginal Odor & Vaginal Flora, 60 Count (Pack of 1)</p><p> -10% 0FF </p><p>$28.97 ($0.48 / Count)</p><a href="https://www.amazon.com/dp/B0D5FZGY8W?tag=eloabder-20&linkCode=osi&th=1&psc=1">View Product</a></div><div class="product"><a href="https://www.amazon.com/dp/B01M1BLRC1?tag=eloabder-20&linkCode=osi&th=1&psc=1"><img src="https://m.media-amazon.com/images/I/51CVKq4e6UL._SL500_.jpg" alt="Product Image"></a><p>Always Maxi Overnight Pads with Wings for Women, Size 5, Extra Heavy Overnight Absorbency, Unscented, 36 Count</p><p> -5% 0FF </p><p>$10.47 ($0.29 / Count)</p><a href="https://www.amazon.com/dp/B01M1BLRC1?tag=eloabder-20&linkCode=osi&th=1&psc=1">View Product</a></div>
<div class="product"><a href="https://www.amazon.com/dp/B083M24HGP?tag=eloabder-20&linkCode=osi&th=1&psc=1"><img src="https://m.media-amazon.com/images/I/51iX7-G8XnL._SL500_.jpg" alt="Product Image"></a><p>U by Kotex Tampons, Click Compact Multipack, Regular/Super Absorbency, Unscented, 45 Count</p><p> -26% 0FF </p><p>$9.97 ($0.22 / Count)</p><a href="https://www.amazon.com/dp/B083M24HGP?tag=eloabder-20&linkCode=osi&th=1&psc=1">View Product</a></div><div class="product"><a href="https://www.amazon.com/dp/B0B33LJX6N?tag=eloabder-20&linkCode=osi&th=1&psc=1"><img src="https://m.media-amazon.com/images/I/512dGlJD9nL._SL500_.jpg" alt="Product Image"></a><p>Tampax Pearl Tampons for Women Multipack, with LeakGuard Braid, Light/Regular/Super Absorbency, Unscented, 94 Count (2 Packs of 47)</p><p> -7% 0FF </p><p>$21.36 ($0.23 / Count)</p><a href="https://www.amazon.com/dp/B0B33LJX6N?tag=eloabder-20&linkCode=osi&th=1&psc=1">View Product</a></div>
<div class="product"><a href="https://www.amazon.com/dp/B01NAX7KC7?tag=eloabder-20&linkCode=osi&th=1&psc=1"><img src="https://m.media-amazon.com/images/I/51SOakjzHvL._SL500_.jpg" alt="Product Image"></a><p>Poise Overnight Incontinence & Postpartum Pads for Bladder Leaks, 8 Drop Extra Coverage, 72 Count (2 Packs of 36), Packaging May Vary</p><p> -7% 0FF </p><p>$41.99 ($0.58 / Count)</p><a href="https://www.amazon.com/dp/B01NAX7KC7?tag=eloabder-20&linkCode=osi&th=1&psc=1">View Product</a></div><div class="product"><a href="https://www.amazon.com/dp/B0BLGRQHCQ?tag=eloabder-20&linkCode=osi&th=1&psc=1"><img src="https://m.media-amazon.com/images/I/51tBxYlTu3L._SL500_.jpg" alt="Product Image"></a><p>Poise Incontinence & Postpartum Pads for Bladder Leaks, 7 Drop Ultra Absorbency, Long Length, 78 Count, Packaging May Vary</p><p> -17% 0FF </p><p>$42.96 ($0.55 / Count)</p><a href="https://www.amazon.com/dp/B0BLGRQHCQ?tag=eloabder-20&linkCode=osi&th=1&psc=1">View Product</a></div>
<div class="product"><a href="https://www.amazon.com/dp/B086JBZW48?tag=eloabder-20&linkCode=osi&th=1&psc=1"><img src="https://m.media-amazon.com/images/I/419mX5-k8XL._SL500_.jpg" alt="Product Image"></a><p>EcoBlossom Reusable Menstrual Cup Set - The Most Reliable Medical Grade Silicone Period Cups - Comfortably use for 12 Hours (Small & Large)</p><p> -20% 0FF </p><p>$15.99 ($8.00 / Count)</p><a href="https://www.amazon.com/dp/B086JBZW48?tag=eloabder-20&linkCode=osi&th=1&psc=1">View Product</a></div><div class="product"><a href="https://www.amazon.com/dp/B07QNVNDMQ?tag=eloabder-20&linkCode=osi&th=1&psc=1"><img src="https://m.media-amazon.com/images/I/41kGVRCvHnL._SL500_.jpg" alt="Product Image"></a><p>Croing Reusable Menstrual Cup Set of 4, Period Cup, 2 pcs Small and 2 pcs Large (Purple and White)</p><p> -33% 0FF </p><p>$9.99 ($2.50 / Count)</p><a href="https://www.amazon.com/dp/B07QNVNDMQ?tag=eloabder-20&linkCode=osi&th=1&psc=1">View Product</a></div><div class="product"><a href="https://www.amazon.com/dp/B08MYQJ95N?tag=eloabder-20&linkCode=osi&th=1&psc=1"><img src="https://m.media-amazon.com/images/I/41C-jls603L._SL500_.jpg" alt="Product Image"></a><p>YTYOMUR Menstrual Cup Steamer Sterilizer with 2 Reusable Menstrual Cups, Period Cups Cleaner Wash Kit</p><p> -37% 0FF </p><p>$20.24</p><a href="https://www.amazon.com/dp/B08MYQJ95N?tag=eloabder-20&linkCode=osi&th=1&psc=1">View Product</a></div><div class="product"><a href="https://www.amazon.com/dp/B081QNN9CD?tag=eloabder-20&linkCode=osi&th=1&psc=1"><img src="https://m.media-amazon.com/images/I/41vipuZyibL._SL500_.jpg" alt="Product Image"></a><p>Talisi Menstrual Cups Set of 2 with Collapsible Cleaner Silicone Sterilizer - Soft Reusable Period Kit - Tampon Pads Disc Alternative - Menstruation Feminine Cup Regular, Heavy Flow (Small & Large)</p><p> -10% 0FF </p><p>$8.99 ($2.25 / Count)</p><a href="https://www.amazon.com/dp/B081QNN9CD?tag=eloabder-20&linkCode=osi&th=1&psc=1">View Product</a></div><div class="product"><a href="https://www.amazon.com/dp/B087WK7LBS?tag=eloabder-20&linkCode=osi&th=1&psc=1"><img src="https://m.media-amazon.com/images/I/410uziY5NGL._SL500_.jpg" alt="Product Image"></a><p>Talisi Menstrual Cups - Reusable Soft Period Cups - Menstruation Feminine Hygiene Products with Silicone Collapsible Sterilizer Case - Regular & Heavy Flow - Large, Small Size Copa Menstrual Kit</p><p> -14% 0FF </p><p>$5.99 ($1.50 / Count)</p><a href="https://www.amazon.com/dp/B087WK7LBS?tag=eloabder-20&linkCode=osi&th=1&psc=1">View Product</a></div>
<div class="product"><a href="https://www.amazon.com/dp/B01ARVVTYW?tag=eloabder-20&linkCode=osi&th=1&psc=1"><img src="https://m.media-amazon.com/images/I/41sOZ7EfDGL._SL500_.jpg" alt="Product Image"></a><p>Carefree Panty Liners for Women, Regular, Wrapped, Unscented, 54ct | Pantiliners, Carefree Liners, Daily Liners for Women, Light Periods and Leaks, 8-Hour Odor Control | 54ct (Packaging May Vary)</p><p> -33% 0FF </p><p>$3.34 ($0.06 / Count)</p><a href="https://www.amazon.com/dp/B01ARVVTYW?tag=eloabder-20&linkCode=osi&th=1&psc=1">View Product</a></div><div class="product"><a href="https://www.amazon.com/dp/B00NJNJ6O6?tag=eloabder-20&linkCode=osi&th=1&psc=1"><img src="https://m.media-amazon.com/images/I/416qKSPSpOL._SL500_.jpg" alt="Product Image"></a><p>Carefree Panty Liners for Women, Regular, Unwrapped, Unscented, 120ct | Pantiliners, Carefree Liners, Daily Liners for Women, Light Periods and Leaks, 8-Hour Odor Control | 120ct (Packaging May Vary)</p><p> -37% 0FF </p><p>$5.97 ($0.05 / Count)</p><a href="https://www.amazon.com/dp/B00NJNJ6O6?tag=eloabder-20&linkCode=osi&th=1&psc=1">View Product</a></div><div class="product"><a href="https://www.amazon.com/dp/B07C99C39S?tag=eloabder-20&linkCode=osi&th=1&psc=1"><img src="https://m.media-amazon.com/images/I/410-MyDdTyL._SL500_.jpg" alt="Product Image"></a><p>U by Kotex Panty Liners, Clean & Secure, Light Absorbency, Long Length, 126 Count (Packaging May Vary)</p><p> -35% 0FF </p><p>$7.79 ($0.06 / Count)</p><a href="https://www.amazon.com/dp/B07C99C39S?tag=eloabder-20&linkCode=osi&th=1&psc=1">View Product</a></div><div class="product"><a href="https://www.amazon.com/dp/B00UASJJX6?tag=eloabder-20&linkCode=osi&th=1&psc=1"><img src="https://m.media-amazon.com/images/I/51JyBlhNEuL._SL500_.jpg" alt="Product Image"></a><p>U by Kotex Balance Wrapped Panty Liners, Regular Length, 80 Count (Packaging May Vary)</p><p> -65% 0FF </p><p>$3.50 ($0.04 / Count)</p><a href="https://www.amazon.com/dp/B00UASJJX6?tag=eloabder-20&linkCode=osi&th=1&psc=1">View Product</a></div><div class="product"><a href="https://www.amazon.com/dp/B004RSO890?tag=eloabder-20&linkCode=osi&th=1&psc=1"><img src="https://m.media-amazon.com/images/I/41wY7+hDP5L._SL500_.jpg" alt="Product Image"></a><p>Carefree Thong Regular 49 Count Unscented Liner</p><p> -28% 0FF </p><p>$3.58 ($0.07 / Count)</p><a href="https://www.amazon.com/dp/B004RSO890?tag=eloabder-20&linkCode=osi&th=1&psc=1">View Product</a></div><div class="product"><a href="https://www.amazon.com/dp/B0DR3579J9?tag=eloabder-20&linkCode=osi&th=1&psc=1"><img src="https://m.media-amazon.com/images/I/51NcGafWnNL._SL500_.jpg" alt="Product Image"></a><p>Always Daily Protect Liners, Regular Length, Unscented, 96 Count</p><p> -10% 0FF </p><p>$7.17 ($0.07 / Count)</p><a href="https://www.amazon.com/dp/B0DR3579J9?tag=eloabder-20&linkCode=osi&th=1&psc=1">View Product</a></div><div class="product"><a href="https://www.amazon.com/dp/B09VMHGQFG?tag=eloabder-20&linkCode=osi&th=1&psc=1"><img src="https://m.media-amazon.com/images/I/4141Nw-Z01L._SL500_.jpg" alt="Product Image"></a><p>Carefree Panty Liners for Women, Extra Long, Unwrapped, Unscented, 100ct | Pantiliners, Carefree, Daily for Women, Light Periods and Leaks, 8-Hour Odor Control|100ct (Packaging May Vary)</p><p> -32% 0FF </p><p>$6.78 ($0.07 / Count)</p><a href="https://www.amazon.com/dp/B09VMHGQFG?tag=eloabder-20&linkCode=osi&th=1&psc=1">View Product</a></div>
<div class="product"><a href="https://www.amazon.com/dp/B0DSLZWGDN?tag=eloabder-20&linkCode=osi&th=1&psc=1"><img src="https://m.media-amazon.com/images/I/41wmZddDUXL._SL500_.jpg" alt="Product Image"></a><p>Summer's Eve Ultimate Odor Protection Daily Feminine Wipes, Gentle pH-Balanced Formula with Boric Acid Cleanses & Removes Vaginal Odor, Resealable Pack, 32 Body Wipes</p><p> -29% 0FF </p><p>$4.98 ($0.16 / Count)</p><a href="https://www.amazon.com/dp/B0DSLZWGDN?tag=eloabder-20&linkCode=osi&th=1&psc=1">View Product</a></div><div class="product"><a href="https://www.amazon.com/dp/B0D1KXV9ZS?tag=eloabder-20&linkCode=osi&th=1&psc=1"><img src="https://m.media-amazon.com/images/I/311Liu9BWoL._SL500_.jpg" alt="Product Image"></a><p>Vagisil pH Balance Daily Freshening Wipes for Feminine Hygiene in Resealable Pouch, Gynecologist Tested & Hypoallergenic, 20 Wipes (Pack of 1)</p><p> -40% 0FF </p><p>$2.97 ($0.15 / Count)</p><a href="https://www.amazon.com/dp/B0D1KXV9ZS?tag=eloabder-20&linkCode=osi&th=1&psc=1">View Product</a></div><div class="product"><a href="https://www.amazon.com/dp/B07DVY2PDZ?tag=eloabder-20&linkCode=osi&th=1&psc=1"><img src="https://m.media-amazon.com/images/I/51m-hobgS9L._SL500_.jpg" alt="Product Image"></a><p>Charmin Flushable Wipes, 160 Total Wipes (4 Packs of 40)</p><p> -28% 0FF </p><p>$7.96 ($4.98 / 100 Sheets)</p><a href="https://www.amazon.com/dp/B07DVY2PDZ?tag=eloabder-20&linkCode=osi&th=1&psc=1">View Product</a></div>

<div class="product"><a href="https://www.amazon.com/dp/B0FS2XTBJW?tag=eloabder-20&linkCode=osi&th=1&psc=1"><img src="https://m.media-amazon.com/images/I/413BHekXfiL._SL500_.jpg" alt="Product Image"></a><p>ZHIXJIA Knee Massager with Heat, 3-in-1 Smart Portable, 3 Vibration Modes and 3 Heating Levels LED Vitality Joints Knee Massager, Gift for Men and Women, Black</p><p> -78% 0FF </p><p>$99.99 ($99.99 / Count)</p><a href="https://www.amazon.com/dp/B0FS2XTBJW?tag=eloabder-20&linkCode=osi&th=1&psc=1">View Product</a></div><div class="product"><a href="https://www.amazon.com/dp/B0FHQ3WV4L?tag=eloabder-20&linkCode=osi&th=1&psc=1"><img src="https://m.media-amazon.com/images/I/412JLGi0PiL._SL500_.jpg" alt="Product Image"></a><p>DUBSTAR 3-in-1 Pill Crusher Pill Grinder, Pill Crusher Fine Powder with Brush, Pill Crushers for Elderly with Pill Cutter and Storage, Pill Cutter Splitter for Small or Large Pills (Green)</p><p> -29% 0FF </p><p>$9.99 ($9.99 / Count)</p><a href="https://www.amazon.com/dp/B0FHQ3WV4L?tag=eloabder-20&linkCode=osi&th=1&psc=1">View Product</a></div><div class="product"><a href="https://www.amazon.com/dp/B0FR4SPYFK?tag=eloabder-20&linkCode=osi&th=1&psc=1"><img src="https://m.media-amazon.com/images/I/41+owzP2llL._SL500_.jpg" alt="Product Image"></a><p>DEPAD Adjustable Pill Cutters Splitter for Small and Tiny Pills with Accurate Alignment, Pill Cutters for Small or Large Pills with Sharp Safe Blade</p><p> -23% 0FF </p><p>$9.99</p><a href="https://www.amazon.com/dp/B0FR4SPYFK?tag=eloabder-20&linkCode=osi&th=1&psc=1">View Product</a></div><div class="product"><a href="https://www.amazon.com/dp/B0F9NTTCWX?tag=eloabder-20&linkCode=osi&th=1&psc=1"><img src="https://m.media-amazon.com/images/I/51rTYaWSgtL._SL500_.jpg" alt="Product Image"></a><p>AUVON Dual Channel TENS Unit Muscle Stimulator Machine with 20 Modes, 2" and 2"x4" TENS Unit Electrode Pads (Red)</p><p> -28% 0FF </p><p>$25.99</p><a href="https://www.amazon.com/dp/B0F9NTTCWX?tag=eloabder-20&linkCode=osi&th=1&psc=1">View Product</a></div><div class="product"><a href="https://www.amazon.com/dp/B0D63FTHH4?tag=eloabder-20&linkCode=osi&th=1&psc=1"><img src="https://m.media-amazon.com/images/I/41Gu1013yRL._SL500_.jpg" alt="Product Image"></a><p>Yicotira 4 Pack Reusable Microfiber Mop Pads Compatible with Swiffer Sweeper - Dry Sweeping Cloths & Wet Pad Refills for Wet & Dry, Washable Pads Refills for Household Cleaning (Mop is not Included)</p><p> -34% 0FF </p><p>$8.54 ($2.14 / Count)</p><a href="https://www.amazon.com/dp/B0D63FTHH4?tag=eloabder-20&linkCode=osi&th=1&psc=1">View Product</a></div>
<div class="product"><a href="https://www.amazon.com/dp/B000ZLVUYO?tag=eloabder-20&linkCode=osi&th=1&psc=1"><img src="https://m.media-amazon.com/images/I/41CNAwwnEqL._SL500_.jpg" alt="Product Image"></a><p>It's A 10 Miracle Hair Mask, 8-Ounce</p><p> -16% 0FF </p><p>$25.99 ($3.25 / Fl Oz)</p><a href="https://www.amazon.com/dp/B000ZLVUYO?tag=eloabder-20&linkCode=osi&th=1&psc=1">View Product</a></div><div class="product"><a href="https://www.amazon.com/dp/B07VCGRBGT?tag=eloabder-20&linkCode=osi&th=1&psc=1"><img src="https://m.media-amazon.com/images/I/51QprRDhFoL._SL500_.jpg" alt="Product Image"></a><p>Palmer's Coconut Oil Formula Moisture Boost Protein Pack, Hair Treatment for Dry, Damaged, Over-Processed and Colored Hair, 2.1 Ounce (Pack of 12)</p><p> -67% 0FF </p><p>$11.09 ($0.92 / Ounce)</p><a href="https://www.amazon.com/dp/B07VCGRBGT?tag=eloabder-20&linkCode=osi&th=1&psc=1">View Product</a></div>
<div class="product"><a href="https://www.amazon.com/dp/B01A74442I?tag=eloabder-20&linkCode=osi&th=1&psc=1"><img src="https://m.media-amazon.com/images/I/51crUDqQzIL._SL500_.jpg" alt="Product Image"></a><p>Cliganic Organic Jojoba Oil, 100% Pure (4oz) | Moisturizing for Face, Hair, Skin & Nails | Natural Cold Pressed Hexane Free | Base Carrier Oil</p><p> -27% 0FF </p><p>$9.48 ($2.37 / Fl Oz)</p><a href="https://www.amazon.com/dp/B01A74442I?tag=eloabder-20&linkCode=osi&th=1&psc=1">View Product</a></div><div class="product"><a href="https://www.amazon.com/dp/B09PR9R9SL?tag=eloabder-20&linkCode=osi&th=1&psc=1"><img src="https://m.media-amazon.com/images/I/51EyKsoMSlL._SL500_.jpg" alt="Product Image"></a><p>KUKKA Rosemary Essential Oils - 4 Fl Oz - for Hair, Skin, Diffuser, Aromatherapy & DIY Soap Making Scent</p><p> -33% 0FF </p><p>$12.99 ($3.25 / Fl Oz)</p><a href="https://www.amazon.com/dp/B09PR9R9SL?tag=eloabder-20&linkCode=osi&th=1&psc=1">View Product</a></div><div class="product"><a href="https://www.amazon.com/dp/B004Z209HS?tag=eloabder-20&linkCode=osi&th=1&psc=1"><img src="https://m.media-amazon.com/images/I/41h5nZqdm+L._SL500_.jpg" alt="Product Image"></a><p>PURA D'OR 4 Oz ORGANIC Moroccan Argan Oil - USDA Certified 100% Pure & Cold Pressed Virgin Premium Grade Natural Moisturizer Treatment For Dry, Damaged Skin, Hair, Face, Body & Scalp - Men & Women</p><p> -12% 0FF </p><p>$14.99 ($3.75 / Fl Oz)</p><a href="https://www.amazon.com/dp/B004Z209HS?tag=eloabder-20&linkCode=osi&th=1&psc=1">View Product</a></div>
<div class="product"><a href="https://www.amazon.com/dp/B004YVDIAU?tag=eloabder-20&linkCode=osi&th=1&psc=1"><img src="https://m.media-amazon.com/images/I/313PkUEQj5L._SL500_.jpg" alt="Product Image"></a><p>Garnier Fructis Style Curl Sculpt Conditioning Cream Gel for Bounce & Moisture, 5.1 Fl Oz, 1 Count (Packaging May Vary)</p><p> -21% 0FF </p><p>$4.73 ($0.93 / Ounce)</p><a href="https://www.amazon.com/dp/B004YVDIAU?tag=eloabder-20&linkCode=osi&th=1&psc=1">View Product</a></div><div class="product"><a href="https://www.amazon.com/dp/B0002Z90RM?tag=eloabder-20&linkCode=osi&th=1&psc=1"><img src="https://m.media-amazon.com/images/I/31xKcrbq12L._SL500_.jpg" alt="Product Image"></a><p>RUSK Designer Collection Thick Body and Texture Amplifier Spray, 6 Oz, For Fine, Limp, Flat or Lazy Hair Types - Contains Wheat Protein, Adds Strength, Texture, Volume & Moisture</p><p> -5% 0FF </p><p>$17.50 ($2.92 / Fl Oz)</p><a href="https://www.amazon.com/dp/B0002Z90RM?tag=eloabder-20&linkCode=osi&th=1&psc=1">View Product</a></div><div class="product"><a href="https://www.amazon.com/dp/B0013NE2Y8?tag=eloabder-20&linkCode=osi&th=1&psc=1"><img src="https://m.media-amazon.com/images/I/31A8kEJJlIL._SL500_.jpg" alt="Product Image"></a><p>John Frieda Frizz Ease Original Hair Serum, Protecting Against Frizz, Heat, and Humidity While Adding Shine, Smooths Strands and Hydrates Parched Hair with Argan, Coconut, and Moringa Oil, 1.69 Oz</p><p> -33% 0FF </p><p>$8.01 ($4.74 / Fl Oz)</p><a href="https://www.amazon.com/dp/B0013NE2Y8?tag=eloabder-20&linkCode=osi&th=1&psc=1">View Product</a></div>
<div class="product"><a href="https://www.amazon.com/dp/B004BYSR6K?tag=eloabder-20&linkCode=osi&th=1&psc=1"><img src="https://m.media-amazon.com/images/I/41RMAGucP7L._SL500_.jpg" alt="Product Image"></a><p>L'Oreal Paris Excellence Crème Permanent Hair Dye, Triple Care Hair Color with Pro-Keratine Complex for 100% Gray Hair Coverage, 5 Medium Brown, 1 Kit</p><p> -23% 0FF </p><p>$9.98</p><a href="https://www.amazon.com/dp/B004BYSR6K?tag=eloabder-20&linkCode=osi&th=1&psc=1">View Product</a></div><div class="product"><a href="https://www.amazon.com/dp/B00006JN4P?tag=eloabder-20&linkCode=osi&th=1&psc=1"><img src="https://m.media-amazon.com/images/I/51mGD8V4I7L._SL500_.jpg" alt="Product Image"></a><p>L'Oreal Paris Superior Preference Fade-Defying + Shine Permanent Hair Color, 8 Medium Blonde, Pack of 1, Hair Dye</p><p> -36% 0FF </p><p>$8.97</p><a href="https://www.amazon.com/dp/B00006JN4P?tag=eloabder-20&linkCode=osi&th=1&psc=1">View Product</a></div><div class="product"><a href="https://www.amazon.com/dp/B000KOU7FE?tag=eloabder-20&linkCode=osi&th=1&psc=1"><img src="https://m.media-amazon.com/images/I/51BV0dgoMnL._SL500_.jpg" alt="Product Image"></a><p>L'Oreal Paris Feria Multi-Faceted Shimmering Permanent Hair Color, B61 Downtown Brown (Hi-Lift Cool Brown), Pack of 1, Hair Dye</p><p> -7% 0FF </p><p>$12.97</p><a href="https://www.amazon.com/dp/B000KOU7FE?tag=eloabder-20&linkCode=osi&th=1&psc=1">View Product</a></div><div class="product"><a href="https://www.amazon.com/dp/B003AYEGGW?tag=eloabder-20&linkCode=osi&th=1&psc=1"><img src="https://m.media-amazon.com/images/I/41usJCtVqUL._SL500_.jpg" alt="Product Image"></a><p>Clairol Root Touch-Up by Nice'n Easy Permanent Hair Dye, 2 Black Hair Color, Pack of 2</p><p> -6% 0FF </p><p>$15.96 ($7.25 / Fl Oz)</p><a href="https://www.amazon.com/dp/B003AYEGGW?tag=eloabder-20&linkCode=osi&th=1&psc=1">View Product</a></div><div class="product"><a href="https://www.amazon.com/dp/B000NSW0EI?tag=eloabder-20&linkCode=osi&th=1&psc=1"><img src="https://m.media-amazon.com/images/I/51ZOUeoIXAS._SL500_.jpg" alt="Product Image"></a><p>Just For Men Shampoo In Color, Hair Color for Men with Keratin and Vitamin E for Stronger Hair, Restores Natural Hair Color, Medium Brown, H-35, Pack of 3</p><p> -10% 0FF </p><p>$26.88</p><a href="https://www.amazon.com/dp/B000NSW0EI?tag=eloabder-20&linkCode=osi&th=1&psc=1">View Product</a></div><div class="product"><a href="https://www.amazon.com/dp/B004DKB08E?tag=eloabder-20&linkCode=osi&th=1&psc=1"><img src="https://m.media-amazon.com/images/I/41dA53oe85L._SL500_.jpg" alt="Product Image"></a><p>John Frieda Precision Foam Colour, Medium Natural Brown 5N, Full-coverage Hair Color Kit, Anti-Fade Gray Coverage, Deep Color Saturation Hair Dye, 1 Application</p><p> -8% 0FF </p><p>$11.92</p><a href="https://www.amazon.com/dp/B004DKB08E?tag=eloabder-20&linkCode=osi&th=1&psc=1">View Product</a></div><div class="product"><a href="https://www.amazon.com/dp/B000KOHSQA?tag=eloabder-20&linkCode=osi&th=1&psc=1"><img src="https://m.media-amazon.com/images/I/51voB2QwdLL._SL500_.jpg" alt="Product Image"></a><p>L'Oreal Paris Couleur Experte 2-Step Home Hair Color and Highlights Kit, French Éclair</p><p> -18% 0FF </p><p>$13.97</p><a href="https://www.amazon.com/dp/B000KOHSQA?tag=eloabder-20&linkCode=osi&th=1&psc=1">View Product</a></div>
<div class="product"><a href="https://www.amazon.com/dp/B005CSYTCU?tag=eloabder-20&linkCode=osi&th=1&psc=1"><img src="https://m.media-amazon.com/images/I/41og7wvl2GL._SL500_.jpg" alt="Product Image"></a><p>Goody Ouchless Polyband Hair Ties - 250 Ct, Clear, Latex Hair Bands for Women's Hair, Easy Glide, Ultra-Strong Hold Hair Accessories for Women & Men, Secure Hold Ridge Design, All Hair Types</p><p> -19% 0FF </p><p>$3.19 ($0.01 / Count)</p><a href="https://www.amazon.com/dp/B005CSYTCU?tag=eloabder-20&linkCode=osi&th=1&psc=1">View Product</a></div><div class="product"><a href="https://www.amazon.com/dp/B00CGN9LQ8?tag=eloabder-20&linkCode=osi&th=1&psc=1"><img src="https://m.media-amazon.com/images/I/41LhEO75hIL._SL500_.jpg" alt="Product Image"></a><p>Crave Naturals Glide Thru Hair Brush - Detangler Brush for Curly, Straight, Wet or Dry Hair - Gentle Detangling Brushes for Adults, Kids, Toddlers - Hair Accessories for Women, 7.5x3 - Pink</p><p> -47% 0FF </p><p>$8.49</p><a href="https://www.amazon.com/dp/B00CGN9LQ8?tag=eloabder-20&linkCode=osi&th=1&psc=1">View Product</a></div><div class="product"><a href="https://www.amazon.com/dp/B00DLWO7D0?tag=eloabder-20&linkCode=osi&th=1&psc=1"><img src="https://m.media-amazon.com/images/I/31ISZI2zfzL._SL500_.jpg" alt="Product Image"></a><p>Goody Smooth and Sleek Wood Styling Brush with Natural Boar Bristles, Flyaway Free Finish, For All Hair Types, Brown, 1CT</p><p> -20% 0FF </p><p>$4.62</p><a href="https://www.amazon.com/dp/B00DLWO7D0?tag=eloabder-20&linkCode=osi&th=1&psc=1">View Product</a></div>
<div class="product"><a href="https://www.amazon.com/dp/B00HFQQ0VU?tag=eloabder-20&linkCode=osi&th=1&psc=1"><img src="https://m.media-amazon.com/images/I/41J4CJ+ERsL._SL500_.jpg" alt="Product Image"></a><p>Waterpik Aquarius Water Flosser For Teeth Cleaning, Gums, Braces, Dental Care, Electric Power With 10 Settings, 7 Tips For Multiple Users And Needs, ADA Accepted, White WP-660, Packaging May Vary</p><p> -20% 0FF </p><p>$79.99</p><a href="https://www.amazon.com/dp/B00HFQQ0VU?tag=eloabder-20&linkCode=osi&th=1&psc=1">View Product</a></div><div class="product"><a href="https://www.amazon.com/dp/B000QXH4PK?tag=eloabder-20&linkCode=osi&th=1&psc=1"><img src="https://m.media-amazon.com/images/I/41BYUSQaRKL._SL500_.jpg" alt="Product Image"></a><p>Listerine PocketPaks Cool Mint Breath Strips, Portable Pocket-Sized Oral Care Mouth Freshener, Dissolving Strips Kill 99% of Bad Breath Germs, Sugar Free, 3 x 24-Strip Packs</p><p> -18% 0FF </p><p>$5.72 ($0.08 / Count)</p><a href="https://www.amazon.com/dp/B000QXH4PK?tag=eloabder-20&linkCode=osi&th=1&psc=1">View Product</a></div><div class="product"><a href="https://www.amazon.com/dp/B07LGSYTLM?tag=eloabder-20&linkCode=osi&th=1&psc=1"><img src="https://m.media-amazon.com/images/I/31YRxbr1qCL._SL500_.jpg" alt="Product Image"></a><p>DenTek Professional Oral Care Kit, Complete Set of Dental Tools Including Mirror, Dental Pick, Scaler & Stimulator</p><p> -9% 0FF </p><p>$6.39</p><a href="https://www.amazon.com/dp/B07LGSYTLM?tag=eloabder-20&linkCode=osi&th=1&psc=1">View Product</a></div><div class="product"><a href="https://www.amazon.com/dp/B01LAY47D0?tag=eloabder-20&linkCode=osi&th=1&psc=1"><img src="https://m.media-amazon.com/images/I/41y93UxXRvL._SL500_.jpg" alt="Product Image"></a><p>MasterMedi Tongue Scraper for Adults with Multicolor Travel Cases (2 Pack), 100% Stainless Steel, Reduce Bad Breath, Tongue Scrubber, Easy to Use, Tongue Cleaner for Oral Care & Hygiene</p><p> -34% 0FF </p><p>$9.95 ($4.98 / Count)</p><a href="https://www.amazon.com/dp/B01LAY47D0?tag=eloabder-20&linkCode=osi&th=1&psc=1">View Product</a></div>
<div class="product"><a href="https://www.amazon.com/dp/B09F8FZ18G?tag=eloabder-20&linkCode=osi&th=1&psc=1"><img src="https://m.media-amazon.com/images/I/51WkgqQXqCL._SL500_.jpg" alt="Product Image"></a><p>Crest 3D White Advanced Luminous Mint Teeth Whitening Toothpaste, Crest Toothpaste, 3.7 oz Pack of 4 - Helps Remove Surface Stains, Whitens Teeth, Strengthens Tooth Enamel, Protects Against Cavities</p><p> -20% 0FF </p><p>$11.99 ($0.81 / Ounce)</p><a href="https://www.amazon.com/dp/B09F8FZ18G?tag=eloabder-20&linkCode=osi&th=1&psc=1">View Product</a></div><div class="product"><a href="https://www.amazon.com/dp/B083JHCCV2?tag=eloabder-20&linkCode=osi&th=1&psc=1"><img src="https://m.media-amazon.com/images/I/31ppsn+WAqL._SL500_.jpg" alt="Product Image"></a><p>Boka Fluoride Free Toothpaste, Nano Hydroxyapatite Toothpaste, Appropriate for Sensitive Teeth - for Adult, Kids Oral Care - Ela Mint Flavor, 4 Fl Oz 1Pk US Manufactured</p><p> -10% 0FF </p><p>$11.75 ($2.94 / Ounce)</p><a href="https://www.amazon.com/dp/B083JHCCV2?tag=eloabder-20&linkCode=osi&th=1&psc=1">View Product</a></div><div class="product"><a href="https://www.amazon.com/dp/B0BLWLL3FV?tag=eloabder-20&linkCode=osi&th=1&psc=1"><img src="https://m.media-amazon.com/images/I/519IfsN7qIL._SL500_.jpg" alt="Product Image"></a><p>Colgate Total Whitening Toothpaste Paste, 5.1 oz, 4 Pack, Fluoride, Antibacterial, for Plaque, Gingivitis, Sensitivity, Stain Removal, Clinically Proven, Mint, Teeth Whitening, Stannous Fluoride</p><p> -10% 0FF </p><p>$14.38 ($0.70 / Fl Oz)</p><a href="https://www.amazon.com/dp/B0BLWLL3FV?tag=eloabder-20&linkCode=osi&th=1&psc=1">View Product</a></div>
<div class="product"><a href="https://www.amazon.com/dp/B00CC6XSRC?tag=eloabder-20&linkCode=osi&th=1&psc=1"><img src="https://m.media-amazon.com/images/I/41OKKVbMN-L._SL500_.jpg" alt="Product Image"></a><p>Colgate Extra Clean Toothbrush, Medium Toothbrush for Adults, 6 Pack</p><p> -10% 0FF </p><p>$4.96 ($0.83 / Count)</p><a href="https://www.amazon.com/dp/B00CC6XSRC?tag=eloabder-20&linkCode=osi&th=1&psc=1">View Product</a></div><div class="product"><a href="https://www.amazon.com/dp/B06XK2M3H3?tag=eloabder-20&linkCode=osi&th=1&psc=1"><img src="https://m.media-amazon.com/images/I/41tntn0c7BL._SL500_.jpg" alt="Product Image"></a><p>Oral-B 3D White Stain Eraser, 4 count SOFT manual tootbrush pack, Removes Stains, Whitens Teeth, Tongue and Cheek Cleaner</p><p> -12% 0FF </p><p>$7.92 ($1.98 / Count)</p><a href="https://www.amazon.com/dp/B06XK2M3H3?tag=eloabder-20&linkCode=osi&th=1&psc=1">View Product</a></div><div class="product"><a href="https://www.amazon.com/dp/B00H88K9EE?tag=eloabder-20&linkCode=osi&th=1&psc=1"><img src="https://m.media-amazon.com/images/I/51ah-EIUbsL._SL500_.jpg" alt="Product Image"></a><p>Colgate 360 Whole Mouth Toothbrush, Adult Toothbrushes Medium Bristles, Helps Remove Bad Breath Bacteria and Plaque, Medium Toothbrush Pack, Includes Cheek and Tongue Cleaner, 4 Pack</p><p> -18% 0FF </p><p>$8.19 ($2.05 / Count)</p><a href="https://www.amazon.com/dp/B00H88K9EE?tag=eloabder-20&linkCode=osi&th=1&psc=1">View Product</a></div><div class="product"><a href="https://www.amazon.com/dp/B003CP12QG?tag=eloabder-20&linkCode=osi&th=1&psc=1"><img src="https://m.media-amazon.com/images/I/41LPe-bdnPL._SL500_.jpg" alt="Product Image"></a><p>Oral-B Pulsar Pro-Health Expert Clean, Battery electric toothbrush, 2 count MEDIUM toothbrush pack, removes plaque, travel essentials tooth brush</p><p> -22% 0FF </p><p>$10.97 ($5.48 / Count)</p><a href="https://www.amazon.com/dp/B003CP12QG?tag=eloabder-20&linkCode=osi&th=1&psc=1">View Product</a></div>
<div class="product"><a href="https://www.amazon.com/dp/B0C881GLNM?tag=eloabder-20&linkCode=osi&th=1&psc=1"><img src="https://m.media-amazon.com/images/I/51C2ohy2RWL._SL500_.jpg" alt="Product Image"></a><p>Crest Pro-Health Advanced Mouthwash, Alcohol Free, Multi-Protection, Fresh Mint, 1 L (33.8 fl oz), Pack of 2, Blue</p><p> -9% 0FF </p><p>$10.97 ($0.16 / Fl Oz)</p><a href="https://www.amazon.com/dp/B0C881GLNM?tag=eloabder-20&linkCode=osi&th=1&psc=1">View Product</a></div><div class="product"><a href="https://www.amazon.com/dp/B005IHSPLQ?tag=eloabder-20&linkCode=osi&th=1&psc=1"><img src="https://m.media-amazon.com/images/I/31U2umAytxL._SL500_.jpg" alt="Product Image"></a><p>Listerine Alcohol-Free Mouthwash, Non Alcoholic Mint Oral Rinse Kills 99.9% of Germs That Cause Bad Breath for a Fresh Breath & Clean Mouth, Less Intense Taste, Cool Mint Flavor, 1 L</p><p> -25% 0FF </p><p>$6.99 ($0.21 / Fl Oz)</p><a href="https://www.amazon.com/dp/B005IHSPLQ?tag=eloabder-20&linkCode=osi&th=1&psc=1">View Product</a></div><div class="product"><a href="https://www.amazon.com/dp/B0126XBQK6?tag=eloabder-20&linkCode=osi&th=1&psc=1"><img src="https://m.media-amazon.com/images/I/51dT1Mhf3zL._SL500_.jpg" alt="Product Image"></a><p>Crest Pro-Health Advanced Mouthwash, Alcohol Free, Extra Whitening, Energizing Mint Flavor, 946 mL (32 fl oz)</p><p> -20% 0FF </p><p>$7.17 ($0.22 / Fl Oz)</p><a href="https://www.amazon.com/dp/B0126XBQK6?tag=eloabder-20&linkCode=osi&th=1&psc=1">View Product</a></div><div class="product"><a href="https://www.amazon.com/dp/B00495Q5OW?tag=eloabder-20&linkCode=osi&th=1&psc=1"><img src="https://m.media-amazon.com/images/I/41U0hz++OHL._SL500_.jpg" alt="Product Image"></a><p>Listerine Total Care Anticavity Fluoride Mouthwash, 6 Benefits in 1 Oral Rinse Helps Kill 99% of Bad Breath Germs, Prevents Cavities, Strengthens Teeth, ADA-Accepted, Fresh Mint, 1 L</p><p> -26% 0FF </p><p>$8.79 ($0.27 / fluid ounce(s))</p><a href="https://www.amazon.com/dp/B00495Q5OW?tag=eloabder-20&linkCode=osi&th=1&psc=1">View Product</a></div>
<div class="product"><a href="https://www.amazon.com/dp/B013OKRGWW?tag=eloabder-20&linkCode=osi&th=1&psc=1"><img src="https://m.media-amazon.com/images/I/31s8V2M+RVL._SL500_.jpg" alt="Product Image"></a><p>REACH Waxed Dental Floss, Mint, Plaque Remover for Teeth, Shred Resistant, Floss Slides Smoothly, Easy to Use, Waxed, Deep Cleaning Teeth, Oral Care, PFAS Free, for Adults & Kids, 1 Pack, 55 yd</p><p> -13% 0FF </p><p>$1.29 ($0.01 / Foot)</p><a href="https://www.amazon.com/dp/B013OKRGWW?tag=eloabder-20&linkCode=osi&th=1&psc=1">View Product</a></div><div class="product"><a href="https://www.amazon.com/dp/B014KZLWX4?tag=eloabder-20&linkCode=osi&th=1&psc=1"><img src="https://m.media-amazon.com/images/I/41GyDUKvKAL._SL500_.jpg" alt="Product Image"></a><p>REACH Waxed Dental Floss, Mint, Plaque Remover for Teeth, Shred Resistant, Floss Slides Smoothly, Easy to Use, Waxed, Deep Cleaning Teeth, Oral Care, PFAS Free, for Adults & Kids, 6 Pack, 55 yd</p><p> -13% 0FF </p><p>$10.74 ($0.01 / Foot)</p><a href="https://www.amazon.com/dp/B014KZLWX4?tag=eloabder-20&linkCode=osi&th=1&psc=1">View Product</a></div><div class="product"><a href="https://www.amazon.com/dp/B00UB7BO16?tag=eloabder-20&linkCode=osi&th=1&psc=1"><img src="https://m.media-amazon.com/images/I/41aZF2HKXrL._SL500_.jpg" alt="Product Image"></a><p>Oral-B Glide Complete Floss Picks, Dental Floss Picks, Scope Outlast, 75-ct, Toothpicks Floss Picks</p><p> -20% 0FF </p><p>$3.96 ($0.05 / Count)</p><a href="https://www.amazon.com/dp/B00UB7BO16?tag=eloabder-20&linkCode=osi&th=1&psc=1">View Product</a></div><div class="product"><a href="https://www.amazon.com/dp/B003K01BMI?tag=eloabder-20&linkCode=osi&th=1&psc=1"><img src="https://m.media-amazon.com/images/I/41r6iQVxOzL._SL500_.jpg" alt="Product Image"></a><p>DenTek Triple Clean Advanced Clean Floss Picks, No Break & No Shred Floss, 150 Count, (Packaging May Vary)</p><p> -31% 0FF </p><p>$4.15 ($0.03 / Count)</p><a href="https://www.amazon.com/dp/B003K01BMI?tag=eloabder-20&linkCode=osi&th=1&psc=1">View Product</a></div><div class="product"><a href="https://www.amazon.com/dp/B07WFX1WD2?tag=eloabder-20&linkCode=osi&th=1&psc=1"><img src="https://m.media-amazon.com/images/I/51lqCql47sL._SL500_.jpg" alt="Product Image"></a><p>Oral-B Glide Dental Floss, Scope Flavor, 40m (Pack of 6)</p><p> -20% 0FF </p><p>$15.96 ($0.02 / Foot)</p><a href="https://www.amazon.com/dp/B07WFX1WD2?tag=eloabder-20&linkCode=osi&th=1&psc=1">View Product</a></div>
<div class="product"><a href="https://www.amazon.com/dp/B0BVT76MFH?tag=eloabder-20&linkCode=osi&th=1&psc=1"><img src="https://m.media-amazon.com/images/I/419kJTfLfGL._SL500_.jpg" alt="Product Image"></a><p>Crest 3D Whitestrips Sensitive At-Home Teeth Whitening Kit, 18 Treatments, Gently Removes 15 Years of Stains, Crest Whitestrips, Teeth Whitening Kit</p><p> -44% 0FF </p><p>$27.85 ($1.55 / Count)</p><a href="https://www.amazon.com/dp/B0BVT76MFH?tag=eloabder-20&linkCode=osi&th=1&psc=1">View Product</a></div>
<div class="product"><a href="https://www.amazon.com/dp/B0CK1791MR?tag=eloabder-20&linkCode=osi&th=1&psc=1"><img src="https://m.media-amazon.com/images/I/31CZvJQAbDL._SL500_.jpg" alt="Product Image"></a><p>Her Fantasy Box | Refresh pH Balancing Shower Gel - Natural Feminine Hygiene Solution for Gentle Cleansing, Odor Control, and Skin Nourishment - pH-Balanced Formula for All Skin Types (8 oz)</p><p> -6% 0FF </p><p>$14.99 ($1.87 / Fl Oz)</p><a href="https://www.amazon.com/dp/B0CK1791MR?tag=eloabder-20&linkCode=osi&th=1&psc=1">View Product</a></div><div class="product"><a href="https://www.amazon.com/dp/B08L4Q75QP?tag=eloabder-20&linkCode=osi&th=1&psc=1"><img src="https://m.media-amazon.com/images/I/51OkbLfz-2L._SL500_.jpg" alt="Product Image"></a><p>Playtex Sport Tampons Multipack (24ct Regular/24ct Super), Fragrance-Free - 48ct | Tampons Regular and Super, Playtex Tampon Multipack, Feminine Care with 360 Leak Defense</p><p> -29% 0FF </p><p>$9.97 ($0.21 / Count)</p><a href="https://www.amazon.com/dp/B08L4Q75QP?tag=eloabder-20&linkCode=osi&th=1&psc=1">View Product</a></div><div class="product"><a href="https://www.amazon.com/dp/B083M1RG6P?tag=eloabder-20&linkCode=osi&th=1&psc=1"><img src="https://m.media-amazon.com/images/I/51AHoXPV3gL._SL500_.jpg" alt="Product Image"></a><p>U by Kotex Tampons, Click Compact, Regular Absorbency, Unscented, 45 Count</p><p> -48% 0FF </p><p>$6.97 ($0.15 / Count)</p><a href="https://www.amazon.com/dp/B083M1RG6P?tag=eloabder-20&linkCode=osi&th=1&psc=1">View Product</a></div><div class="product"><a href="https://www.amazon.com/dp/B0D5FZGY8W?tag=eloabder-20&linkCode=osi&th=1&psc=1"><img src="https://m.media-amazon.com/images/I/51gWW6a+5uL._SL500_.jpg" alt="Product Image"></a><p>O Positiv URO Vaginal Probiotics for Women pH Balance with Prebiotics & Lactobacillus Probiotic Blend - Vaginal Health Supplement - Promote Healthy Vaginal Odor & Vaginal Flora, 60 Count (Pack of 1)</p><p> -10% 0FF </p><p>$28.97 ($0.48 / Count)</p><a href="https://www.amazon.com/dp/B0D5FZGY8W?tag=eloabder-20&linkCode=osi&th=1&psc=1">View Product</a></div><div class="product"><a href="https://www.amazon.com/dp/B01M1BLRC1?tag=eloabder-20&linkCode=osi&th=1&psc=1"><img src="https://m.media-amazon.com/images/I/51CVKq4e6UL._SL500_.jpg" alt="Product Image"></a><p>Always Maxi Overnight Pads with Wings for Women, Size 5, Extra Heavy Overnight Absorbency, Unscented, 36 Count</p><p> -5% 0FF </p><p>$10.47 ($0.29 / Count)</p><a href="https://www.amazon.com/dp/B01M1BLRC1?tag=eloabder-20&linkCode=osi&th=1&psc=1">View Product</a></div>
<div class="product"><a href="https://www.amazon.com/dp/B083M24HGP?tag=eloabder-20&linkCode=osi&th=1&psc=1"><img src="https://m.media-amazon.com/images/I/51iX7-G8XnL._SL500_.jpg" alt="Product Image"></a><p>U by Kotex Tampons, Click Compact Multipack, Regular/Super Absorbency, Unscented, 45 Count</p><p> -26% 0FF </p><p>$9.97 ($0.22 / Count)</p><a href="https://www.amazon.com/dp/B083M24HGP?tag=eloabder-20&linkCode=osi&th=1&psc=1">View Product</a></div><div class="product"><a href="https://www.amazon.com/dp/B0B33LJX6N?tag=eloabder-20&linkCode=osi&th=1&psc=1"><img src="https://m.media-amazon.com/images/I/512dGlJD9nL._SL500_.jpg" alt="Product Image"></a><p>Tampax Pearl Tampons for Women Multipack, with LeakGuard Braid, Light/Regular/Super Absorbency, Unscented, 94 Count (2 Packs of 47)</p><p> -7% 0FF </p><p>$21.36 ($0.23 / Count)</p><a href="https://www.amazon.com/dp/B0B33LJX6N?tag=eloabder-20&linkCode=osi&th=1&psc=1">View Product</a></div>
<div class="product"><a href="https://www.amazon.com/dp/B01NAX7KC7?tag=eloabder-20&linkCode=osi&th=1&psc=1"><img src="https://m.media-amazon.com/images/I/51SOakjzHvL._SL500_.jpg" alt="Product Image"></a><p>Poise Overnight Incontinence & Postpartum Pads for Bladder Leaks, 8 Drop Extra Coverage, 72 Count (2 Packs of 36), Packaging May Vary</p><p> -7% 0FF </p><p>$41.99 ($0.58 / Count)</p><a href="https://www.amazon.com/dp/B01NAX7KC7?tag=eloabder-20&linkCode=osi&th=1&psc=1">View Product</a></div><div class="product"><a href="https://www.amazon.com/dp/B0BLGRQHCQ?tag=eloabder-20&linkCode=osi&th=1&psc=1"><img src="https://m.media-amazon.com/images/I/51tBxYlTu3L._SL500_.jpg" alt="Product Image"></a><p>Poise Incontinence & Postpartum Pads for Bladder Leaks, 7 Drop Ultra Absorbency, Long Length, 78 Count, Packaging May Vary</p><p> -17% 0FF </p><p>$42.96 ($0.55 / Count)</p><a href="https://www.amazon.com/dp/B0BLGRQHCQ?tag=eloabder-20&linkCode=osi&th=1&psc=1">View Product</a></div>
<div class="product"><a href="https://www.amazon.com/dp/B086JBZW48?tag=eloabder-20&linkCode=osi&th=1&psc=1"><img src="https://m.media-amazon.com/images/I/419mX5-k8XL._SL500_.jpg" alt="Product Image"></a><p>EcoBlossom Reusable Menstrual Cup Set - The Most Reliable Medical Grade Silicone Period Cups - Comfortably use for 12 Hours (Small & Large)</p><p> -20% 0FF </p><p>$15.99 ($8.00 / Count)</p><a href="https://www.amazon.com/dp/B086JBZW48?tag=eloabder-20&linkCode=osi&th=1&psc=1">View Product</a></div><div class="product"><a href="https://www.amazon.com/dp/B07QNVNDMQ?tag=eloabder-20&linkCode=osi&th=1&psc=1"><img src="https://m.media-amazon.com/images/I/41kGVRCvHnL._SL500_.jpg" alt="Product Image"></a><p>Croing Reusable Menstrual Cup Set of 4, Period Cup, 2 pcs Small and 2 pcs Large (Purple and White)</p><p> -33% 0FF </p><p>$9.99 ($2.50 / Count)</p><a href="https://www.amazon.com/dp/B07QNVNDMQ?tag=eloabder-20&linkCode=osi&th=1&psc=1">View Product</a></div><div class="product"><a href="https://www.amazon.com/dp/B08MYQJ95N?tag=eloabder-20&linkCode=osi&th=1&psc=1"><img src="https://m.media-amazon.com/images/I/41C-jls603L._SL500_.jpg" alt="Product Image"></a><p>YTYOMUR Menstrual Cup Steamer Sterilizer with 2 Reusable Menstrual Cups, Period Cups Cleaner Wash Kit</p><p> -37% 0FF </p><p>$20.24</p><a href="https://www.amazon.com/dp/B08MYQJ95N?tag=eloabder-20&linkCode=osi&th=1&psc=1">View Product</a></div><div class="product"><a href="https://www.amazon.com/dp/B081QNN9CD?tag=eloabder-20&linkCode=osi&th=1&psc=1"><img src="https://m.media-amazon.com/images/I/41vipuZyibL._SL500_.jpg" alt="Product Image"></a><p>Talisi Menstrual Cups Set of 2 with Collapsible Cleaner Silicone Sterilizer - Soft Reusable Period Kit - Tampon Pads Disc Alternative - Menstruation Feminine Cup Regular, Heavy Flow (Small & Large)</p><p> -10% 0FF </p><p>$8.99 ($2.25 / Count)</p><a href="https://www.amazon.com/dp/B081QNN9CD?tag=eloabder-20&linkCode=osi&th=1&psc=1">View Product</a></div><div class="product"><a href="https://www.amazon.com/dp/B087WK7LBS?tag=eloabder-20&linkCode=osi&th=1&psc=1"><img src="https://m.media-amazon.com/images/I/410uziY5NGL._SL500_.jpg" alt="Product Image"></a><p>Talisi Menstrual Cups - Reusable Soft Period Cups - Menstruation Feminine Hygiene Products with Silicone Collapsible Sterilizer Case - Regular & Heavy Flow - Large, Small Size Copa Menstrual Kit</p><p> -14% 0FF </p><p>$5.99 ($1.50 / Count)</p><a href="https://www.amazon.com/dp/B087WK7LBS?tag=eloabder-20&linkCode=osi&th=1&psc=1">View Product</a></div>
<div class="product"><a href="https://www.amazon.com/dp/B01ARVVTYW?tag=eloabder-20&linkCode=osi&th=1&psc=1"><img src="https://m.media-amazon.com/images/I/41sOZ7EfDGL._SL500_.jpg" alt="Product Image"></a><p>Carefree Panty Liners for Women, Regular, Wrapped, Unscented, 54ct | Pantiliners, Carefree Liners, Daily Liners for Women, Light Periods and Leaks, 8-Hour Odor Control | 54ct (Packaging May Vary)</p><p> -33% 0FF </p><p>$3.34 ($0.06 / Count)</p><a href="https://www.amazon.com/dp/B01ARVVTYW?tag=eloabder-20&linkCode=osi&th=1&psc=1">View Product</a></div><div class="product"><a href="https://www.amazon.com/dp/B00NJNJ6O6?tag=eloabder-20&linkCode=osi&th=1&psc=1"><img src="https://m.media-amazon.com/images/I/416qKSPSpOL._SL500_.jpg" alt="Product Image"></a><p>Carefree Panty Liners for Women, Regular, Unwrapped, Unscented, 120ct | Pantiliners, Carefree Liners, Daily Liners for Women, Light Periods and Leaks, 8-Hour Odor Control | 120ct (Packaging May Vary)</p><p> -37% 0FF </p><p>$5.97 ($0.05 / Count)</p><a href="https://www.amazon.com/dp/B00NJNJ6O6?tag=eloabder-20&linkCode=osi&th=1&psc=1">View Product</a></div><div class="product"><a href="https://www.amazon.com/dp/B07C99C39S?tag=eloabder-20&linkCode=osi&th=1&psc=1"><img src="https://m.media-amazon.com/images/I/410-MyDdTyL._SL500_.jpg" alt="Product Image"></a><p>U by Kotex Panty Liners, Clean & Secure, Light Absorbency, Long Length, 126 Count (Packaging May Vary)</p><p> -35% 0FF </p><p>$7.79 ($0.06 / Count)</p><a href="https://www.amazon.com/dp/B07C99C39S?tag=eloabder-20&linkCode=osi&th=1&psc=1">View Product</a></div><div class="product"><a href="https://www.amazon.com/dp/B00UASJJX6?tag=eloabder-20&linkCode=osi&th=1&psc=1"><img src="https://m.media-amazon.com/images/I/51JyBlhNEuL._SL500_.jpg" alt="Product Image"></a><p>U by Kotex Balance Wrapped Panty Liners, Regular Length, 80 Count (Packaging May Vary)</p><p> -65% 0FF </p><p>$3.50 ($0.04 / Count)</p><a href="https://www.amazon.com/dp/B00UASJJX6?tag=eloabder-20&linkCode=osi&th=1&psc=1">View Product</a></div><div class="product"><a href="https://www.amazon.com/dp/B004RSO890?tag=eloabder-20&linkCode=osi&th=1&psc=1"><img src="https://m.media-amazon.com/images/I/41wY7+hDP5L._SL500_.jpg" alt="Product Image"></a><p>Carefree Thong Regular 49 Count Unscented Liner</p><p> -28% 0FF </p><p>$3.58 ($0.07 / Count)</p><a href="https://www.amazon.com/dp/B004RSO890?tag=eloabder-20&linkCode=osi&th=1&psc=1">View Product</a></div><div class="product"><a href="https://www.amazon.com/dp/B0DR3579J9?tag=eloabder-20&linkCode=osi&th=1&psc=1"><img src="https://m.media-amazon.com/images/I/51NcGafWnNL._SL500_.jpg" alt="Product Image"></a><p>Always Daily Protect Liners, Regular Length, Unscented, 96 Count</p><p> -10% 0FF </p><p>$7.17 ($0.07 / Count)</p><a href="https://www.amazon.com/dp/B0DR3579J9?tag=eloabder-20&linkCode=osi&th=1&psc=1">View Product</a></div><div class="product"><a href="https://www.amazon.com/dp/B09VMHGQFG?tag=eloabder-20&linkCode=osi&th=1&psc=1"><img src="https://m.media-amazon.com/images/I/4141Nw-Z01L._SL500_.jpg" alt="Product Image"></a><p>Carefree Panty Liners for Women, Extra Long, Unwrapped, Unscented, 100ct | Pantiliners, Carefree, Daily for Women, Light Periods and Leaks, 8-Hour Odor Control|100ct (Packaging May Vary)</p><p> -32% 0FF </p><p>$6.78 ($0.07 / Count)</p><a href="https://www.amazon.com/dp/B09VMHGQFG?tag=eloabder-20&linkCode=osi&th=1&psc=1">View Product</a></div>
<div class="product"><a href="https://www.amazon.com/dp/B0DSLZWGDN?tag=eloabder-20&linkCode=osi&th=1&psc=1"><img src="https://m.media-amazon.com/images/I/41wmZddDUXL._SL500_.jpg" alt="Product Image"></a><p>Summer's Eve Ultimate Odor Protection Daily Feminine Wipes, Gentle pH-Balanced Formula with Boric Acid Cleanses & Removes Vaginal Odor, Resealable Pack, 32 Body Wipes</p><p> -29% 0FF </p><p>$4.98 ($0.16 / Count)</p><a href="https://www.amazon.com/dp/B0DSLZWGDN?tag=eloabder-20&linkCode=osi&th=1&psc=1">View Product</a></div><div class="product"><a href="https://www.amazon.com/dp/B0D1KXV9ZS?tag=eloabder-20&linkCode=osi&th=1&psc=1"><img src="https://m.media-amazon.com/images/I/311Liu9BWoL._SL500_.jpg" alt="Product Image"></a><p>Vagisil pH Balance Daily Freshening Wipes for Feminine Hygiene in Resealable Pouch, Gynecologist Tested & Hypoallergenic, 20 Wipes (Pack of 1)</p><p> -40% 0FF </p><p>$2.97 ($0.15 / Count)</p><a href="https://www.amazon.com/dp/B0D1KXV9ZS?tag=eloabder-20&linkCode=osi&th=1&psc=1">View Product</a></div><div class="product"><a href="https://www.amazon.com/dp/B07DVY2PDZ?tag=eloabder-20&linkCode=osi&th=1&psc=1"><img src="https://m.media-amazon.com/images/I/51m-hobgS9L._SL500_.jpg" alt="Product Image"></a><p>Charmin Flushable Wipes, 160 Total Wipes (4 Packs of 40)</p><p> -28% 0FF </p><p>$7.96 ($4.98 / 100 Sheets)</p><a href="https://www.amazon.com/dp/B07DVY2PDZ?tag=eloabder-20&linkCode=osi&th=1&psc=1">View Product</a></div>
<div class="product"><a href="https://www.amazon.com/dp/B0735Q681B?tag=eloabder-20&linkCode=osi&th=1&psc=1"><img src="https://m.media-amazon.com/images/I/41UQXD2pkLL._SL500_.jpg" alt="Product Image"></a><p>SKYN Elite – 36 Count – Ultra-Thin, Lubricated Latex-Free Condoms</p><p> -5% 0FF </p><p>$18.97 ($0.53 / Count)</p><a href="https://www.amazon.com/dp/B0735Q681B?tag=eloabder-20&linkCode=osi&th=1&psc=1">View Product</a></div><div class="product"><a href="https://www.amazon.com/dp/B004TTXA8C?tag=eloabder-20&linkCode=osi&th=1&psc=1"><img src="https://m.media-amazon.com/images/I/51gr4F37KPL._SL500_.jpg" alt="Product Image"></a><p>LifeStyles Ultra Sensitive Natural Feeling Lubricated Latex Condoms, 40 Count</p><p> -43% 0FF </p><p>$12.58 ($0.31 / Count)</p><a href="https://www.amazon.com/dp/B004TTXA8C?tag=eloabder-20&linkCode=osi&th=1&psc=1">View Product</a></div>

<div class="product"><a href="https://www.amazon.com/dp/B0FS2XTBJW?tag=eloabder-20&linkCode=osi&th=1&psc=1"><img src="https://m.media-amazon.com/images/I/413BHekXfiL._SL500_.jpg" alt="Product Image"></a><p>ZHIXJIA Knee Massager with Heat, 3-in-1 Smart Portable, 3 Vibration Modes and 3 Heating Levels LED Vitality Joints Knee Massager, Gift for Men and Women, Black</p><p> -78% 0FF </p><p>$99.99 ($99.99 / Count)</p><a href="https://www.amazon.com/dp/B0FS2XTBJW?tag=eloabder-20&linkCode=osi&th=1&psc=1">View Product</a></div><div class="product"><a href="https://www.amazon.com/dp/B0FHQ3WV4L?tag=eloabder-20&linkCode=osi&th=1&psc=1"><img src="https://m.media-amazon.com/images/I/412JLGi0PiL._SL500_.jpg" alt="Product Image"></a><p>DUBSTAR 3-in-1 Pill Crusher Pill Grinder, Pill Crusher Fine Powder with Brush, Pill Crushers for Elderly with Pill Cutter and Storage, Pill Cutter Splitter for Small or Large Pills (Green)</p><p> -29% 0FF </p><p>$9.99 ($9.99 / Count)</p><a href="https://www.amazon.com/dp/B0FHQ3WV4L?tag=eloabder-20&linkCode=osi&th=1&psc=1">View Product</a></div><div class="product"><a href="https://www.amazon.com/dp/B0FR4SPYFK?tag=eloabder-20&linkCode=osi&th=1&psc=1"><img src="https://m.media-amazon.com/images/I/41+owzP2llL._SL500_.jpg" alt="Product Image"></a><p>DEPAD Adjustable Pill Cutters Splitter for Small and Tiny Pills with Accurate Alignment, Pill Cutters for Small or Large Pills with Sharp Safe Blade</p><p> -23% 0FF </p><p>$9.99</p><a href="https://www.amazon.com/dp/B0FR4SPYFK?tag=eloabder-20&linkCode=osi&th=1&psc=1">View Product</a></div><div class="product"><a href="https://www.amazon.com/dp/B0F9NTTCWX?tag=eloabder-20&linkCode=osi&th=1&psc=1"><img src="https://m.media-amazon.com/images/I/51rTYaWSgtL._SL500_.jpg" alt="Product Image"></a><p>AUVON Dual Channel TENS Unit Muscle Stimulator Machine with 20 Modes, 2" and 2"x4" TENS Unit Electrode Pads (Red)</p><p> -28% 0FF </p><p>$25.99</p><a href="https://www.amazon.com/dp/B0F9NTTCWX?tag=eloabder-20&linkCode=osi&th=1&psc=1">View Product</a></div><div class="product"><a href="https://www.amazon.com/dp/B0D63FTHH4?tag=eloabder-20&linkCode=osi&th=1&psc=1"><img src="https://m.media-amazon.com/images/I/41Gu1013yRL._SL500_.jpg" alt="Product Image"></a><p>Yicotira 4 Pack Reusable Microfiber Mop Pads Compatible with Swiffer Sweeper - Dry Sweeping Cloths & Wet Pad Refills for Wet & Dry, Washable Pads Refills for Household Cleaning (Mop is not Included)</p><p> -34% 0FF </p><p>$8.54 ($2.14 / Count)</p><a href="https://www.amazon.com/dp/B0D63FTHH4?tag=eloabder-20&linkCode=osi&th=1&psc=1">View Product</a></div>
<div class="product"><a href="https://www.amazon.com/dp/B000ZLVUYO?tag=eloabder-20&linkCode=osi&th=1&psc=1"><img src="https://m.media-amazon.com/images/I/41CNAwwnEqL._SL500_.jpg" alt="Product Image"></a><p>It's A 10 Miracle Hair Mask, 8-Ounce</p><p> -16% 0FF </p><p>$25.99 ($3.25 / Fl Oz)</p><a href="https://www.amazon.com/dp/B000ZLVUYO?tag=eloabder-20&linkCode=osi&th=1&psc=1">View Product</a></div><div class="product"><a href="https://www.amazon.com/dp/B07VCGRBGT?tag=eloabder-20&linkCode=osi&th=1&psc=1"><img src="https://m.media-amazon.com/images/I/51QprRDhFoL._SL500_.jpg" alt="Product Image"></a><p>Palmer's Coconut Oil Formula Moisture Boost Protein Pack, Hair Treatment for Dry, Damaged, Over-Processed and Colored Hair, 2.1 Ounce (Pack of 12)</p><p> -67% 0FF </p><p>$11.09 ($0.92 / Ounce)</p><a href="https://www.amazon.com/dp/B07VCGRBGT?tag=eloabder-20&linkCode=osi&th=1&psc=1">View Product</a></div>
<div class="product"><a href="https://www.amazon.com/dp/B01A74442I?tag=eloabder-20&linkCode=osi&th=1&psc=1"><img src="https://m.media-amazon.com/images/I/51crUDqQzIL._SL500_.jpg" alt="Product Image"></a><p>Cliganic Organic Jojoba Oil, 100% Pure (4oz) | Moisturizing for Face, Hair, Skin & Nails | Natural Cold Pressed Hexane Free | Base Carrier Oil</p><p> -27% 0FF </p><p>$9.48 ($2.37 / Fl Oz)</p><a href="https://www.amazon.com/dp/B01A74442I?tag=eloabder-20&linkCode=osi&th=1&psc=1">View Product</a></div><div class="product"><a href="https://www.amazon.com/dp/B09PR9R9SL?tag=eloabder-20&linkCode=osi&th=1&psc=1"><img src="https://m.media-amazon.com/images/I/51EyKsoMSlL._SL500_.jpg" alt="Product Image"></a><p>KUKKA Rosemary Essential Oils - 4 Fl Oz - for Hair, Skin, Diffuser, Aromatherapy & DIY Soap Making Scent</p><p> -33% 0FF </p><p>$12.99 ($3.25 / Fl Oz)</p><a href="https://www.amazon.com/dp/B09PR9R9SL?tag=eloabder-20&linkCode=osi&th=1&psc=1">View Product</a></div><div class="product"><a href="https://www.amazon.com/dp/B004Z209HS?tag=eloabder-20&linkCode=osi&th=1&psc=1"><img src="https://m.media-amazon.com/images/I/41h5nZqdm+L._SL500_.jpg" alt="Product Image"></a><p>PURA D'OR 4 Oz ORGANIC Moroccan Argan Oil - USDA Certified 100% Pure & Cold Pressed Virgin Premium Grade Natural Moisturizer Treatment For Dry, Damaged Skin, Hair, Face, Body & Scalp - Men & Women</p><p> -12% 0FF </p><p>$14.99 ($3.75 / Fl Oz)</p><a href="https://www.amazon.com/dp/B004Z209HS?tag=eloabder-20&linkCode=osi&th=1&psc=1">View Product</a></div>
<div class="product"><a href="https://www.amazon.com/dp/B004YVDIAU?tag=eloabder-20&linkCode=osi&th=1&psc=1"><img src="https://m.media-amazon.com/images/I/313PkUEQj5L._SL500_.jpg" alt="Product Image"></a><p>Garnier Fructis Style Curl Sculpt Conditioning Cream Gel for Bounce & Moisture, 5.1 Fl Oz, 1 Count (Packaging May Vary)</p><p> -21% 0FF </p><p>$4.73 ($0.93 / Ounce)</p><a href="https://www.amazon.com/dp/B004YVDIAU?tag=eloabder-20&linkCode=osi&th=1&psc=1">View Product</a></div><div class="product"><a href="https://www.amazon.com/dp/B0002Z90RM?tag=eloabder-20&linkCode=osi&th=1&psc=1"><img src="https://m.media-amazon.com/images/I/31xKcrbq12L._SL500_.jpg" alt="Product Image"></a><p>RUSK Designer Collection Thick Body and Texture Amplifier Spray, 6 Oz, For Fine, Limp, Flat or Lazy Hair Types - Contains Wheat Protein, Adds Strength, Texture, Volume & Moisture</p><p> -5% 0FF </p><p>$17.50 ($2.92 / Fl Oz)</p><a href="https://www.amazon.com/dp/B0002Z90RM?tag=eloabder-20&linkCode=osi&th=1&psc=1">View Product</a></div><div class="product"><a href="https://www.amazon.com/dp/B0013NE2Y8?tag=eloabder-20&linkCode=osi&th=1&psc=1"><img src="https://m.media-amazon.com/images/I/31A8kEJJlIL._SL500_.jpg" alt="Product Image"></a><p>John Frieda Frizz Ease Original Hair Serum, Protecting Against Frizz, Heat, and Humidity While Adding Shine, Smooths Strands and Hydrates Parched Hair with Argan, Coconut, and Moringa Oil, 1.69 Oz</p><p> -33% 0FF </p><p>$8.01 ($4.74 / Fl Oz)</p><a href="https://www.amazon.com/dp/B0013NE2Y8?tag=eloabder-20&linkCode=osi&th=1&psc=1">View Product</a></div>
<div class="product"><a href="https://www.amazon.com/dp/B004BYSR6K?tag=eloabder-20&linkCode=osi&th=1&psc=1"><img src="https://m.media-amazon.com/images/I/41RMAGucP7L._SL500_.jpg" alt="Product Image"></a><p>L'Oreal Paris Excellence Crème Permanent Hair Dye, Triple Care Hair Color with Pro-Keratine Complex for 100% Gray Hair Coverage, 5 Medium Brown, 1 Kit</p><p> -23% 0FF </p><p>$9.98</p><a href="https://www.amazon.com/dp/B004BYSR6K?tag=eloabder-20&linkCode=osi&th=1&psc=1">View Product</a></div><div class="product"><a href="https://www.amazon.com/dp/B00006JN4P?tag=eloabder-20&linkCode=osi&th=1&psc=1"><img src="https://m.media-amazon.com/images/I/51mGD8V4I7L._SL500_.jpg" alt="Product Image"></a><p>L'Oreal Paris Superior Preference Fade-Defying + Shine Permanent Hair Color, 8 Medium Blonde, Pack of 1, Hair Dye</p><p> -36% 0FF </p><p>$8.97</p><a href="https://www.amazon.com/dp/B00006JN4P?tag=eloabder-20&linkCode=osi&th=1&psc=1">View Product</a></div><div class="product"><a href="https://www.amazon.com/dp/B000KOU7FE?tag=eloabder-20&linkCode=osi&th=1&psc=1"><img src="https://m.media-amazon.com/images/I/51BV0dgoMnL._SL500_.jpg" alt="Product Image"></a><p>L'Oreal Paris Feria Multi-Faceted Shimmering Permanent Hair Color, B61 Downtown Brown (Hi-Lift Cool Brown), Pack of 1, Hair Dye</p><p> -7% 0FF </p><p>$12.97</p><a href="https://www.amazon.com/dp/B000KOU7FE?tag=eloabder-20&linkCode=osi&th=1&psc=1">View Product</a></div><div class="product"><a href="https://www.amazon.com/dp/B003AYEGGW?tag=eloabder-20&linkCode=osi&th=1&psc=1"><img src="https://m.media-amazon.com/images/I/41usJCtVqUL._SL500_.jpg" alt="Product Image"></a><p>Clairol Root Touch-Up by Nice'n Easy Permanent Hair Dye, 2 Black Hair Color, Pack of 2</p><p> -6% 0FF </p><p>$15.96 ($7.25 / Fl Oz)</p><a href="https://www.amazon.com/dp/B003AYEGGW?tag=eloabder-20&linkCode=osi&th=1&psc=1">View Product</a></div><div class="product"><a href="https://www.amazon.com/dp/B000NSW0EI?tag=eloabder-20&linkCode=osi&th=1&psc=1"><img src="https://m.media-amazon.com/images/I/51ZOUeoIXAS._SL500_.jpg" alt="Product Image"></a><p>Just For Men Shampoo In Color, Hair Color for Men with Keratin and Vitamin E for Stronger Hair, Restores Natural Hair Color, Medium Brown, H-35, Pack of 3</p><p> -10% 0FF </p><p>$26.88</p><a href="https://www.amazon.com/dp/B000NSW0EI?tag=eloabder-20&linkCode=osi&th=1&psc=1">View Product</a></div><div class="product"><a href="https://www.amazon.com/dp/B004DKB08E?tag=eloabder-20&linkCode=osi&th=1&psc=1"><img src="https://m.media-amazon.com/images/I/41dA53oe85L._SL500_.jpg" alt="Product Image"></a><p>John Frieda Precision Foam Colour, Medium Natural Brown 5N, Full-coverage Hair Color Kit, Anti-Fade Gray Coverage, Deep Color Saturation Hair Dye, 1 Application</p><p> -8% 0FF </p><p>$11.92</p><a href="https://www.amazon.com/dp/B004DKB08E?tag=eloabder-20&linkCode=osi&th=1&psc=1">View Product</a></div><div class="product"><a href="https://www.amazon.com/dp/B000KOHSQA?tag=eloabder-20&linkCode=osi&th=1&psc=1"><img src="https://m.media-amazon.com/images/I/51voB2QwdLL._SL500_.jpg" alt="Product Image"></a><p>L'Oreal Paris Couleur Experte 2-Step Home Hair Color and Highlights Kit, French Éclair</p><p> -18% 0FF </p><p>$13.97</p><a href="https://www.amazon.com/dp/B000KOHSQA?tag=eloabder-20&linkCode=osi&th=1&psc=1">View Product</a></div>
<div class="product"><a href="https://www.amazon.com/dp/B005CSYTCU?tag=eloabder-20&linkCode=osi&th=1&psc=1"><img src="https://m.media-amazon.com/images/I/41og7wvl2GL._SL500_.jpg" alt="Product Image"></a><p>Goody Ouchless Polyband Hair Ties - 250 Ct, Clear, Latex Hair Bands for Women's Hair, Easy Glide, Ultra-Strong Hold Hair Accessories for Women & Men, Secure Hold Ridge Design, All Hair Types</p><p> -19% 0FF </p><p>$3.19 ($0.01 / Count)</p><a href="https://www.amazon.com/dp/B005CSYTCU?tag=eloabder-20&linkCode=osi&th=1&psc=1">View Product</a></div><div class="product"><a href="https://www.amazon.com/dp/B00CGN9LQ8?tag=eloabder-20&linkCode=osi&th=1&psc=1"><img src="https://m.media-amazon.com/images/I/41LhEO75hIL._SL500_.jpg" alt="Product Image"></a><p>Crave Naturals Glide Thru Hair Brush - Detangler Brush for Curly, Straight, Wet or Dry Hair - Gentle Detangling Brushes for Adults, Kids, Toddlers - Hair Accessories for Women, 7.5x3 - Pink</p><p> -47% 0FF </p><p>$8.49</p><a href="https://www.amazon.com/dp/B00CGN9LQ8?tag=eloabder-20&linkCode=osi&th=1&psc=1">View Product</a></div><div class="product"><a href="https://www.amazon.com/dp/B00DLWO7D0?tag=eloabder-20&linkCode=osi&th=1&psc=1"><img src="https://m.media-amazon.com/images/I/31ISZI2zfzL._SL500_.jpg" alt="Product Image"></a><p>Goody Smooth and Sleek Wood Styling Brush with Natural Boar Bristles, Flyaway Free Finish, For All Hair Types, Brown, 1CT</p><p> -20% 0FF </p><p>$4.62</p><a href="https://www.amazon.com/dp/B00DLWO7D0?tag=eloabder-20&linkCode=osi&th=1&psc=1">View Product</a></div>
<div class="product"><a href="https://www.amazon.com/dp/B00HFQQ0VU?tag=eloabder-20&linkCode=osi&th=1&psc=1"><img src="https://m.media-amazon.com/images/I/41J4CJ+ERsL._SL500_.jpg" alt="Product Image"></a><p>Waterpik Aquarius Water Flosser For Teeth Cleaning, Gums, Braces, Dental Care, Electric Power With 10 Settings, 7 Tips For Multiple Users And Needs, ADA Accepted, White WP-660, Packaging May Vary</p><p> -20% 0FF </p><p>$79.99</p><a href="https://www.amazon.com/dp/B00HFQQ0VU?tag=eloabder-20&linkCode=osi&th=1&psc=1">View Product</a></div><div class="product"><a href="https://www.amazon.com/dp/B000QXH4PK?tag=eloabder-20&linkCode=osi&th=1&psc=1"><img src="https://m.media-amazon.com/images/I/41BYUSQaRKL._SL500_.jpg" alt="Product Image"></a><p>Listerine PocketPaks Cool Mint Breath Strips, Portable Pocket-Sized Oral Care Mouth Freshener, Dissolving Strips Kill 99% of Bad Breath Germs, Sugar Free, 3 x 24-Strip Packs</p><p> -18% 0FF </p><p>$5.72 ($0.08 / Count)</p><a href="https://www.amazon.com/dp/B000QXH4PK?tag=eloabder-20&linkCode=osi&th=1&psc=1">View Product</a></div><div class="product"><a href="https://www.amazon.com/dp/B07LGSYTLM?tag=eloabder-20&linkCode=osi&th=1&psc=1"><img src="https://m.media-amazon.com/images/I/31YRxbr1qCL._SL500_.jpg" alt="Product Image"></a><p>DenTek Professional Oral Care Kit, Complete Set of Dental Tools Including Mirror, Dental Pick, Scaler & Stimulator</p><p> -9% 0FF </p><p>$6.39</p><a href="https://www.amazon.com/dp/B07LGSYTLM?tag=eloabder-20&linkCode=osi&th=1&psc=1">View Product</a></div><div class="product"><a href="https://www.amazon.com/dp/B01LAY47D0?tag=eloabder-20&linkCode=osi&th=1&psc=1"><img src="https://m.media-amazon.com/images/I/41y93UxXRvL._SL500_.jpg" alt="Product Image"></a><p>MasterMedi Tongue Scraper for Adults with Multicolor Travel Cases (2 Pack), 100% Stainless Steel, Reduce Bad Breath, Tongue Scrubber, Easy to Use, Tongue Cleaner for Oral Care & Hygiene</p><p> -34% 0FF </p><p>$9.95 ($4.98 / Count)</p><a href="https://www.amazon.com/dp/B01LAY47D0?tag=eloabder-20&linkCode=osi&th=1&psc=1">View Product</a></div>
<div class="product"><a href="https://www.amazon.com/dp/B09F8FZ18G?tag=eloabder-20&linkCode=osi&th=1&psc=1"><img src="https://m.media-amazon.com/images/I/51WkgqQXqCL._SL500_.jpg" alt="Product Image"></a><p>Crest 3D White Advanced Luminous Mint Teeth Whitening Toothpaste, Crest Toothpaste, 3.7 oz Pack of 4 - Helps Remove Surface Stains, Whitens Teeth, Strengthens Tooth Enamel, Protects Against Cavities</p><p> -20% 0FF </p><p>$11.99 ($0.81 / Ounce)</p><a href="https://www.amazon.com/dp/B09F8FZ18G?tag=eloabder-20&linkCode=osi&th=1&psc=1">View Product</a></div><div class="product"><a href="https://www.amazon.com/dp/B083JHCCV2?tag=eloabder-20&linkCode=osi&th=1&psc=1"><img src="https://m.media-amazon.com/images/I/31ppsn+WAqL._SL500_.jpg" alt="Product Image"></a><p>Boka Fluoride Free Toothpaste, Nano Hydroxyapatite Toothpaste, Appropriate for Sensitive Teeth - for Adult, Kids Oral Care - Ela Mint Flavor, 4 Fl Oz 1Pk US Manufactured</p><p> -10% 0FF </p><p>$11.75 ($2.94 / Ounce)</p><a href="https://www.amazon.com/dp/B083JHCCV2?tag=eloabder-20&linkCode=osi&th=1&psc=1">View Product</a></div><div class="product"><a href="https://www.amazon.com/dp/B0BLWLL3FV?tag=eloabder-20&linkCode=osi&th=1&psc=1"><img src="https://m.media-amazon.com/images/I/519IfsN7qIL._SL500_.jpg" alt="Product Image"></a><p>Colgate Total Whitening Toothpaste Paste, 5.1 oz, 4 Pack, Fluoride, Antibacterial, for Plaque, Gingivitis, Sensitivity, Stain Removal, Clinically Proven, Mint, Teeth Whitening, Stannous Fluoride</p><p> -10% 0FF </p><p>$14.38 ($0.70 / Fl Oz)</p><a href="https://www.amazon.com/dp/B0BLWLL3FV?tag=eloabder-20&linkCode=osi&th=1&psc=1">View Product</a></div>
<div class="product"><a href="https://www.amazon.com/dp/B00CC6XSRC?tag=eloabder-20&linkCode=osi&th=1&psc=1"><img src="https://m.media-amazon.com/images/I/41OKKVbMN-L._SL500_.jpg" alt="Product Image"></a><p>Colgate Extra Clean Toothbrush, Medium Toothbrush for Adults, 6 Pack</p><p> -10% 0FF </p><p>$4.96 ($0.83 / Count)</p><a href="https://www.amazon.com/dp/B00CC6XSRC?tag=eloabder-20&linkCode=osi&th=1&psc=1">View Product</a></div><div class="product"><a href="https://www.amazon.com/dp/B06XK2M3H3?tag=eloabder-20&linkCode=osi&th=1&psc=1"><img src="https://m.media-amazon.com/images/I/41tntn0c7BL._SL500_.jpg" alt="Product Image"></a><p>Oral-B 3D White Stain Eraser, 4 count SOFT manual tootbrush pack, Removes Stains, Whitens Teeth, Tongue and Cheek Cleaner</p><p> -12% 0FF </p><p>$7.92 ($1.98 / Count)</p><a href="https://www.amazon.com/dp/B06XK2M3H3?tag=eloabder-20&linkCode=osi&th=1&psc=1">View Product</a></div><div class="product"><a href="https://www.amazon.com/dp/B00H88K9EE?tag=eloabder-20&linkCode=osi&th=1&psc=1"><img src="https://m.media-amazon.com/images/I/51ah-EIUbsL._SL500_.jpg" alt="Product Image"></a><p>Colgate 360 Whole Mouth Toothbrush, Adult Toothbrushes Medium Bristles, Helps Remove Bad Breath Bacteria and Plaque, Medium Toothbrush Pack, Includes Cheek and Tongue Cleaner, 4 Pack</p><p> -18% 0FF </p><p>$8.19 ($2.05 / Count)</p><a href="https://www.amazon.com/dp/B00H88K9EE?tag=eloabder-20&linkCode=osi&th=1&psc=1">View Product</a></div><div class="product"><a href="https://www.amazon.com/dp/B003CP12QG?tag=eloabder-20&linkCode=osi&th=1&psc=1"><img src="https://m.media-amazon.com/images/I/41LPe-bdnPL._SL500_.jpg" alt="Product Image"></a><p>Oral-B Pulsar Pro-Health Expert Clean, Battery electric toothbrush, 2 count MEDIUM toothbrush pack, removes plaque, travel essentials tooth brush</p><p> -22% 0FF </p><p>$10.97 ($5.48 / Count)</p><a href="https://www.amazon.com/dp/B003CP12QG?tag=eloabder-20&linkCode=osi&th=1&psc=1">View Product</a></div>
<div class="product"><a href="https://www.amazon.com/dp/B0C881GLNM?tag=eloabder-20&linkCode=osi&th=1&psc=1"><img src="https://m.media-amazon.com/images/I/51C2ohy2RWL._SL500_.jpg" alt="Product Image"></a><p>Crest Pro-Health Advanced Mouthwash, Alcohol Free, Multi-Protection, Fresh Mint, 1 L (33.8 fl oz), Pack of 2, Blue</p><p> -9% 0FF </p><p>$10.97 ($0.16 / Fl Oz)</p><a href="https://www.amazon.com/dp/B0C881GLNM?tag=eloabder-20&linkCode=osi&th=1&psc=1">View Product</a></div><div class="product"><a href="https://www.amazon.com/dp/B005IHSPLQ?tag=eloabder-20&linkCode=osi&th=1&psc=1"><img src="https://m.media-amazon.com/images/I/31U2umAytxL._SL500_.jpg" alt="Product Image"></a><p>Listerine Alcohol-Free Mouthwash, Non Alcoholic Mint Oral Rinse Kills 99.9% of Germs That Cause Bad Breath for a Fresh Breath & Clean Mouth, Less Intense Taste, Cool Mint Flavor, 1 L</p><p> -25% 0FF </p><p>$6.99 ($0.21 / Fl Oz)</p><a href="https://www.amazon.com/dp/B005IHSPLQ?tag=eloabder-20&linkCode=osi&th=1&psc=1">View Product</a></div><div class="product"><a href="https://www.amazon.com/dp/B0126XBQK6?tag=eloabder-20&linkCode=osi&th=1&psc=1"><img src="https://m.media-amazon.com/images/I/51dT1Mhf3zL._SL500_.jpg" alt="Product Image"></a><p>Crest Pro-Health Advanced Mouthwash, Alcohol Free, Extra Whitening, Energizing Mint Flavor, 946 mL (32 fl oz)</p><p> -20% 0FF </p><p>$7.17 ($0.22 / Fl Oz)</p><a href="https://www.amazon.com/dp/B0126XBQK6?tag=eloabder-20&linkCode=osi&th=1&psc=1">View Product</a></div><div class="product"><a href="https://www.amazon.com/dp/B00495Q5OW?tag=eloabder-20&linkCode=osi&th=1&psc=1"><img src="https://m.media-amazon.com/images/I/41U0hz++OHL._SL500_.jpg" alt="Product Image"></a><p>Listerine Total Care Anticavity Fluoride Mouthwash, 6 Benefits in 1 Oral Rinse Helps Kill 99% of Bad Breath Germs, Prevents Cavities, Strengthens Teeth, ADA-Accepted, Fresh Mint, 1 L</p><p> -26% 0FF </p><p>$8.79 ($0.27 / fluid ounce(s))</p><a href="https://www.amazon.com/dp/B00495Q5OW?tag=eloabder-20&linkCode=osi&th=1&psc=1">View Product</a></div>
<div class="product"><a href="https://www.amazon.com/dp/B013OKRGWW?tag=eloabder-20&linkCode=osi&th=1&psc=1"><img src="https://m.media-amazon.com/images/I/31s8V2M+RVL._SL500_.jpg" alt="Product Image"></a><p>REACH Waxed Dental Floss, Mint, Plaque Remover for Teeth, Shred Resistant, Floss Slides Smoothly, Easy to Use, Waxed, Deep Cleaning Teeth, Oral Care, PFAS Free, for Adults & Kids, 1 Pack, 55 yd</p><p> -13% 0FF </p><p>$1.29 ($0.01 / Foot)</p><a href="https://www.amazon.com/dp/B013OKRGWW?tag=eloabder-20&linkCode=osi&th=1&psc=1">View Product</a></div><div class="product"><a href="https://www.amazon.com/dp/B014KZLWX4?tag=eloabder-20&linkCode=osi&th=1&psc=1"><img src="https://m.media-amazon.com/images/I/41GyDUKvKAL._SL500_.jpg" alt="Product Image"></a><p>REACH Waxed Dental Floss, Mint, Plaque Remover for Teeth, Shred Resistant, Floss Slides Smoothly, Easy to Use, Waxed, Deep Cleaning Teeth, Oral Care, PFAS Free, for Adults & Kids, 6 Pack, 55 yd</p><p> -13% 0FF </p><p>$10.74 ($0.01 / Foot)</p><a href="https://www.amazon.com/dp/B014KZLWX4?tag=eloabder-20&linkCode=osi&th=1&psc=1">View Product</a></div><div class="product"><a href="https://www.amazon.com/dp/B00UB7BO16?tag=eloabder-20&linkCode=osi&th=1&psc=1"><img src="https://m.media-amazon.com/images/I/41aZF2HKXrL._SL500_.jpg" alt="Product Image"></a><p>Oral-B Glide Complete Floss Picks, Dental Floss Picks, Scope Outlast, 75-ct, Toothpicks Floss Picks</p><p> -20% 0FF </p><p>$3.96 ($0.05 / Count)</p><a href="https://www.amazon.com/dp/B00UB7BO16?tag=eloabder-20&linkCode=osi&th=1&psc=1">View Product</a></div><div class="product"><a href="https://www.amazon.com/dp/B003K01BMI?tag=eloabder-20&linkCode=osi&th=1&psc=1"><img src="https://m.media-amazon.com/images/I/41r6iQVxOzL._SL500_.jpg" alt="Product Image"></a><p>DenTek Triple Clean Advanced Clean Floss Picks, No Break & No Shred Floss, 150 Count, (Packaging May Vary)</p><p> -31% 0FF </p><p>$4.15 ($0.03 / Count)</p><a href="https://www.amazon.com/dp/B003K01BMI?tag=eloabder-20&linkCode=osi&th=1&psc=1">View Product</a></div><div class="product"><a href="https://www.amazon.com/dp/B07WFX1WD2?tag=eloabder-20&linkCode=osi&th=1&psc=1"><img src="https://m.media-amazon.com/images/I/51lqCql47sL._SL500_.jpg" alt="Product Image"></a><p>Oral-B Glide Dental Floss, Scope Flavor, 40m (Pack of 6)</p><p> -20% 0FF </p><p>$15.96 ($0.02 / Foot)</p><a href="https://www.amazon.com/dp/B07WFX1WD2?tag=eloabder-20&linkCode=osi&th=1&psc=1">View Product</a></div>
<div class="product"><a href="https://www.amazon.com/dp/B0BVT76MFH?tag=eloabder-20&linkCode=osi&th=1&psc=1"><img src="https://m.media-amazon.com/images/I/419kJTfLfGL._SL500_.jpg" alt="Product Image"></a><p>Crest 3D Whitestrips Sensitive At-Home Teeth Whitening Kit, 18 Treatments, Gently Removes 15 Years of Stains, Crest Whitestrips, Teeth Whitening Kit</p><p> -44% 0FF </p><p>$27.85 ($1.55 / Count)</p><a href="https://www.amazon.com/dp/B0BVT76MFH?tag=eloabder-20&linkCode=osi&th=1&psc=1">View Product</a></div>
<div class="product"><a href="https://www.amazon.com/dp/B0CK1791MR?tag=eloabder-20&linkCode=osi&th=1&psc=1"><img src="https://m.media-amazon.com/images/I/31CZvJQAbDL._SL500_.jpg" alt="Product Image"></a><p>Her Fantasy Box | Refresh pH Balancing Shower Gel - Natural Feminine Hygiene Solution for Gentle Cleansing, Odor Control, and Skin Nourishment - pH-Balanced Formula for All Skin Types (8 oz)</p><p> -6% 0FF </p><p>$14.99 ($1.87 / Fl Oz)</p><a href="https://www.amazon.com/dp/B0CK1791MR?tag=eloabder-20&linkCode=osi&th=1&psc=1">View Product</a></div><div class="product"><a href="https://www.amazon.com/dp/B08L4Q75QP?tag=eloabder-20&linkCode=osi&th=1&psc=1"><img src="https://m.media-amazon.com/images/I/51OkbLfz-2L._SL500_.jpg" alt="Product Image"></a><p>Playtex Sport Tampons Multipack (24ct Regular/24ct Super), Fragrance-Free - 48ct | Tampons Regular and Super, Playtex Tampon Multipack, Feminine Care with 360 Leak Defense</p><p> -29% 0FF </p><p>$9.97 ($0.21 / Count)</p><a href="https://www.amazon.com/dp/B08L4Q75QP?tag=eloabder-20&linkCode=osi&th=1&psc=1">View Product</a></div><div class="product"><a href="https://www.amazon.com/dp/B083M1RG6P?tag=eloabder-20&linkCode=osi&th=1&psc=1"><img src="https://m.media-amazon.com/images/I/51AHoXPV3gL._SL500_.jpg" alt="Product Image"></a><p>U by Kotex Tampons, Click Compact, Regular Absorbency, Unscented, 45 Count</p><p> -48% 0FF </p><p>$6.97 ($0.15 / Count)</p><a href="https://www.amazon.com/dp/B083M1RG6P?tag=eloabder-20&linkCode=osi&th=1&psc=1">View Product</a></div><div class="product"><a href="https://www.amazon.com/dp/B0D5FZGY8W?tag=eloabder-20&linkCode=osi&th=1&psc=1"><img src="https://m.media-amazon.com/images/I/51gWW6a+5uL._SL500_.jpg" alt="Product Image"></a><p>O Positiv URO Vaginal Probiotics for Women pH Balance with Prebiotics & Lactobacillus Probiotic Blend - Vaginal Health Supplement - Promote Healthy Vaginal Odor & Vaginal Flora, 60 Count (Pack of 1)</p><p> -10% 0FF </p><p>$28.97 ($0.48 / Count)</p><a href="https://www.amazon.com/dp/B0D5FZGY8W?tag=eloabder-20&linkCode=osi&th=1&psc=1">View Product</a></div><div class="product"><a href="https://www.amazon.com/dp/B01M1BLRC1?tag=eloabder-20&linkCode=osi&th=1&psc=1"><img src="https://m.media-amazon.com/images/I/51CVKq4e6UL._SL500_.jpg" alt="Product Image"></a><p>Always Maxi Overnight Pads with Wings for Women, Size 5, Extra Heavy Overnight Absorbency, Unscented, 36 Count</p><p> -5% 0FF </p><p>$10.47 ($0.29 / Count)</p><a href="https://www.amazon.com/dp/B01M1BLRC1?tag=eloabder-20&linkCode=osi&th=1&psc=1">View Product</a></div>
<div class="product"><a href="https://www.amazon.com/dp/B083M24HGP?tag=eloabder-20&linkCode=osi&th=1&psc=1"><img src="https://m.media-amazon.com/images/I/51iX7-G8XnL._SL500_.jpg" alt="Product Image"></a><p>U by Kotex Tampons, Click Compact Multipack, Regular/Super Absorbency, Unscented, 45 Count</p><p> -26% 0FF </p><p>$9.97 ($0.22 / Count)</p><a href="https://www.amazon.com/dp/B083M24HGP?tag=eloabder-20&linkCode=osi&th=1&psc=1">View Product</a></div><div class="product"><a href="https://www.amazon.com/dp/B0B33LJX6N?tag=eloabder-20&linkCode=osi&th=1&psc=1"><img src="https://m.media-amazon.com/images/I/512dGlJD9nL._SL500_.jpg" alt="Product Image"></a><p>Tampax Pearl Tampons for Women Multipack, with LeakGuard Braid, Light/Regular/Super Absorbency, Unscented, 94 Count (2 Packs of 47)</p><p> -7% 0FF </p><p>$21.36 ($0.23 / Count)</p><a href="https://www.amazon.com/dp/B0B33LJX6N?tag=eloabder-20&linkCode=osi&th=1&psc=1">View Product</a></div>
<div class="product"><a href="https://www.amazon.com/dp/B01NAX7KC7?tag=eloabder-20&linkCode=osi&th=1&psc=1"><img src="https://m.media-amazon.com/images/I/51SOakjzHvL._SL500_.jpg" alt="Product Image"></a><p>Poise Overnight Incontinence & Postpartum Pads for Bladder Leaks, 8 Drop Extra Coverage, 72 Count (2 Packs of 36), Packaging May Vary</p><p> -7% 0FF </p><p>$41.99 ($0.58 / Count)</p><a href="https://www.amazon.com/dp/B01NAX7KC7?tag=eloabder-20&linkCode=osi&th=1&psc=1">View Product</a></div><div class="product"><a href="https://www.amazon.com/dp/B0BLGRQHCQ?tag=eloabder-20&linkCode=osi&th=1&psc=1"><img src="https://m.media-amazon.com/images/I/51tBxYlTu3L._SL500_.jpg" alt="Product Image"></a><p>Poise Incontinence & Postpartum Pads for Bladder Leaks, 7 Drop Ultra Absorbency, Long Length, 78 Count, Packaging May Vary</p><p> -17% 0FF </p><p>$42.96 ($0.55 / Count)</p><a href="https://www.amazon.com/dp/B0BLGRQHCQ?tag=eloabder-20&linkCode=osi&th=1&psc=1">View Product</a></div>
<div class="product"><a href="https://www.amazon.com/dp/B086JBZW48?tag=eloabder-20&linkCode=osi&th=1&psc=1"><img src="https://m.media-amazon.com/images/I/419mX5-k8XL._SL500_.jpg" alt="Product Image"></a><p>EcoBlossom Reusable Menstrual Cup Set - The Most Reliable Medical Grade Silicone Period Cups - Comfortably use for 12 Hours (Small & Large)</p><p> -20% 0FF </p><p>$15.99 ($8.00 / Count)</p><a href="https://www.amazon.com/dp/B086JBZW48?tag=eloabder-20&linkCode=osi&th=1&psc=1">View Product</a></div><div class="product"><a href="https://www.amazon.com/dp/B07QNVNDMQ?tag=eloabder-20&linkCode=osi&th=1&psc=1"><img src="https://m.media-amazon.com/images/I/41kGVRCvHnL._SL500_.jpg" alt="Product Image"></a><p>Croing Reusable Menstrual Cup Set of 4, Period Cup, 2 pcs Small and 2 pcs Large (Purple and White)</p><p> -33% 0FF </p><p>$9.99 ($2.50 / Count)</p><a href="https://www.amazon.com/dp/B07QNVNDMQ?tag=eloabder-20&linkCode=osi&th=1&psc=1">View Product</a></div><div class="product"><a href="https://www.amazon.com/dp/B08MYQJ95N?tag=eloabder-20&linkCode=osi&th=1&psc=1"><img src="https://m.media-amazon.com/images/I/41C-jls603L._SL500_.jpg" alt="Product Image"></a><p>YTYOMUR Menstrual Cup Steamer Sterilizer with 2 Reusable Menstrual Cups, Period Cups Cleaner Wash Kit</p><p> -37% 0FF </p><p>$20.24</p><a href="https://www.amazon.com/dp/B08MYQJ95N?tag=eloabder-20&linkCode=osi&th=1&psc=1">View Product</a></div><div class="product"><a href="https://www.amazon.com/dp/B081QNN9CD?tag=eloabder-20&linkCode=osi&th=1&psc=1"><img src="https://m.media-amazon.com/images/I/41vipuZyibL._SL500_.jpg" alt="Product Image"></a><p>Talisi Menstrual Cups Set of 2 with Collapsible Cleaner Silicone Sterilizer - Soft Reusable Period Kit - Tampon Pads Disc Alternative - Menstruation Feminine Cup Regular, Heavy Flow (Small & Large)</p><p> -10% 0FF </p><p>$8.99 ($2.25 / Count)</p><a href="https://www.amazon.com/dp/B081QNN9CD?tag=eloabder-20&linkCode=osi&th=1&psc=1">View Product</a></div><div class="product"><a href="https://www.amazon.com/dp/B087WK7LBS?tag=eloabder-20&linkCode=osi&th=1&psc=1"><img src="https://m.media-amazon.com/images/I/410uziY5NGL._SL500_.jpg" alt="Product Image"></a><p>Talisi Menstrual Cups - Reusable Soft Period Cups - Menstruation Feminine Hygiene Products with Silicone Collapsible Sterilizer Case - Regular & Heavy Flow - Large, Small Size Copa Menstrual Kit</p><p> -14% 0FF </p><p>$5.99 ($1.50 / Count)</p><a href="https://www.amazon.com/dp/B087WK7LBS?tag=eloabder-20&linkCode=osi&th=1&psc=1">View Product</a></div>
<div class="product"><a href="https://www.amazon.com/dp/B01ARVVTYW?tag=eloabder-20&linkCode=osi&th=1&psc=1"><img src="https://m.media-amazon.com/images/I/41sOZ7EfDGL._SL500_.jpg" alt="Product Image"></a><p>Carefree Panty Liners for Women, Regular, Wrapped, Unscented, 54ct | Pantiliners, Carefree Liners, Daily Liners for Women, Light Periods and Leaks, 8-Hour Odor Control | 54ct (Packaging May Vary)</p><p> -33% 0FF </p><p>$3.34 ($0.06 / Count)</p><a href="https://www.amazon.com/dp/B01ARVVTYW?tag=eloabder-20&linkCode=osi&th=1&psc=1">View Product</a></div><div class="product"><a href="https://www.amazon.com/dp/B00NJNJ6O6?tag=eloabder-20&linkCode=osi&th=1&psc=1"><img src="https://m.media-amazon.com/images/I/416qKSPSpOL._SL500_.jpg" alt="Product Image"></a><p>Carefree Panty Liners for Women, Regular, Unwrapped, Unscented, 120ct | Pantiliners, Carefree Liners, Daily Liners for Women, Light Periods and Leaks, 8-Hour Odor Control | 120ct (Packaging May Vary)</p><p> -37% 0FF </p><p>$5.97 ($0.05 / Count)</p><a href="https://www.amazon.com/dp/B00NJNJ6O6?tag=eloabder-20&linkCode=osi&th=1&psc=1">View Product</a></div><div class="product"><a href="https://www.amazon.com/dp/B07C99C39S?tag=eloabder-20&linkCode=osi&th=1&psc=1"><img src="https://m.media-amazon.com/images/I/410-MyDdTyL._SL500_.jpg" alt="Product Image"></a><p>U by Kotex Panty Liners, Clean & Secure, Light Absorbency, Long Length, 126 Count (Packaging May Vary)</p><p> -35% 0FF </p><p>$7.79 ($0.06 / Count)</p><a href="https://www.amazon.com/dp/B07C99C39S?tag=eloabder-20&linkCode=osi&th=1&psc=1">View Product</a></div><div class="product"><a href="https://www.amazon.com/dp/B00UASJJX6?tag=eloabder-20&linkCode=osi&th=1&psc=1"><img src="https://m.media-amazon.com/images/I/51JyBlhNEuL._SL500_.jpg" alt="Product Image"></a><p>U by Kotex Balance Wrapped Panty Liners, Regular Length, 80 Count (Packaging May Vary)</p><p> -65% 0FF </p><p>$3.50 ($0.04 / Count)</p><a href="https://www.amazon.com/dp/B00UASJJX6?tag=eloabder-20&linkCode=osi&th=1&psc=1">View Product</a></div><div class="product"><a href="https://www.amazon.com/dp/B004RSO890?tag=eloabder-20&linkCode=osi&th=1&psc=1"><img src="https://m.media-amazon.com/images/I/41wY7+hDP5L._SL500_.jpg" alt="Product Image"></a><p>Carefree Thong Regular 49 Count Unscented Liner</p><p> -28% 0FF </p><p>$3.58 ($0.07 / Count)</p><a href="https://www.amazon.com/dp/B004RSO890?tag=eloabder-20&linkCode=osi&th=1&psc=1">View Product</a></div><div class="product"><a href="https://www.amazon.com/dp/B0DR3579J9?tag=eloabder-20&linkCode=osi&th=1&psc=1"><img src="https://m.media-amazon.com/images/I/51NcGafWnNL._SL500_.jpg" alt="Product Image"></a><p>Always Daily Protect Liners, Regular Length, Unscented, 96 Count</p><p> -10% 0FF </p><p>$7.17 ($0.07 / Count)</p><a href="https://www.amazon.com/dp/B0DR3579J9?tag=eloabder-20&linkCode=osi&th=1&psc=1">View Product</a></div><div class="product"><a href="https://www.amazon.com/dp/B09VMHGQFG?tag=eloabder-20&linkCode=osi&th=1&psc=1"><img src="https://m.media-amazon.com/images/I/4141Nw-Z01L._SL500_.jpg" alt="Product Image"></a><p>Carefree Panty Liners for Women, Extra Long, Unwrapped, Unscented, 100ct | Pantiliners, Carefree, Daily for Women, Light Periods and Leaks, 8-Hour Odor Control|100ct (Packaging May Vary)</p><p> -32% 0FF </p><p>$6.78 ($0.07 / Count)</p><a href="https://www.amazon.com/dp/B09VMHGQFG?tag=eloabder-20&linkCode=osi&th=1&psc=1">View Product</a></div>
<div class="product"><a href="https://www.amazon.com/dp/B0DSLZWGDN?tag=eloabder-20&linkCode=osi&th=1&psc=1"><img src="https://m.media-amazon.com/images/I/41wmZddDUXL._SL500_.jpg" alt="Product Image"></a><p>Summer's Eve Ultimate Odor Protection Daily Feminine Wipes, Gentle pH-Balanced Formula with Boric Acid Cleanses & Removes Vaginal Odor, Resealable Pack, 32 Body Wipes</p><p> -29% 0FF </p><p>$4.98 ($0.16 / Count)</p><a href="https://www.amazon.com/dp/B0DSLZWGDN?tag=eloabder-20&linkCode=osi&th=1&psc=1">View Product</a></div><div class="product"><a href="https://www.amazon.com/dp/B0D1KXV9ZS?tag=eloabder-20&linkCode=osi&th=1&psc=1"><img src="https://m.media-amazon.com/images/I/311Liu9BWoL._SL500_.jpg" alt="Product Image"></a><p>Vagisil pH Balance Daily Freshening Wipes for Feminine Hygiene in Resealable Pouch, Gynecologist Tested & Hypoallergenic, 20 Wipes (Pack of 1)</p><p> -40% 0FF </p><p>$2.97 ($0.15 / Count)</p><a href="https://www.amazon.com/dp/B0D1KXV9ZS?tag=eloabder-20&linkCode=osi&th=1&psc=1">View Product</a></div><div class="product"><a href="https://www.amazon.com/dp/B07DVY2PDZ?tag=eloabder-20&linkCode=osi&th=1&psc=1"><img src="https://m.media-amazon.com/images/I/51m-hobgS9L._SL500_.jpg" alt="Product Image"></a><p>Charmin Flushable Wipes, 160 Total Wipes (4 Packs of 40)</p><p> -28% 0FF </p><p>$7.96 ($4.98 / 100 Sheets)</p><a href="https://www.amazon.com/dp/B07DVY2PDZ?tag=eloabder-20&linkCode=osi&th=1&psc=1">View Product</a></div>
<div class="product"><a href="https://www.amazon.com/dp/B0735Q681B?tag=eloabder-20&linkCode=osi&th=1&psc=1"><img src="https://m.media-amazon.com/images/I/41UQXD2pkLL._SL500_.jpg" alt="Product Image"></a><p>SKYN Elite – 36 Count – Ultra-Thin, Lubricated Latex-Free Condoms</p><p> -5% 0FF </p><p>$18.97 ($0.53 / Count)</p><a href="https://www.amazon.com/dp/B0735Q681B?tag=eloabder-20&linkCode=osi&th=1&psc=1">View Product</a></div><div class="product"><a href="https://www.amazon.com/dp/B004TTXA8C?tag=eloabder-20&linkCode=osi&th=1&psc=1"><img src="https://m.media-amazon.com/images/I/51gr4F37KPL._SL500_.jpg" alt="Product Image"></a><p>LifeStyles Ultra Sensitive Natural Feeling Lubricated Latex Condoms, 40 Count</p><p> -43% 0FF </p><p>$12.58 ($0.31 / Count)</p><a href="https://www.amazon.com/dp/B004TTXA8C?tag=eloabder-20&linkCode=osi&th=1&psc=1">View Product</a></div>
<div class="product"><a href="https://www.amazon.com/dp/B075SN1MY9?tag=eloabder-20&linkCode=osi&th=1&psc=1"><img src="https://m.media-amazon.com/images/I/319iqKV2u8L._SL500_.jpg" alt="Product Image"></a><p>LubeLife Water-Based Lube – Personal Lubricant for Men, Women & Couples, Travel Size, Non-Staining, Easy Clean-Up, Toy-Safe, 8 Fl Oz</p><p> -9% 0FF </p><p>$9.99 ($1.25 / Fl Oz)</p><a href="https://www.amazon.com/dp/B075SN1MY9?tag=eloabder-20&linkCode=osi&th=1&psc=1">View Product</a></div><div class="product"><a href="https://www.amazon.com/dp/B004GW9GXU?tag=eloabder-20&linkCode=osi&th=1&psc=1"><img src="https://m.media-amazon.com/images/I/41ubL2N3JBL._SL500_.jpg" alt="Product Image"></a><p>K-Y Ultragel Water Based Personal Lubricant, pH Balanced Lube, Paraben Free, Non-Sticky, Non-Staining, 4.5 fl oz</p><p> -18% 0FF </p><p>$9.79 ($2.18 / Ounce)</p><a href="https://www.amazon.com/dp/B004GW9GXU?tag=eloabder-20&linkCode=osi&th=1&psc=1">View Product</a></div><div class="product"><a href="https://www.amazon.com/dp/B000ZPN1TC?tag=eloabder-20&linkCode=osi&th=1&psc=1"><img src="https://m.media-amazon.com/images/I/41vi+SxqxdL._SL500_.jpg" alt="Product Image"></a><p>Astroglide Water Based Lube (2.5oz), Liquid Personal Lubricant for Long-Lasting Pleasure for Men, Women and Couples, Safe for Toys, Travel-Friendly Size</p><p> -25% 0FF </p><p>$5.98 ($2.39 / Fl Oz)</p><a href="https://www.amazon.com/dp/B000ZPN1TC?tag=eloabder-20&linkCode=osi&th=1&psc=1">View Product</a></div><div class="product"><a href="https://www.amazon.com/dp/B0D8R1MBBP?tag=eloabder-20&linkCode=osi&th=1&psc=1"><img src="https://m.media-amazon.com/images/I/41w1UikOx8L._SL500_.jpg" alt="Product Image"></a><p>Astroglide Water Based Lube (7oz), Ultra Gentle Gel Personal Lubricant for Vaginal and Anal Sex, Stays Put with No Drip, Sex Lube, Long-Lasting for Men, Women and Couples, Safe for Toys</p><p> -46% 0FF </p><p>$6.98 ($1.00 / Ounce)</p><a href="https://www.amazon.com/dp/B0D8R1MBBP?tag=eloabder-20&linkCode=osi&th=1&psc=1">View Product</a></div>

<div class="product"><a href="https://www.amazon.com/dp/B0FS2XTBJW?tag=eloabder-20&linkCode=osi&th=1&psc=1"><img src="https://m.media-amazon.com/images/I/413BHekXfiL._SL500_.jpg" alt="Product Image"></a><p>ZHIXJIA Knee Massager with Heat, 3-in-1 Smart Portable, 3 Vibration Modes and 3 Heating Levels LED Vitality Joints Knee Massager, Gift for Men and Women, Black</p><p> -78% 0FF </p><p>$99.99 ($99.99 / Count)</p><a href="https://www.amazon.com/dp/B0FS2XTBJW?tag=eloabder-20&linkCode=osi&th=1&psc=1">View Product</a></div><div class="product"><a href="https://www.amazon.com/dp/B0FHQ3WV4L?tag=eloabder-20&linkCode=osi&th=1&psc=1"><img src="https://m.media-amazon.com/images/I/412JLGi0PiL._SL500_.jpg" alt="Product Image"></a><p>DUBSTAR 3-in-1 Pill Crusher Pill Grinder, Pill Crusher Fine Powder with Brush, Pill Crushers for Elderly with Pill Cutter and Storage, Pill Cutter Splitter for Small or Large Pills (Green)</p><p> -29% 0FF </p><p>$9.99 ($9.99 / Count)</p><a href="https://www.amazon.com/dp/B0FHQ3WV4L?tag=eloabder-20&linkCode=osi&th=1&psc=1">View Product</a></div><div class="product"><a href="https://www.amazon.com/dp/B0FR4SPYFK?tag=eloabder-20&linkCode=osi&th=1&psc=1"><img src="https://m.media-amazon.com/images/I/41+owzP2llL._SL500_.jpg" alt="Product Image"></a><p>DEPAD Adjustable Pill Cutters Splitter for Small and Tiny Pills with Accurate Alignment, Pill Cutters for Small or Large Pills with Sharp Safe Blade</p><p> -23% 0FF </p><p>$9.99</p><a href="https://www.amazon.com/dp/B0FR4SPYFK?tag=eloabder-20&linkCode=osi&th=1&psc=1">View Product</a></div><div class="product"><a href="https://www.amazon.com/dp/B0F9NTTCWX?tag=eloabder-20&linkCode=osi&th=1&psc=1"><img src="https://m.media-amazon.com/images/I/51rTYaWSgtL._SL500_.jpg" alt="Product Image"></a><p>AUVON Dual Channel TENS Unit Muscle Stimulator Machine with 20 Modes, 2" and 2"x4" TENS Unit Electrode Pads (Red)</p><p> -28% 0FF </p><p>$25.99</p><a href="https://www.amazon.com/dp/B0F9NTTCWX?tag=eloabder-20&linkCode=osi&th=1&psc=1">View Product</a></div><div class="product"><a href="https://www.amazon.com/dp/B0D63FTHH4?tag=eloabder-20&linkCode=osi&th=1&psc=1"><img src="https://m.media-amazon.com/images/I/41Gu1013yRL._SL500_.jpg" alt="Product Image"></a><p>Yicotira 4 Pack Reusable Microfiber Mop Pads Compatible with Swiffer Sweeper - Dry Sweeping Cloths & Wet Pad Refills for Wet & Dry, Washable Pads Refills for Household Cleaning (Mop is not Included)</p><p> -34% 0FF </p><p>$8.54 ($2.14 / Count)</p><a href="https://www.amazon.com/dp/B0D63FTHH4?tag=eloabder-20&linkCode=osi&th=1&psc=1">View Product</a></div>
<div class="product"><a href="https://www.amazon.com/dp/B000ZLVUYO?tag=eloabder-20&linkCode=osi&th=1&psc=1"><img src="https://m.media-amazon.com/images/I/41CNAwwnEqL._SL500_.jpg" alt="Product Image"></a><p>It's A 10 Miracle Hair Mask, 8-Ounce</p><p> -16% 0FF </p><p>$25.99 ($3.25 / Fl Oz)</p><a href="https://www.amazon.com/dp/B000ZLVUYO?tag=eloabder-20&linkCode=osi&th=1&psc=1">View Product</a></div><div class="product"><a href="https://www.amazon.com/dp/B07VCGRBGT?tag=eloabder-20&linkCode=osi&th=1&psc=1"><img src="https://m.media-amazon.com/images/I/51QprRDhFoL._SL500_.jpg" alt="Product Image"></a><p>Palmer's Coconut Oil Formula Moisture Boost Protein Pack, Hair Treatment for Dry, Damaged, Over-Processed and Colored Hair, 2.1 Ounce (Pack of 12)</p><p> -67% 0FF </p><p>$11.09 ($0.92 / Ounce)</p><a href="https://www.amazon.com/dp/B07VCGRBGT?tag=eloabder-20&linkCode=osi&th=1&psc=1">View Product</a></div>
<div class="product"><a href="https://www.amazon.com/dp/B01A74442I?tag=eloabder-20&linkCode=osi&th=1&psc=1"><img src="https://m.media-amazon.com/images/I/51crUDqQzIL._SL500_.jpg" alt="Product Image"></a><p>Cliganic Organic Jojoba Oil, 100% Pure (4oz) | Moisturizing for Face, Hair, Skin & Nails | Natural Cold Pressed Hexane Free | Base Carrier Oil</p><p> -27% 0FF </p><p>$9.48 ($2.37 / Fl Oz)</p><a href="https://www.amazon.com/dp/B01A74442I?tag=eloabder-20&linkCode=osi&th=1&psc=1">View Product</a></div><div class="product"><a href="https://www.amazon.com/dp/B09PR9R9SL?tag=eloabder-20&linkCode=osi&th=1&psc=1"><img src="https://m.media-amazon.com/images/I/51EyKsoMSlL._SL500_.jpg" alt="Product Image"></a><p>KUKKA Rosemary Essential Oils - 4 Fl Oz - for Hair, Skin, Diffuser, Aromatherapy & DIY Soap Making Scent</p><p> -33% 0FF </p><p>$12.99 ($3.25 / Fl Oz)</p><a href="https://www.amazon.com/dp/B09PR9R9SL?tag=eloabder-20&linkCode=osi&th=1&psc=1">View Product</a></div><div class="product"><a href="https://www.amazon.com/dp/B004Z209HS?tag=eloabder-20&linkCode=osi&th=1&psc=1"><img src="https://m.media-amazon.com/images/I/41h5nZqdm+L._SL500_.jpg" alt="Product Image"></a><p>PURA D'OR 4 Oz ORGANIC Moroccan Argan Oil - USDA Certified 100% Pure & Cold Pressed Virgin Premium Grade Natural Moisturizer Treatment For Dry, Damaged Skin, Hair, Face, Body & Scalp - Men & Women</p><p> -12% 0FF </p><p>$14.99 ($3.75 / Fl Oz)</p><a href="https://www.amazon.com/dp/B004Z209HS?tag=eloabder-20&linkCode=osi&th=1&psc=1">View Product</a></div>
<div class="product"><a href="https://www.amazon.com/dp/B004YVDIAU?tag=eloabder-20&linkCode=osi&th=1&psc=1"><img src="https://m.media-amazon.com/images/I/313PkUEQj5L._SL500_.jpg" alt="Product Image"></a><p>Garnier Fructis Style Curl Sculpt Conditioning Cream Gel for Bounce & Moisture, 5.1 Fl Oz, 1 Count (Packaging May Vary)</p><p> -21% 0FF </p><p>$4.73 ($0.93 / Ounce)</p><a href="https://www.amazon.com/dp/B004YVDIAU?tag=eloabder-20&linkCode=osi&th=1&psc=1">View Product</a></div><div class="product"><a href="https://www.amazon.com/dp/B0002Z90RM?tag=eloabder-20&linkCode=osi&th=1&psc=1"><img src="https://m.media-amazon.com/images/I/31xKcrbq12L._SL500_.jpg" alt="Product Image"></a><p>RUSK Designer Collection Thick Body and Texture Amplifier Spray, 6 Oz, For Fine, Limp, Flat or Lazy Hair Types - Contains Wheat Protein, Adds Strength, Texture, Volume & Moisture</p><p> -5% 0FF </p><p>$17.50 ($2.92 / Fl Oz)</p><a href="https://www.amazon.com/dp/B0002Z90RM?tag=eloabder-20&linkCode=osi&th=1&psc=1">View Product</a></div><div class="product"><a href="https://www.amazon.com/dp/B0013NE2Y8?tag=eloabder-20&linkCode=osi&th=1&psc=1"><img src="https://m.media-amazon.com/images/I/31A8kEJJlIL._SL500_.jpg" alt="Product Image"></a><p>John Frieda Frizz Ease Original Hair Serum, Protecting Against Frizz, Heat, and Humidity While Adding Shine, Smooths Strands and Hydrates Parched Hair with Argan, Coconut, and Moringa Oil, 1.69 Oz</p><p> -33% 0FF </p><p>$8.01 ($4.74 / Fl Oz)</p><a href="https://www.amazon.com/dp/B0013NE2Y8?tag=eloabder-20&linkCode=osi&th=1&psc=1">View Product</a></div>
<div class="product"><a href="https://www.amazon.com/dp/B004BYSR6K?tag=eloabder-20&linkCode=osi&th=1&psc=1"><img src="https://m.media-amazon.com/images/I/41RMAGucP7L._SL500_.jpg" alt="Product Image"></a><p>L'Oreal Paris Excellence Crème Permanent Hair Dye, Triple Care Hair Color with Pro-Keratine Complex for 100% Gray Hair Coverage, 5 Medium Brown, 1 Kit</p><p> -23% 0FF </p><p>$9.98</p><a href="https://www.amazon.com/dp/B004BYSR6K?tag=eloabder-20&linkCode=osi&th=1&psc=1">View Product</a></div><div class="product"><a href="https://www.amazon.com/dp/B00006JN4P?tag=eloabder-20&linkCode=osi&th=1&psc=1"><img src="https://m.media-amazon.com/images/I/51mGD8V4I7L._SL500_.jpg" alt="Product Image"></a><p>L'Oreal Paris Superior Preference Fade-Defying + Shine Permanent Hair Color, 8 Medium Blonde, Pack of 1, Hair Dye</p><p> -36% 0FF </p><p>$8.97</p><a href="https://www.amazon.com/dp/B00006JN4P?tag=eloabder-20&linkCode=osi&th=1&psc=1">View Product</a></div><div class="product"><a href="https://www.amazon.com/dp/B000KOU7FE?tag=eloabder-20&linkCode=osi&th=1&psc=1"><img src="https://m.media-amazon.com/images/I/51BV0dgoMnL._SL500_.jpg" alt="Product Image"></a><p>L'Oreal Paris Feria Multi-Faceted Shimmering Permanent Hair Color, B61 Downtown Brown (Hi-Lift Cool Brown), Pack of 1, Hair Dye</p><p> -7% 0FF </p><p>$12.97</p><a href="https://www.amazon.com/dp/B000KOU7FE?tag=eloabder-20&linkCode=osi&th=1&psc=1">View Product</a></div><div class="product"><a href="https://www.amazon.com/dp/B003AYEGGW?tag=eloabder-20&linkCode=osi&th=1&psc=1"><img src="https://m.media-amazon.com/images/I/41usJCtVqUL._SL500_.jpg" alt="Product Image"></a><p>Clairol Root Touch-Up by Nice'n Easy Permanent Hair Dye, 2 Black Hair Color, Pack of 2</p><p> -6% 0FF </p><p>$15.96 ($7.25 / Fl Oz)</p><a href="https://www.amazon.com/dp/B003AYEGGW?tag=eloabder-20&linkCode=osi&th=1&psc=1">View Product</a></div><div class="product"><a href="https://www.amazon.com/dp/B000NSW0EI?tag=eloabder-20&linkCode=osi&th=1&psc=1"><img src="https://m.media-amazon.com/images/I/51ZOUeoIXAS._SL500_.jpg" alt="Product Image"></a><p>Just For Men Shampoo In Color, Hair Color for Men with Keratin and Vitamin E for Stronger Hair, Restores Natural Hair Color, Medium Brown, H-35, Pack of 3</p><p> -10% 0FF </p><p>$26.88</p><a href="https://www.amazon.com/dp/B000NSW0EI?tag=eloabder-20&linkCode=osi&th=1&psc=1">View Product</a></div><div class="product"><a href="https://www.amazon.com/dp/B004DKB08E?tag=eloabder-20&linkCode=osi&th=1&psc=1"><img src="https://m.media-amazon.com/images/I/41dA53oe85L._SL500_.jpg" alt="Product Image"></a><p>John Frieda Precision Foam Colour, Medium Natural Brown 5N, Full-coverage Hair Color Kit, Anti-Fade Gray Coverage, Deep Color Saturation Hair Dye, 1 Application</p><p> -8% 0FF </p><p>$11.92</p><a href="https://www.amazon.com/dp/B004DKB08E?tag=eloabder-20&linkCode=osi&th=1&psc=1">View Product</a></div><div class="product"><a href="https://www.amazon.com/dp/B000KOHSQA?tag=eloabder-20&linkCode=osi&th=1&psc=1"><img src="https://m.media-amazon.com/images/I/51voB2QwdLL._SL500_.jpg" alt="Product Image"></a><p>L'Oreal Paris Couleur Experte 2-Step Home Hair Color and Highlights Kit, French Éclair</p><p> -18% 0FF </p><p>$13.97</p><a href="https://www.amazon.com/dp/B000KOHSQA?tag=eloabder-20&linkCode=osi&th=1&psc=1">View Product</a></div>
<div class="product"><a href="https://www.amazon.com/dp/B005CSYTCU?tag=eloabder-20&linkCode=osi&th=1&psc=1"><img src="https://m.media-amazon.com/images/I/41og7wvl2GL._SL500_.jpg" alt="Product Image"></a><p>Goody Ouchless Polyband Hair Ties - 250 Ct, Clear, Latex Hair Bands for Women's Hair, Easy Glide, Ultra-Strong Hold Hair Accessories for Women & Men, Secure Hold Ridge Design, All Hair Types</p><p> -19% 0FF </p><p>$3.19 ($0.01 / Count)</p><a href="https://www.amazon.com/dp/B005CSYTCU?tag=eloabder-20&linkCode=osi&th=1&psc=1">View Product</a></div><div class="product"><a href="https://www.amazon.com/dp/B00CGN9LQ8?tag=eloabder-20&linkCode=osi&th=1&psc=1"><img src="https://m.media-amazon.com/images/I/41LhEO75hIL._SL500_.jpg" alt="Product Image"></a><p>Crave Naturals Glide Thru Hair Brush - Detangler Brush for Curly, Straight, Wet or Dry Hair - Gentle Detangling Brushes for Adults, Kids, Toddlers - Hair Accessories for Women, 7.5x3 - Pink</p><p> -47% 0FF </p><p>$8.49</p><a href="https://www.amazon.com/dp/B00CGN9LQ8?tag=eloabder-20&linkCode=osi&th=1&psc=1">View Product</a></div><div class="product"><a href="https://www.amazon.com/dp/B00DLWO7D0?tag=eloabder-20&linkCode=osi&th=1&psc=1"><img src="https://m.media-amazon.com/images/I/31ISZI2zfzL._SL500_.jpg" alt="Product Image"></a><p>Goody Smooth and Sleek Wood Styling Brush with Natural Boar Bristles, Flyaway Free Finish, For All Hair Types, Brown, 1CT</p><p> -20% 0FF </p><p>$4.62</p><a href="https://www.amazon.com/dp/B00DLWO7D0?tag=eloabder-20&linkCode=osi&th=1&psc=1">View Product</a></div>
<div class="product"><a href="https://www.amazon.com/dp/B00HFQQ0VU?tag=eloabder-20&linkCode=osi&th=1&psc=1"><img src="https://m.media-amazon.com/images/I/41J4CJ+ERsL._SL500_.jpg" alt="Product Image"></a><p>Waterpik Aquarius Water Flosser For Teeth Cleaning, Gums, Braces, Dental Care, Electric Power With 10 Settings, 7 Tips For Multiple Users And Needs, ADA Accepted, White WP-660, Packaging May Vary</p><p> -20% 0FF </p><p>$79.99</p><a href="https://www.amazon.com/dp/B00HFQQ0VU?tag=eloabder-20&linkCode=osi&th=1&psc=1">View Product</a></div><div class="product"><a href="https://www.amazon.com/dp/B000QXH4PK?tag=eloabder-20&linkCode=osi&th=1&psc=1"><img src="https://m.media-amazon.com/images/I/41BYUSQaRKL._SL500_.jpg" alt="Product Image"></a><p>Listerine PocketPaks Cool Mint Breath Strips, Portable Pocket-Sized Oral Care Mouth Freshener, Dissolving Strips Kill 99% of Bad Breath Germs, Sugar Free, 3 x 24-Strip Packs</p><p> -18% 0FF </p><p>$5.72 ($0.08 / Count)</p><a href="https://www.amazon.com/dp/B000QXH4PK?tag=eloabder-20&linkCode=osi&th=1&psc=1">View Product</a></div><div class="product"><a href="https://www.amazon.com/dp/B07LGSYTLM?tag=eloabder-20&linkCode=osi&th=1&psc=1"><img src="https://m.media-amazon.com/images/I/31YRxbr1qCL._SL500_.jpg" alt="Product Image"></a><p>DenTek Professional Oral Care Kit, Complete Set of Dental Tools Including Mirror, Dental Pick, Scaler & Stimulator</p><p> -9% 0FF </p><p>$6.39</p><a href="https://www.amazon.com/dp/B07LGSYTLM?tag=eloabder-20&linkCode=osi&th=1&psc=1">View Product</a></div><div class="product"><a href="https://www.amazon.com/dp/B01LAY47D0?tag=eloabder-20&linkCode=osi&th=1&psc=1"><img src="https://m.media-amazon.com/images/I/41y93UxXRvL._SL500_.jpg" alt="Product Image"></a><p>MasterMedi Tongue Scraper for Adults with Multicolor Travel Cases (2 Pack), 100% Stainless Steel, Reduce Bad Breath, Tongue Scrubber, Easy to Use, Tongue Cleaner for Oral Care & Hygiene</p><p> -34% 0FF </p><p>$9.95 ($4.98 / Count)</p><a href="https://www.amazon.com/dp/B01LAY47D0?tag=eloabder-20&linkCode=osi&th=1&psc=1">View Product</a></div>
<div class="product"><a href="https://www.amazon.com/dp/B09F8FZ18G?tag=eloabder-20&linkCode=osi&th=1&psc=1"><img src="https://m.media-amazon.com/images/I/51WkgqQXqCL._SL500_.jpg" alt="Product Image"></a><p>Crest 3D White Advanced Luminous Mint Teeth Whitening Toothpaste, Crest Toothpaste, 3.7 oz Pack of 4 - Helps Remove Surface Stains, Whitens Teeth, Strengthens Tooth Enamel, Protects Against Cavities</p><p> -20% 0FF </p><p>$11.99 ($0.81 / Ounce)</p><a href="https://www.amazon.com/dp/B09F8FZ18G?tag=eloabder-20&linkCode=osi&th=1&psc=1">View Product</a></div><div class="product"><a href="https://www.amazon.com/dp/B083JHCCV2?tag=eloabder-20&linkCode=osi&th=1&psc=1"><img src="https://m.media-amazon.com/images/I/31ppsn+WAqL._SL500_.jpg" alt="Product Image"></a><p>Boka Fluoride Free Toothpaste, Nano Hydroxyapatite Toothpaste, Appropriate for Sensitive Teeth - for Adult, Kids Oral Care - Ela Mint Flavor, 4 Fl Oz 1Pk US Manufactured</p><p> -10% 0FF </p><p>$11.75 ($2.94 / Ounce)</p><a href="https://www.amazon.com/dp/B083JHCCV2?tag=eloabder-20&linkCode=osi&th=1&psc=1">View Product</a></div><div class="product"><a href="https://www.amazon.com/dp/B0BLWLL3FV?tag=eloabder-20&linkCode=osi&th=1&psc=1"><img src="https://m.media-amazon.com/images/I/519IfsN7qIL._SL500_.jpg" alt="Product Image"></a><p>Colgate Total Whitening Toothpaste Paste, 5.1 oz, 4 Pack, Fluoride, Antibacterial, for Plaque, Gingivitis, Sensitivity, Stain Removal, Clinically Proven, Mint, Teeth Whitening, Stannous Fluoride</p><p> -10% 0FF </p><p>$14.38 ($0.70 / Fl Oz)</p><a href="https://www.amazon.com/dp/B0BLWLL3FV?tag=eloabder-20&linkCode=osi&th=1&psc=1">View Product</a></div>
<div class="product"><a href="https://www.amazon.com/dp/B00CC6XSRC?tag=eloabder-20&linkCode=osi&th=1&psc=1"><img src="https://m.media-amazon.com/images/I/41OKKVbMN-L._SL500_.jpg" alt="Product Image"></a><p>Colgate Extra Clean Toothbrush, Medium Toothbrush for Adults, 6 Pack</p><p> -10% 0FF </p><p>$4.96 ($0.83 / Count)</p><a href="https://www.amazon.com/dp/B00CC6XSRC?tag=eloabder-20&linkCode=osi&th=1&psc=1">View Product</a></div><div class="product"><a href="https://www.amazon.com/dp/B06XK2M3H3?tag=eloabder-20&linkCode=osi&th=1&psc=1"><img src="https://m.media-amazon.com/images/I/41tntn0c7BL._SL500_.jpg" alt="Product Image"></a><p>Oral-B 3D White Stain Eraser, 4 count SOFT manual tootbrush pack, Removes Stains, Whitens Teeth, Tongue and Cheek Cleaner</p><p> -12% 0FF </p><p>$7.92 ($1.98 / Count)</p><a href="https://www.amazon.com/dp/B06XK2M3H3?tag=eloabder-20&linkCode=osi&th=1&psc=1">View Product</a></div><div class="product"><a href="https://www.amazon.com/dp/B00H88K9EE?tag=eloabder-20&linkCode=osi&th=1&psc=1"><img src="https://m.media-amazon.com/images/I/51ah-EIUbsL._SL500_.jpg" alt="Product Image"></a><p>Colgate 360 Whole Mouth Toothbrush, Adult Toothbrushes Medium Bristles, Helps Remove Bad Breath Bacteria and Plaque, Medium Toothbrush Pack, Includes Cheek and Tongue Cleaner, 4 Pack</p><p> -18% 0FF </p><p>$8.19 ($2.05 / Count)</p><a href="https://www.amazon.com/dp/B00H88K9EE?tag=eloabder-20&linkCode=osi&th=1&psc=1">View Product</a></div><div class="product"><a href="https://www.amazon.com/dp/B003CP12QG?tag=eloabder-20&linkCode=osi&th=1&psc=1"><img src="https://m.media-amazon.com/images/I/41LPe-bdnPL._SL500_.jpg" alt="Product Image"></a><p>Oral-B Pulsar Pro-Health Expert Clean, Battery electric toothbrush, 2 count MEDIUM toothbrush pack, removes plaque, travel essentials tooth brush</p><p> -22% 0FF </p><p>$10.97 ($5.48 / Count)</p><a href="https://www.amazon.com/dp/B003CP12QG?tag=eloabder-20&linkCode=osi&th=1&psc=1">View Product</a></div>
<div class="product"><a href="https://www.amazon.com/dp/B0C881GLNM?tag=eloabder-20&linkCode=osi&th=1&psc=1"><img src="https://m.media-amazon.com/images/I/51C2ohy2RWL._SL500_.jpg" alt="Product Image"></a><p>Crest Pro-Health Advanced Mouthwash, Alcohol Free, Multi-Protection, Fresh Mint, 1 L (33.8 fl oz), Pack of 2, Blue</p><p> -9% 0FF </p><p>$10.97 ($0.16 / Fl Oz)</p><a href="https://www.amazon.com/dp/B0C881GLNM?tag=eloabder-20&linkCode=osi&th=1&psc=1">View Product</a></div><div class="product"><a href="https://www.amazon.com/dp/B005IHSPLQ?tag=eloabder-20&linkCode=osi&th=1&psc=1"><img src="https://m.media-amazon.com/images/I/31U2umAytxL._SL500_.jpg" alt="Product Image"></a><p>Listerine Alcohol-Free Mouthwash, Non Alcoholic Mint Oral Rinse Kills 99.9% of Germs That Cause Bad Breath for a Fresh Breath & Clean Mouth, Less Intense Taste, Cool Mint Flavor, 1 L</p><p> -25% 0FF </p><p>$6.99 ($0.21 / Fl Oz)</p><a href="https://www.amazon.com/dp/B005IHSPLQ?tag=eloabder-20&linkCode=osi&th=1&psc=1">View Product</a></div><div class="product"><a href="https://www.amazon.com/dp/B0126XBQK6?tag=eloabder-20&linkCode=osi&th=1&psc=1"><img src="https://m.media-amazon.com/images/I/51dT1Mhf3zL._SL500_.jpg" alt="Product Image"></a><p>Crest Pro-Health Advanced Mouthwash, Alcohol Free, Extra Whitening, Energizing Mint Flavor, 946 mL (32 fl oz)</p><p> -20% 0FF </p><p>$7.17 ($0.22 / Fl Oz)</p><a href="https://www.amazon.com/dp/B0126XBQK6?tag=eloabder-20&linkCode=osi&th=1&psc=1">View Product</a></div><div class="product"><a href="https://www.amazon.com/dp/B00495Q5OW?tag=eloabder-20&linkCode=osi&th=1&psc=1"><img src="https://m.media-amazon.com/images/I/41U0hz++OHL._SL500_.jpg" alt="Product Image"></a><p>Listerine Total Care Anticavity Fluoride Mouthwash, 6 Benefits in 1 Oral Rinse Helps Kill 99% of Bad Breath Germs, Prevents Cavities, Strengthens Teeth, ADA-Accepted, Fresh Mint, 1 L</p><p> -26% 0FF </p><p>$8.79 ($0.27 / fluid ounce(s))</p><a href="https://www.amazon.com/dp/B00495Q5OW?tag=eloabder-20&linkCode=osi&th=1&psc=1">View Product</a></div>
<div class="product"><a href="https://www.amazon.com/dp/B013OKRGWW?tag=eloabder-20&linkCode=osi&th=1&psc=1"><img src="https://m.media-amazon.com/images/I/31s8V2M+RVL._SL500_.jpg" alt="Product Image"></a><p>REACH Waxed Dental Floss, Mint, Plaque Remover for Teeth, Shred Resistant, Floss Slides Smoothly, Easy to Use, Waxed, Deep Cleaning Teeth, Oral Care, PFAS Free, for Adults & Kids, 1 Pack, 55 yd</p><p> -13% 0FF </p><p>$1.29 ($0.01 / Foot)</p><a href="https://www.amazon.com/dp/B013OKRGWW?tag=eloabder-20&linkCode=osi&th=1&psc=1">View Product</a></div><div class="product"><a href="https://www.amazon.com/dp/B014KZLWX4?tag=eloabder-20&linkCode=osi&th=1&psc=1"><img src="https://m.media-amazon.com/images/I/41GyDUKvKAL._SL500_.jpg" alt="Product Image"></a><p>REACH Waxed Dental Floss, Mint, Plaque Remover for Teeth, Shred Resistant, Floss Slides Smoothly, Easy to Use, Waxed, Deep Cleaning Teeth, Oral Care, PFAS Free, for Adults & Kids, 6 Pack, 55 yd</p><p> -13% 0FF </p><p>$10.74 ($0.01 / Foot)</p><a href="https://www.amazon.com/dp/B014KZLWX4?tag=eloabder-20&linkCode=osi&th=1&psc=1">View Product</a></div><div class="product"><a href="https://www.amazon.com/dp/B00UB7BO16?tag=eloabder-20&linkCode=osi&th=1&psc=1"><img src="https://m.media-amazon.com/images/I/41aZF2HKXrL._SL500_.jpg" alt="Product Image"></a><p>Oral-B Glide Complete Floss Picks, Dental Floss Picks, Scope Outlast, 75-ct, Toothpicks Floss Picks</p><p> -20% 0FF </p><p>$3.96 ($0.05 / Count)</p><a href="https://www.amazon.com/dp/B00UB7BO16?tag=eloabder-20&linkCode=osi&th=1&psc=1">View Product</a></div><div class="product"><a href="https://www.amazon.com/dp/B003K01BMI?tag=eloabder-20&linkCode=osi&th=1&psc=1"><img src="https://m.media-amazon.com/images/I/41r6iQVxOzL._SL500_.jpg" alt="Product Image"></a><p>DenTek Triple Clean Advanced Clean Floss Picks, No Break & No Shred Floss, 150 Count, (Packaging May Vary)</p><p> -31% 0FF </p><p>$4.15 ($0.03 / Count)</p><a href="https://www.amazon.com/dp/B003K01BMI?tag=eloabder-20&linkCode=osi&th=1&psc=1">View Product</a></div><div class="product"><a href="https://www.amazon.com/dp/B07WFX1WD2?tag=eloabder-20&linkCode=osi&th=1&psc=1"><img src="https://m.media-amazon.com/images/I/51lqCql47sL._SL500_.jpg" alt="Product Image"></a><p>Oral-B Glide Dental Floss, Scope Flavor, 40m (Pack of 6)</p><p> -20% 0FF </p><p>$15.96 ($0.02 / Foot)</p><a href="https://www.amazon.com/dp/B07WFX1WD2?tag=eloabder-20&linkCode=osi&th=1&psc=1">View Product</a></div>
<div class="product"><a href="https://www.amazon.com/dp/B0BVT76MFH?tag=eloabder-20&linkCode=osi&th=1&psc=1"><img src="https://m.media-amazon.com/images/I/419kJTfLfGL._SL500_.jpg" alt="Product Image"></a><p>Crest 3D Whitestrips Sensitive At-Home Teeth Whitening Kit, 18 Treatments, Gently Removes 15 Years of Stains, Crest Whitestrips, Teeth Whitening Kit</p><p> -44% 0FF </p><p>$27.85 ($1.55 / Count)</p><a href="https://www.amazon.com/dp/B0BVT76MFH?tag=eloabder-20&linkCode=osi&th=1&psc=1">View Product</a></div>
<div class="product"><a href="https://www.amazon.com/dp/B0CK1791MR?tag=eloabder-20&linkCode=osi&th=1&psc=1"><img src="https://m.media-amazon.com/images/I/31CZvJQAbDL._SL500_.jpg" alt="Product Image"></a><p>Her Fantasy Box | Refresh pH Balancing Shower Gel - Natural Feminine Hygiene Solution for Gentle Cleansing, Odor Control, and Skin Nourishment - pH-Balanced Formula for All Skin Types (8 oz)</p><p> -6% 0FF </p><p>$14.99 ($1.87 / Fl Oz)</p><a href="https://www.amazon.com/dp/B0CK1791MR?tag=eloabder-20&linkCode=osi&th=1&psc=1">View Product</a></div><div class="product"><a href="https://www.amazon.com/dp/B08L4Q75QP?tag=eloabder-20&linkCode=osi&th=1&psc=1"><img src="https://m.media-amazon.com/images/I/51OkbLfz-2L._SL500_.jpg" alt="Product Image"></a><p>Playtex Sport Tampons Multipack (24ct Regular/24ct Super), Fragrance-Free - 48ct | Tampons Regular and Super, Playtex Tampon Multipack, Feminine Care with 360 Leak Defense</p><p> -29% 0FF </p><p>$9.97 ($0.21 / Count)</p><a href="https://www.amazon.com/dp/B08L4Q75QP?tag=eloabder-20&linkCode=osi&th=1&psc=1">View Product</a></div><div class="product"><a href="https://www.amazon.com/dp/B083M1RG6P?tag=eloabder-20&linkCode=osi&th=1&psc=1"><img src="https://m.media-amazon.com/images/I/51AHoXPV3gL._SL500_.jpg" alt="Product Image"></a><p>U by Kotex Tampons, Click Compact, Regular Absorbency, Unscented, 45 Count</p><p> -48% 0FF </p><p>$6.97 ($0.15 / Count)</p><a href="https://www.amazon.com/dp/B083M1RG6P?tag=eloabder-20&linkCode=osi&th=1&psc=1">View Product</a></div><div class="product"><a href="https://www.amazon.com/dp/B0D5FZGY8W?tag=eloabder-20&linkCode=osi&th=1&psc=1"><img src="https://m.media-amazon.com/images/I/51gWW6a+5uL._SL500_.jpg" alt="Product Image"></a><p>O Positiv URO Vaginal Probiotics for Women pH Balance with Prebiotics & Lactobacillus Probiotic Blend - Vaginal Health Supplement - Promote Healthy Vaginal Odor & Vaginal Flora, 60 Count (Pack of 1)</p><p> -10% 0FF </p><p>$28.97 ($0.48 / Count)</p><a href="https://www.amazon.com/dp/B0D5FZGY8W?tag=eloabder-20&linkCode=osi&th=1&psc=1">View Product</a></div><div class="product"><a href="https://www.amazon.com/dp/B01M1BLRC1?tag=eloabder-20&linkCode=osi&th=1&psc=1"><img src="https://m.media-amazon.com/images/I/51CVKq4e6UL._SL500_.jpg" alt="Product Image"></a><p>Always Maxi Overnight Pads with Wings for Women, Size 5, Extra Heavy Overnight Absorbency, Unscented, 36 Count</p><p> -5% 0FF </p><p>$10.47 ($0.29 / Count)</p><a href="https://www.amazon.com/dp/B01M1BLRC1?tag=eloabder-20&linkCode=osi&th=1&psc=1">View Product</a></div>
<div class="product"><a href="https://www.amazon.com/dp/B083M24HGP?tag=eloabder-20&linkCode=osi&th=1&psc=1"><img src="https://m.media-amazon.com/images/I/51iX7-G8XnL._SL500_.jpg" alt="Product Image"></a><p>U by Kotex Tampons, Click Compact Multipack, Regular/Super Absorbency, Unscented, 45 Count</p><p> -26% 0FF </p><p>$9.97 ($0.22 / Count)</p><a href="https://www.amazon.com/dp/B083M24HGP?tag=eloabder-20&linkCode=osi&th=1&psc=1">View Product</a></div><div class="product"><a href="https://www.amazon.com/dp/B0B33LJX6N?tag=eloabder-20&linkCode=osi&th=1&psc=1"><img src="https://m.media-amazon.com/images/I/512dGlJD9nL._SL500_.jpg" alt="Product Image"></a><p>Tampax Pearl Tampons for Women Multipack, with LeakGuard Braid, Light/Regular/Super Absorbency, Unscented, 94 Count (2 Packs of 47)</p><p> -7% 0FF </p><p>$21.36 ($0.23 / Count)</p><a href="https://www.amazon.com/dp/B0B33LJX6N?tag=eloabder-20&linkCode=osi&th=1&psc=1">View Product</a></div>
<div class="product"><a href="https://www.amazon.com/dp/B01NAX7KC7?tag=eloabder-20&linkCode=osi&th=1&psc=1"><img src="https://m.media-amazon.com/images/I/51SOakjzHvL._SL500_.jpg" alt="Product Image"></a><p>Poise Overnight Incontinence & Postpartum Pads for Bladder Leaks, 8 Drop Extra Coverage, 72 Count (2 Packs of 36), Packaging May Vary</p><p> -7% 0FF </p><p>$41.99 ($0.58 / Count)</p><a href="https://www.amazon.com/dp/B01NAX7KC7?tag=eloabder-20&linkCode=osi&th=1&psc=1">View Product</a></div><div class="product"><a href="https://www.amazon.com/dp/B0BLGRQHCQ?tag=eloabder-20&linkCode=osi&th=1&psc=1"><img src="https://m.media-amazon.com/images/I/51tBxYlTu3L._SL500_.jpg" alt="Product Image"></a><p>Poise Incontinence & Postpartum Pads for Bladder Leaks, 7 Drop Ultra Absorbency, Long Length, 78 Count, Packaging May Vary</p><p> -17% 0FF </p><p>$42.96 ($0.55 / Count)</p><a href="https://www.amazon.com/dp/B0BLGRQHCQ?tag=eloabder-20&linkCode=osi&th=1&psc=1">View Product</a></div>
<div class="product"><a href="https://www.amazon.com/dp/B086JBZW48?tag=eloabder-20&linkCode=osi&th=1&psc=1"><img src="https://m.media-amazon.com/images/I/419mX5-k8XL._SL500_.jpg" alt="Product Image"></a><p>EcoBlossom Reusable Menstrual Cup Set - The Most Reliable Medical Grade Silicone Period Cups - Comfortably use for 12 Hours (Small & Large)</p><p> -20% 0FF </p><p>$15.99 ($8.00 / Count)</p><a href="https://www.amazon.com/dp/B086JBZW48?tag=eloabder-20&linkCode=osi&th=1&psc=1">View Product</a></div><div class="product"><a href="https://www.amazon.com/dp/B07QNVNDMQ?tag=eloabder-20&linkCode=osi&th=1&psc=1"><img src="https://m.media-amazon.com/images/I/41kGVRCvHnL._SL500_.jpg" alt="Product Image"></a><p>Croing Reusable Menstrual Cup Set of 4, Period Cup, 2 pcs Small and 2 pcs Large (Purple and White)</p><p> -33% 0FF </p><p>$9.99 ($2.50 / Count)</p><a href="https://www.amazon.com/dp/B07QNVNDMQ?tag=eloabder-20&linkCode=osi&th=1&psc=1">View Product</a></div><div class="product"><a href="https://www.amazon.com/dp/B08MYQJ95N?tag=eloabder-20&linkCode=osi&th=1&psc=1"><img src="https://m.media-amazon.com/images/I/41C-jls603L._SL500_.jpg" alt="Product Image"></a><p>YTYOMUR Menstrual Cup Steamer Sterilizer with 2 Reusable Menstrual Cups, Period Cups Cleaner Wash Kit</p><p> -37% 0FF </p><p>$20.24</p><a href="https://www.amazon.com/dp/B08MYQJ95N?tag=eloabder-20&linkCode=osi&th=1&psc=1">View Product</a></div><div class="product"><a href="https://www.amazon.com/dp/B081QNN9CD?tag=eloabder-20&linkCode=osi&th=1&psc=1"><img src="https://m.media-amazon.com/images/I/41vipuZyibL._SL500_.jpg" alt="Product Image"></a><p>Talisi Menstrual Cups Set of 2 with Collapsible Cleaner Silicone Sterilizer - Soft Reusable Period Kit - Tampon Pads Disc Alternative - Menstruation Feminine Cup Regular, Heavy Flow (Small & Large)</p><p> -10% 0FF </p><p>$8.99 ($2.25 / Count)</p><a href="https://www.amazon.com/dp/B081QNN9CD?tag=eloabder-20&linkCode=osi&th=1&psc=1">View Product</a></div><div class="product"><a href="https://www.amazon.com/dp/B087WK7LBS?tag=eloabder-20&linkCode=osi&th=1&psc=1"><img src="https://m.media-amazon.com/images/I/410uziY5NGL._SL500_.jpg" alt="Product Image"></a><p>Talisi Menstrual Cups - Reusable Soft Period Cups - Menstruation Feminine Hygiene Products with Silicone Collapsible Sterilizer Case - Regular & Heavy Flow - Large, Small Size Copa Menstrual Kit</p><p> -14% 0FF </p><p>$5.99 ($1.50 / Count)</p><a href="https://www.amazon.com/dp/B087WK7LBS?tag=eloabder-20&linkCode=osi&th=1&psc=1">View Product</a></div>
<div class="product"><a href="https://www.amazon.com/dp/B01ARVVTYW?tag=eloabder-20&linkCode=osi&th=1&psc=1"><img src="https://m.media-amazon.com/images/I/41sOZ7EfDGL._SL500_.jpg" alt="Product Image"></a><p>Carefree Panty Liners for Women, Regular, Wrapped, Unscented, 54ct | Pantiliners, Carefree Liners, Daily Liners for Women, Light Periods and Leaks, 8-Hour Odor Control | 54ct (Packaging May Vary)</p><p> -33% 0FF </p><p>$3.34 ($0.06 / Count)</p><a href="https://www.amazon.com/dp/B01ARVVTYW?tag=eloabder-20&linkCode=osi&th=1&psc=1">View Product</a></div><div class="product"><a href="https://www.amazon.com/dp/B00NJNJ6O6?tag=eloabder-20&linkCode=osi&th=1&psc=1"><img src="https://m.media-amazon.com/images/I/416qKSPSpOL._SL500_.jpg" alt="Product Image"></a><p>Carefree Panty Liners for Women, Regular, Unwrapped, Unscented, 120ct | Pantiliners, Carefree Liners, Daily Liners for Women, Light Periods and Leaks, 8-Hour Odor Control | 120ct (Packaging May Vary)</p><p> -37% 0FF </p><p>$5.97 ($0.05 / Count)</p><a href="https://www.amazon.com/dp/B00NJNJ6O6?tag=eloabder-20&linkCode=osi&th=1&psc=1">View Product</a></div><div class="product"><a href="https://www.amazon.com/dp/B07C99C39S?tag=eloabder-20&linkCode=osi&th=1&psc=1"><img src="https://m.media-amazon.com/images/I/410-MyDdTyL._SL500_.jpg" alt="Product Image"></a><p>U by Kotex Panty Liners, Clean & Secure, Light Absorbency, Long Length, 126 Count (Packaging May Vary)</p><p> -35% 0FF </p><p>$7.79 ($0.06 / Count)</p><a href="https://www.amazon.com/dp/B07C99C39S?tag=eloabder-20&linkCode=osi&th=1&psc=1">View Product</a></div><div class="product"><a href="https://www.amazon.com/dp/B00UASJJX6?tag=eloabder-20&linkCode=osi&th=1&psc=1"><img src="https://m.media-amazon.com/images/I/51JyBlhNEuL._SL500_.jpg" alt="Product Image"></a><p>U by Kotex Balance Wrapped Panty Liners, Regular Length, 80 Count (Packaging May Vary)</p><p> -65% 0FF </p><p>$3.50 ($0.04 / Count)</p><a href="https://www.amazon.com/dp/B00UASJJX6?tag=eloabder-20&linkCode=osi&th=1&psc=1">View Product</a></div><div class="product"><a href="https://www.amazon.com/dp/B004RSO890?tag=eloabder-20&linkCode=osi&th=1&psc=1"><img src="https://m.media-amazon.com/images/I/41wY7+hDP5L._SL500_.jpg" alt="Product Image"></a><p>Carefree Thong Regular 49 Count Unscented Liner</p><p> -28% 0FF </p><p>$3.58 ($0.07 / Count)</p><a href="https://www.amazon.com/dp/B004RSO890?tag=eloabder-20&linkCode=osi&th=1&psc=1">View Product</a></div><div class="product"><a href="https://www.amazon.com/dp/B0DR3579J9?tag=eloabder-20&linkCode=osi&th=1&psc=1"><img src="https://m.media-amazon.com/images/I/51NcGafWnNL._SL500_.jpg" alt="Product Image"></a><p>Always Daily Protect Liners, Regular Length, Unscented, 96 Count</p><p> -10% 0FF </p><p>$7.17 ($0.07 / Count)</p><a href="https://www.amazon.com/dp/B0DR3579J9?tag=eloabder-20&linkCode=osi&th=1&psc=1">View Product</a></div><div class="product"><a href="https://www.amazon.com/dp/B09VMHGQFG?tag=eloabder-20&linkCode=osi&th=1&psc=1"><img src="https://m.media-amazon.com/images/I/4141Nw-Z01L._SL500_.jpg" alt="Product Image"></a><p>Carefree Panty Liners for Women, Extra Long, Unwrapped, Unscented, 100ct | Pantiliners, Carefree, Daily for Women, Light Periods and Leaks, 8-Hour Odor Control|100ct (Packaging May Vary)</p><p> -32% 0FF </p><p>$6.78 ($0.07 / Count)</p><a href="https://www.amazon.com/dp/B09VMHGQFG?tag=eloabder-20&linkCode=osi&th=1&psc=1">View Product</a></div>
<div class="product"><a href="https://www.amazon.com/dp/B0DSLZWGDN?tag=eloabder-20&linkCode=osi&th=1&psc=1"><img src="https://m.media-amazon.com/images/I/41wmZddDUXL._SL500_.jpg" alt="Product Image"></a><p>Summer's Eve Ultimate Odor Protection Daily Feminine Wipes, Gentle pH-Balanced Formula with Boric Acid Cleanses & Removes Vaginal Odor, Resealable Pack, 32 Body Wipes</p><p> -29% 0FF </p><p>$4.98 ($0.16 / Count)</p><a href="https://www.amazon.com/dp/B0DSLZWGDN?tag=eloabder-20&linkCode=osi&th=1&psc=1">View Product</a></div><div class="product"><a href="https://www.amazon.com/dp/B0D1KXV9ZS?tag=eloabder-20&linkCode=osi&th=1&psc=1"><img src="https://m.media-amazon.com/images/I/311Liu9BWoL._SL500_.jpg" alt="Product Image"></a><p>Vagisil pH Balance Daily Freshening Wipes for Feminine Hygiene in Resealable Pouch, Gynecologist Tested & Hypoallergenic, 20 Wipes (Pack of 1)</p><p> -40% 0FF </p><p>$2.97 ($0.15 / Count)</p><a href="https://www.amazon.com/dp/B0D1KXV9ZS?tag=eloabder-20&linkCode=osi&th=1&psc=1">View Product</a></div><div class="product"><a href="https://www.amazon.com/dp/B07DVY2PDZ?tag=eloabder-20&linkCode=osi&th=1&psc=1"><img src="https://m.media-amazon.com/images/I/51m-hobgS9L._SL500_.jpg" alt="Product Image"></a><p>Charmin Flushable Wipes, 160 Total Wipes (4 Packs of 40)</p><p> -28% 0FF </p><p>$7.96 ($4.98 / 100 Sheets)</p><a href="https://www.amazon.com/dp/B07DVY2PDZ?tag=eloabder-20&linkCode=osi&th=1&psc=1">View Product</a></div>
<div class="product"><a href="https://www.amazon.com/dp/B0735Q681B?tag=eloabder-20&linkCode=osi&th=1&psc=1"><img src="https://m.media-amazon.com/images/I/41UQXD2pkLL._SL500_.jpg" alt="Product Image"></a><p>SKYN Elite – 36 Count – Ultra-Thin, Lubricated Latex-Free Condoms</p><p> -5% 0FF </p><p>$18.97 ($0.53 / Count)</p><a href="https://www.amazon.com/dp/B0735Q681B?tag=eloabder-20&linkCode=osi&th=1&psc=1">View Product</a></div><div class="product"><a href="https://www.amazon.com/dp/B004TTXA8C?tag=eloabder-20&linkCode=osi&th=1&psc=1"><img src="https://m.media-amazon.com/images/I/51gr4F37KPL._SL500_.jpg" alt="Product Image"></a><p>LifeStyles Ultra Sensitive Natural Feeling Lubricated Latex Condoms, 40 Count</p><p> -43% 0FF </p><p>$12.58 ($0.31 / Count)</p><a href="https://www.amazon.com/dp/B004TTXA8C?tag=eloabder-20&linkCode=osi&th=1&psc=1">View Product</a></div>
<div class="product"><a href="https://www.amazon.com/dp/B075SN1MY9?tag=eloabder-20&linkCode=osi&th=1&psc=1"><img src="https://m.media-amazon.com/images/I/319iqKV2u8L._SL500_.jpg" alt="Product Image"></a><p>LubeLife Water-Based Lube – Personal Lubricant for Men, Women & Couples, Travel Size, Non-Staining, Easy Clean-Up, Toy-Safe, 8 Fl Oz</p><p> -9% 0FF </p><p>$9.99 ($1.25 / Fl Oz)</p><a href="https://www.amazon.com/dp/B075SN1MY9?tag=eloabder-20&linkCode=osi&th=1&psc=1">View Product</a></div><div class="product"><a href="https://www.amazon.com/dp/B004GW9GXU?tag=eloabder-20&linkCode=osi&th=1&psc=1"><img src="https://m.media-amazon.com/images/I/41ubL2N3JBL._SL500_.jpg" alt="Product Image"></a><p>K-Y Ultragel Water Based Personal Lubricant, pH Balanced Lube, Paraben Free, Non-Sticky, Non-Staining, 4.5 fl oz</p><p> -18% 0FF </p><p>$9.79 ($2.18 / Ounce)</p><a href="https://www.amazon.com/dp/B004GW9GXU?tag=eloabder-20&linkCode=osi&th=1&psc=1">View Product</a></div><div class="product"><a href="https://www.amazon.com/dp/B000ZPN1TC?tag=eloabder-20&linkCode=osi&th=1&psc=1"><img src="https://m.media-amazon.com/images/I/41vi+SxqxdL._SL500_.jpg" alt="Product Image"></a><p>Astroglide Water Based Lube (2.5oz), Liquid Personal Lubricant for Long-Lasting Pleasure for Men, Women and Couples, Safe for Toys, Travel-Friendly Size</p><p> -25% 0FF </p><p>$5.98 ($2.39 / Fl Oz)</p><a href="https://www.amazon.com/dp/B000ZPN1TC?tag=eloabder-20&linkCode=osi&th=1&psc=1">View Product</a></div><div class="product"><a href="https://www.amazon.com/dp/B0D8R1MBBP?tag=eloabder-20&linkCode=osi&th=1&psc=1"><img src="https://m.media-amazon.com/images/I/41w1UikOx8L._SL500_.jpg" alt="Product Image"></a><p>Astroglide Water Based Lube (7oz), Ultra Gentle Gel Personal Lubricant for Vaginal and Anal Sex, Stays Put with No Drip, Sex Lube, Long-Lasting for Men, Women and Couples, Safe for Toys</p><p> -46% 0FF </p><p>$6.98 ($1.00 / Ounce)</p><a href="https://www.amazon.com/dp/B0D8R1MBBP?tag=eloabder-20&linkCode=osi&th=1&psc=1">View Product</a></div>
<div class="product"><a href="https://www.amazon.com/dp/B07BGLT25K?tag=eloabder-20&linkCode=osi&th=1&psc=1"><img src="https://m.media-amazon.com/images/I/51NpHDcaw8L._SL500_.jpg" alt="Product Image"></a><p>Scott ComfortPlus Toilet Paper, 12 Double Rolls, 231 Sheets per Roll, Septic-Safe, 1-Ply Toilet Tissue</p><p> -12% 0FF </p><p>$5.68 ($0.20 / 100 Sheets)</p><a href="https://www.amazon.com/dp/B07BGLT25K?tag=eloabder-20&linkCode=osi&th=1&psc=1">View Product</a></div><div class="product"><a href="https://www.amazon.com/dp/B0CDZJ9JJC?tag=eloabder-20&linkCode=osi&th=1&psc=1"><img src="https://m.media-amazon.com/images/I/51Er7PSBqML._SL500_.jpg" alt="Product Image"></a><p>Charmin Ultra Soft Toilet Paper 6 Mega Rolls = 24 Regular Rolls</p><p> -27% 0FF </p><p>$7.97 ($0.59 / 100 Sheets)</p><a href="https://www.amazon.com/dp/B0CDZJ9JJC?tag=eloabder-20&linkCode=osi&th=1&psc=1">View Product</a></div><div class="product"><a href="https://www.amazon.com/dp/B000VCFB0G?tag=eloabder-20&linkCode=osi&th=1&psc=1"><img src="https://m.media-amazon.com/images/I/419yTBsVOFL._SL500_.jpg" alt="Product Image"></a><p>Bounty Quilted Napkins 1-Ply 12 1/10 x 12 White 200/Pack (96595PK)</p><p> -19% 0FF </p><p>$3.48 ($0.02 / Count)</p><a href="https://www.amazon.com/dp/B000VCFB0G?tag=eloabder-20&linkCode=osi&th=1&psc=1">View Product</a></div>

<div class="product"><a href="https://www.amazon.com/dp/B0FS2XTBJW?tag=eloabder-20&linkCode=osi&th=1&psc=1"><img src="https://m.media-amazon.com/images/I/413BHekXfiL._SL500_.jpg" alt="Product Image"></a><p>ZHIXJIA Knee Massager with Heat, 3-in-1 Smart Portable, 3 Vibration Modes and 3 Heating Levels LED Vitality Joints Knee Massager, Gift for Men and Women, Black</p><p> -78% 0FF </p><p>$99.99 ($99.99 / Count)</p><a href="https://www.amazon.com/dp/B0FS2XTBJW?tag=eloabder-20&linkCode=osi&th=1&psc=1">View Product</a></div><div class="product"><a href="https://www.amazon.com/dp/B0FHQ3WV4L?tag=eloabder-20&linkCode=osi&th=1&psc=1"><img src="https://m.media-amazon.com/images/I/412JLGi0PiL._SL500_.jpg" alt="Product Image"></a><p>DUBSTAR 3-in-1 Pill Crusher Pill Grinder, Pill Crusher Fine Powder with Brush, Pill Crushers for Elderly with Pill Cutter and Storage, Pill Cutter Splitter for Small or Large Pills (Green)</p><p> -29% 0FF </p><p>$9.99 ($9.99 / Count)</p><a href="https://www.amazon.com/dp/B0FHQ3WV4L?tag=eloabder-20&linkCode=osi&th=1&psc=1">View Product</a></div><div class="product"><a href="https://www.amazon.com/dp/B0FR4SPYFK?tag=eloabder-20&linkCode=osi&th=1&psc=1"><img src="https://m.media-amazon.com/images/I/41+owzP2llL._SL500_.jpg" alt="Product Image"></a><p>DEPAD Adjustable Pill Cutters Splitter for Small and Tiny Pills with Accurate Alignment, Pill Cutters for Small or Large Pills with Sharp Safe Blade</p><p> -23% 0FF </p><p>$9.99</p><a href="https://www.amazon.com/dp/B0FR4SPYFK?tag=eloabder-20&linkCode=osi&th=1&psc=1">View Product</a></div><div class="product"><a href="https://www.amazon.com/dp/B0F9NTTCWX?tag=eloabder-20&linkCode=osi&th=1&psc=1"><img src="https://m.media-amazon.com/images/I/51rTYaWSgtL._SL500_.jpg" alt="Product Image"></a><p>AUVON Dual Channel TENS Unit Muscle Stimulator Machine with 20 Modes, 2" and 2"x4" TENS Unit Electrode Pads (Red)</p><p> -28% 0FF </p><p>$25.99</p><a href="https://www.amazon.com/dp/B0F9NTTCWX?tag=eloabder-20&linkCode=osi&th=1&psc=1">View Product</a></div><div class="product"><a href="https://www.amazon.com/dp/B0D63FTHH4?tag=eloabder-20&linkCode=osi&th=1&psc=1"><img src="https://m.media-amazon.com/images/I/41Gu1013yRL._SL500_.jpg" alt="Product Image"></a><p>Yicotira 4 Pack Reusable Microfiber Mop Pads Compatible with Swiffer Sweeper - Dry Sweeping Cloths & Wet Pad Refills for Wet & Dry, Washable Pads Refills for Household Cleaning (Mop is not Included)</p><p> -34% 0FF </p><p>$8.54 ($2.14 / Count)</p><a href="https://www.amazon.com/dp/B0D63FTHH4?tag=eloabder-20&linkCode=osi&th=1&psc=1">View Product</a></div>
<div class="product"><a href="https://www.amazon.com/dp/B000ZLVUYO?tag=eloabder-20&linkCode=osi&th=1&psc=1"><img src="https://m.media-amazon.com/images/I/41CNAwwnEqL._SL500_.jpg" alt="Product Image"></a><p>It's A 10 Miracle Hair Mask, 8-Ounce</p><p> -16% 0FF </p><p>$25.99 ($3.25 / Fl Oz)</p><a href="https://www.amazon.com/dp/B000ZLVUYO?tag=eloabder-20&linkCode=osi&th=1&psc=1">View Product</a></div><div class="product"><a href="https://www.amazon.com/dp/B07VCGRBGT?tag=eloabder-20&linkCode=osi&th=1&psc=1"><img src="https://m.media-amazon.com/images/I/51QprRDhFoL._SL500_.jpg" alt="Product Image"></a><p>Palmer's Coconut Oil Formula Moisture Boost Protein Pack, Hair Treatment for Dry, Damaged, Over-Processed and Colored Hair, 2.1 Ounce (Pack of 12)</p><p> -67% 0FF </p><p>$11.09 ($0.92 / Ounce)</p><a href="https://www.amazon.com/dp/B07VCGRBGT?tag=eloabder-20&linkCode=osi&th=1&psc=1">View Product</a></div>
<div class="product"><a href="https://www.amazon.com/dp/B01A74442I?tag=eloabder-20&linkCode=osi&th=1&psc=1"><img src="https://m.media-amazon.com/images/I/51crUDqQzIL._SL500_.jpg" alt="Product Image"></a><p>Cliganic Organic Jojoba Oil, 100% Pure (4oz) | Moisturizing for Face, Hair, Skin & Nails | Natural Cold Pressed Hexane Free | Base Carrier Oil</p><p> -27% 0FF </p><p>$9.48 ($2.37 / Fl Oz)</p><a href="https://www.amazon.com/dp/B01A74442I?tag=eloabder-20&linkCode=osi&th=1&psc=1">View Product</a></div><div class="product"><a href="https://www.amazon.com/dp/B09PR9R9SL?tag=eloabder-20&linkCode=osi&th=1&psc=1"><img src="https://m.media-amazon.com/images/I/51EyKsoMSlL._SL500_.jpg" alt="Product Image"></a><p>KUKKA Rosemary Essential Oils - 4 Fl Oz - for Hair, Skin, Diffuser, Aromatherapy & DIY Soap Making Scent</p><p> -33% 0FF </p><p>$12.99 ($3.25 / Fl Oz)</p><a href="https://www.amazon.com/dp/B09PR9R9SL?tag=eloabder-20&linkCode=osi&th=1&psc=1">View Product</a></div><div class="product"><a href="https://www.amazon.com/dp/B004Z209HS?tag=eloabder-20&linkCode=osi&th=1&psc=1"><img src="https://m.media-amazon.com/images/I/41h5nZqdm+L._SL500_.jpg" alt="Product Image"></a><p>PURA D'OR 4 Oz ORGANIC Moroccan Argan Oil - USDA Certified 100% Pure & Cold Pressed Virgin Premium Grade Natural Moisturizer Treatment For Dry, Damaged Skin, Hair, Face, Body & Scalp - Men & Women</p><p> -12% 0FF </p><p>$14.99 ($3.75 / Fl Oz)</p><a href="https://www.amazon.com/dp/B004Z209HS?tag=eloabder-20&linkCode=osi&th=1&psc=1">View Product</a></div>
<div class="product"><a href="https://www.amazon.com/dp/B004YVDIAU?tag=eloabder-20&linkCode=osi&th=1&psc=1"><img src="https://m.media-amazon.com/images/I/313PkUEQj5L._SL500_.jpg" alt="Product Image"></a><p>Garnier Fructis Style Curl Sculpt Conditioning Cream Gel for Bounce & Moisture, 5.1 Fl Oz, 1 Count (Packaging May Vary)</p><p> -21% 0FF </p><p>$4.73 ($0.93 / Ounce)</p><a href="https://www.amazon.com/dp/B004YVDIAU?tag=eloabder-20&linkCode=osi&th=1&psc=1">View Product</a></div><div class="product"><a href="https://www.amazon.com/dp/B0002Z90RM?tag=eloabder-20&linkCode=osi&th=1&psc=1"><img src="https://m.media-amazon.com/images/I/31xKcrbq12L._SL500_.jpg" alt="Product Image"></a><p>RUSK Designer Collection Thick Body and Texture Amplifier Spray, 6 Oz, For Fine, Limp, Flat or Lazy Hair Types - Contains Wheat Protein, Adds Strength, Texture, Volume & Moisture</p><p> -5% 0FF </p><p>$17.50 ($2.92 / Fl Oz)</p><a href="https://www.amazon.com/dp/B0002Z90RM?tag=eloabder-20&linkCode=osi&th=1&psc=1">View Product</a></div><div class="product"><a href="https://www.amazon.com/dp/B0013NE2Y8?tag=eloabder-20&linkCode=osi&th=1&psc=1"><img src="https://m.media-amazon.com/images/I/31A8kEJJlIL._SL500_.jpg" alt="Product Image"></a><p>John Frieda Frizz Ease Original Hair Serum, Protecting Against Frizz, Heat, and Humidity While Adding Shine, Smooths Strands and Hydrates Parched Hair with Argan, Coconut, and Moringa Oil, 1.69 Oz</p><p> -33% 0FF </p><p>$8.01 ($4.74 / Fl Oz)</p><a href="https://www.amazon.com/dp/B0013NE2Y8?tag=eloabder-20&linkCode=osi&th=1&psc=1">View Product</a></div>
<div class="product"><a href="https://www.amazon.com/dp/B004BYSR6K?tag=eloabder-20&linkCode=osi&th=1&psc=1"><img src="https://m.media-amazon.com/images/I/41RMAGucP7L._SL500_.jpg" alt="Product Image"></a><p>L'Oreal Paris Excellence Crème Permanent Hair Dye, Triple Care Hair Color with Pro-Keratine Complex for 100% Gray Hair Coverage, 5 Medium Brown, 1 Kit</p><p> -23% 0FF </p><p>$9.98</p><a href="https://www.amazon.com/dp/B004BYSR6K?tag=eloabder-20&linkCode=osi&th=1&psc=1">View Product</a></div><div class="product"><a href="https://www.amazon.com/dp/B00006JN4P?tag=eloabder-20&linkCode=osi&th=1&psc=1"><img src="https://m.media-amazon.com/images/I/51mGD8V4I7L._SL500_.jpg" alt="Product Image"></a><p>L'Oreal Paris Superior Preference Fade-Defying + Shine Permanent Hair Color, 8 Medium Blonde, Pack of 1, Hair Dye</p><p> -36% 0FF </p><p>$8.97</p><a href="https://www.amazon.com/dp/B00006JN4P?tag=eloabder-20&linkCode=osi&th=1&psc=1">View Product</a></div><div class="product"><a href="https://www.amazon.com/dp/B000KOU7FE?tag=eloabder-20&linkCode=osi&th=1&psc=1"><img src="https://m.media-amazon.com/images/I/51BV0dgoMnL._SL500_.jpg" alt="Product Image"></a><p>L'Oreal Paris Feria Multi-Faceted Shimmering Permanent Hair Color, B61 Downtown Brown (Hi-Lift Cool Brown), Pack of 1, Hair Dye</p><p> -7% 0FF </p><p>$12.97</p><a href="https://www.amazon.com/dp/B000KOU7FE?tag=eloabder-20&linkCode=osi&th=1&psc=1">View Product</a></div><div class="product"><a href="https://www.amazon.com/dp/B003AYEGGW?tag=eloabder-20&linkCode=osi&th=1&psc=1"><img src="https://m.media-amazon.com/images/I/41usJCtVqUL._SL500_.jpg" alt="Product Image"></a><p>Clairol Root Touch-Up by Nice'n Easy Permanent Hair Dye, 2 Black Hair Color, Pack of 2</p><p> -6% 0FF </p><p>$15.96 ($7.25 / Fl Oz)</p><a href="https://www.amazon.com/dp/B003AYEGGW?tag=eloabder-20&linkCode=osi&th=1&psc=1">View Product</a></div><div class="product"><a href="https://www.amazon.com/dp/B000NSW0EI?tag=eloabder-20&linkCode=osi&th=1&psc=1"><img src="https://m.media-amazon.com/images/I/51ZOUeoIXAS._SL500_.jpg" alt="Product Image"></a><p>Just For Men Shampoo In Color, Hair Color for Men with Keratin and Vitamin E for Stronger Hair, Restores Natural Hair Color, Medium Brown, H-35, Pack of 3</p><p> -10% 0FF </p><p>$26.88</p><a href="https://www.amazon.com/dp/B000NSW0EI?tag=eloabder-20&linkCode=osi&th=1&psc=1">View Product</a></div><div class="product"><a href="https://www.amazon.com/dp/B004DKB08E?tag=eloabder-20&linkCode=osi&th=1&psc=1"><img src="https://m.media-amazon.com/images/I/41dA53oe85L._SL500_.jpg" alt="Product Image"></a><p>John Frieda Precision Foam Colour, Medium Natural Brown 5N, Full-coverage Hair Color Kit, Anti-Fade Gray Coverage, Deep Color Saturation Hair Dye, 1 Application</p><p> -8% 0FF </p><p>$11.92</p><a href="https://www.amazon.com/dp/B004DKB08E?tag=eloabder-20&linkCode=osi&th=1&psc=1">View Product</a></div><div class="product"><a href="https://www.amazon.com/dp/B000KOHSQA?tag=eloabder-20&linkCode=osi&th=1&psc=1"><img src="https://m.media-amazon.com/images/I/51voB2QwdLL._SL500_.jpg" alt="Product Image"></a><p>L'Oreal Paris Couleur Experte 2-Step Home Hair Color and Highlights Kit, French Éclair</p><p> -18% 0FF </p><p>$13.97</p><a href="https://www.amazon.com/dp/B000KOHSQA?tag=eloabder-20&linkCode=osi&th=1&psc=1">View Product</a></div>
<div class="product"><a href="https://www.amazon.com/dp/B005CSYTCU?tag=eloabder-20&linkCode=osi&th=1&psc=1"><img src="https://m.media-amazon.com/images/I/41og7wvl2GL._SL500_.jpg" alt="Product Image"></a><p>Goody Ouchless Polyband Hair Ties - 250 Ct, Clear, Latex Hair Bands for Women's Hair, Easy Glide, Ultra-Strong Hold Hair Accessories for Women & Men, Secure Hold Ridge Design, All Hair Types</p><p> -19% 0FF </p><p>$3.19 ($0.01 / Count)</p><a href="https://www.amazon.com/dp/B005CSYTCU?tag=eloabder-20&linkCode=osi&th=1&psc=1">View Product</a></div><div class="product"><a href="https://www.amazon.com/dp/B00CGN9LQ8?tag=eloabder-20&linkCode=osi&th=1&psc=1"><img src="https://m.media-amazon.com/images/I/41LhEO75hIL._SL500_.jpg" alt="Product Image"></a><p>Crave Naturals Glide Thru Hair Brush - Detangler Brush for Curly, Straight, Wet or Dry Hair - Gentle Detangling Brushes for Adults, Kids, Toddlers - Hair Accessories for Women, 7.5x3 - Pink</p><p> -47% 0FF </p><p>$8.49</p><a href="https://www.amazon.com/dp/B00CGN9LQ8?tag=eloabder-20&linkCode=osi&th=1&psc=1">View Product</a></div><div class="product"><a href="https://www.amazon.com/dp/B00DLWO7D0?tag=eloabder-20&linkCode=osi&th=1&psc=1"><img src="https://m.media-amazon.com/images/I/31ISZI2zfzL._SL500_.jpg" alt="Product Image"></a><p>Goody Smooth and Sleek Wood Styling Brush with Natural Boar Bristles, Flyaway Free Finish, For All Hair Types, Brown, 1CT</p><p> -20% 0FF </p><p>$4.62</p><a href="https://www.amazon.com/dp/B00DLWO7D0?tag=eloabder-20&linkCode=osi&th=1&psc=1">View Product</a></div>
<div class="product"><a href="https://www.amazon.com/dp/B00HFQQ0VU?tag=eloabder-20&linkCode=osi&th=1&psc=1"><img src="https://m.media-amazon.com/images/I/41J4CJ+ERsL._SL500_.jpg" alt="Product Image"></a><p>Waterpik Aquarius Water Flosser For Teeth Cleaning, Gums, Braces, Dental Care, Electric Power With 10 Settings, 7 Tips For Multiple Users And Needs, ADA Accepted, White WP-660, Packaging May Vary</p><p> -20% 0FF </p><p>$79.99</p><a href="https://www.amazon.com/dp/B00HFQQ0VU?tag=eloabder-20&linkCode=osi&th=1&psc=1">View Product</a></div><div class="product"><a href="https://www.amazon.com/dp/B000QXH4PK?tag=eloabder-20&linkCode=osi&th=1&psc=1"><img src="https://m.media-amazon.com/images/I/41BYUSQaRKL._SL500_.jpg" alt="Product Image"></a><p>Listerine PocketPaks Cool Mint Breath Strips, Portable Pocket-Sized Oral Care Mouth Freshener, Dissolving Strips Kill 99% of Bad Breath Germs, Sugar Free, 3 x 24-Strip Packs</p><p> -18% 0FF </p><p>$5.72 ($0.08 / Count)</p><a href="https://www.amazon.com/dp/B000QXH4PK?tag=eloabder-20&linkCode=osi&th=1&psc=1">View Product</a></div><div class="product"><a href="https://www.amazon.com/dp/B07LGSYTLM?tag=eloabder-20&linkCode=osi&th=1&psc=1"><img src="https://m.media-amazon.com/images/I/31YRxbr1qCL._SL500_.jpg" alt="Product Image"></a><p>DenTek Professional Oral Care Kit, Complete Set of Dental Tools Including Mirror, Dental Pick, Scaler & Stimulator</p><p> -9% 0FF </p><p>$6.39</p><a href="https://www.amazon.com/dp/B07LGSYTLM?tag=eloabder-20&linkCode=osi&th=1&psc=1">View Product</a></div><div class="product"><a href="https://www.amazon.com/dp/B01LAY47D0?tag=eloabder-20&linkCode=osi&th=1&psc=1"><img src="https://m.media-amazon.com/images/I/41y93UxXRvL._SL500_.jpg" alt="Product Image"></a><p>MasterMedi Tongue Scraper for Adults with Multicolor Travel Cases (2 Pack), 100% Stainless Steel, Reduce Bad Breath, Tongue Scrubber, Easy to Use, Tongue Cleaner for Oral Care & Hygiene</p><p> -34% 0FF </p><p>$9.95 ($4.98 / Count)</p><a href="https://www.amazon.com/dp/B01LAY47D0?tag=eloabder-20&linkCode=osi&th=1&psc=1">View Product</a></div>
<div class="product"><a href="https://www.amazon.com/dp/B09F8FZ18G?tag=eloabder-20&linkCode=osi&th=1&psc=1"><img src="https://m.media-amazon.com/images/I/51WkgqQXqCL._SL500_.jpg" alt="Product Image"></a><p>Crest 3D White Advanced Luminous Mint Teeth Whitening Toothpaste, Crest Toothpaste, 3.7 oz Pack of 4 - Helps Remove Surface Stains, Whitens Teeth, Strengthens Tooth Enamel, Protects Against Cavities</p><p> -20% 0FF </p><p>$11.99 ($0.81 / Ounce)</p><a href="https://www.amazon.com/dp/B09F8FZ18G?tag=eloabder-20&linkCode=osi&th=1&psc=1">View Product</a></div><div class="product"><a href="https://www.amazon.com/dp/B083JHCCV2?tag=eloabder-20&linkCode=osi&th=1&psc=1"><img src="https://m.media-amazon.com/images/I/31ppsn+WAqL._SL500_.jpg" alt="Product Image"></a><p>Boka Fluoride Free Toothpaste, Nano Hydroxyapatite Toothpaste, Appropriate for Sensitive Teeth - for Adult, Kids Oral Care - Ela Mint Flavor, 4 Fl Oz 1Pk US Manufactured</p><p> -10% 0FF </p><p>$11.75 ($2.94 / Ounce)</p><a href="https://www.amazon.com/dp/B083JHCCV2?tag=eloabder-20&linkCode=osi&th=1&psc=1">View Product</a></div><div class="product"><a href="https://www.amazon.com/dp/B0BLWLL3FV?tag=eloabder-20&linkCode=osi&th=1&psc=1"><img src="https://m.media-amazon.com/images/I/519IfsN7qIL._SL500_.jpg" alt="Product Image"></a><p>Colgate Total Whitening Toothpaste Paste, 5.1 oz, 4 Pack, Fluoride, Antibacterial, for Plaque, Gingivitis, Sensitivity, Stain Removal, Clinically Proven, Mint, Teeth Whitening, Stannous Fluoride</p><p> -10% 0FF </p><p>$14.38 ($0.70 / Fl Oz)</p><a href="https://www.amazon.com/dp/B0BLWLL3FV?tag=eloabder-20&linkCode=osi&th=1&psc=1">View Product</a></div>
<div class="product"><a href="https://www.amazon.com/dp/B00CC6XSRC?tag=eloabder-20&linkCode=osi&th=1&psc=1"><img src="https://m.media-amazon.com/images/I/41OKKVbMN-L._SL500_.jpg" alt="Product Image"></a><p>Colgate Extra Clean Toothbrush, Medium Toothbrush for Adults, 6 Pack</p><p> -10% 0FF </p><p>$4.96 ($0.83 / Count)</p><a href="https://www.amazon.com/dp/B00CC6XSRC?tag=eloabder-20&linkCode=osi&th=1&psc=1">View Product</a></div><div class="product"><a href="https://www.amazon.com/dp/B06XK2M3H3?tag=eloabder-20&linkCode=osi&th=1&psc=1"><img src="https://m.media-amazon.com/images/I/41tntn0c7BL._SL500_.jpg" alt="Product Image"></a><p>Oral-B 3D White Stain Eraser, 4 count SOFT manual tootbrush pack, Removes Stains, Whitens Teeth, Tongue and Cheek Cleaner</p><p> -12% 0FF </p><p>$7.92 ($1.98 / Count)</p><a href="https://www.amazon.com/dp/B06XK2M3H3?tag=eloabder-20&linkCode=osi&th=1&psc=1">View Product</a></div><div class="product"><a href="https://www.amazon.com/dp/B00H88K9EE?tag=eloabder-20&linkCode=osi&th=1&psc=1"><img src="https://m.media-amazon.com/images/I/51ah-EIUbsL._SL500_.jpg" alt="Product Image"></a><p>Colgate 360 Whole Mouth Toothbrush, Adult Toothbrushes Medium Bristles, Helps Remove Bad Breath Bacteria and Plaque, Medium Toothbrush Pack, Includes Cheek and Tongue Cleaner, 4 Pack</p><p> -18% 0FF </p><p>$8.19 ($2.05 / Count)</p><a href="https://www.amazon.com/dp/B00H88K9EE?tag=eloabder-20&linkCode=osi&th=1&psc=1">View Product</a></div><div class="product"><a href="https://www.amazon.com/dp/B003CP12QG?tag=eloabder-20&linkCode=osi&th=1&psc=1"><img src="https://m.media-amazon.com/images/I/41LPe-bdnPL._SL500_.jpg" alt="Product Image"></a><p>Oral-B Pulsar Pro-Health Expert Clean, Battery electric toothbrush, 2 count MEDIUM toothbrush pack, removes plaque, travel essentials tooth brush</p><p> -22% 0FF </p><p>$10.97 ($5.48 / Count)</p><a href="https://www.amazon.com/dp/B003CP12QG?tag=eloabder-20&linkCode=osi&th=1&psc=1">View Product</a></div>
<div class="product"><a href="https://www.amazon.com/dp/B0C881GLNM?tag=eloabder-20&linkCode=osi&th=1&psc=1"><img src="https://m.media-amazon.com/images/I/51C2ohy2RWL._SL500_.jpg" alt="Product Image"></a><p>Crest Pro-Health Advanced Mouthwash, Alcohol Free, Multi-Protection, Fresh Mint, 1 L (33.8 fl oz), Pack of 2, Blue</p><p> -9% 0FF </p><p>$10.97 ($0.16 / Fl Oz)</p><a href="https://www.amazon.com/dp/B0C881GLNM?tag=eloabder-20&linkCode=osi&th=1&psc=1">View Product</a></div><div class="product"><a href="https://www.amazon.com/dp/B005IHSPLQ?tag=eloabder-20&linkCode=osi&th=1&psc=1"><img src="https://m.media-amazon.com/images/I/31U2umAytxL._SL500_.jpg" alt="Product Image"></a><p>Listerine Alcohol-Free Mouthwash, Non Alcoholic Mint Oral Rinse Kills 99.9% of Germs That Cause Bad Breath for a Fresh Breath & Clean Mouth, Less Intense Taste, Cool Mint Flavor, 1 L</p><p> -25% 0FF </p><p>$6.99 ($0.21 / Fl Oz)</p><a href="https://www.amazon.com/dp/B005IHSPLQ?tag=eloabder-20&linkCode=osi&th=1&psc=1">View Product</a></div><div class="product"><a href="https://www.amazon.com/dp/B0126XBQK6?tag=eloabder-20&linkCode=osi&th=1&psc=1"><img src="https://m.media-amazon.com/images/I/51dT1Mhf3zL._SL500_.jpg" alt="Product Image"></a><p>Crest Pro-Health Advanced Mouthwash, Alcohol Free, Extra Whitening, Energizing Mint Flavor, 946 mL (32 fl oz)</p><p> -20% 0FF </p><p>$7.17 ($0.22 / Fl Oz)</p><a href="https://www.amazon.com/dp/B0126XBQK6?tag=eloabder-20&linkCode=osi&th=1&psc=1">View Product</a></div><div class="product"><a href="https://www.amazon.com/dp/B00495Q5OW?tag=eloabder-20&linkCode=osi&th=1&psc=1"><img src="https://m.media-amazon.com/images/I/41U0hz++OHL._SL500_.jpg" alt="Product Image"></a><p>Listerine Total Care Anticavity Fluoride Mouthwash, 6 Benefits in 1 Oral Rinse Helps Kill 99% of Bad Breath Germs, Prevents Cavities, Strengthens Teeth, ADA-Accepted, Fresh Mint, 1 L</p><p> -26% 0FF </p><p>$8.79 ($0.27 / fluid ounce(s))</p><a href="https://www.amazon.com/dp/B00495Q5OW?tag=eloabder-20&linkCode=osi&th=1&psc=1">View Product</a></div>
<div class="product"><a href="https://www.amazon.com/dp/B013OKRGWW?tag=eloabder-20&linkCode=osi&th=1&psc=1"><img src="https://m.media-amazon.com/images/I/31s8V2M+RVL._SL500_.jpg" alt="Product Image"></a><p>REACH Waxed Dental Floss, Mint, Plaque Remover for Teeth, Shred Resistant, Floss Slides Smoothly, Easy to Use, Waxed, Deep Cleaning Teeth, Oral Care, PFAS Free, for Adults & Kids, 1 Pack, 55 yd</p><p> -13% 0FF </p><p>$1.29 ($0.01 / Foot)</p><a href="https://www.amazon.com/dp/B013OKRGWW?tag=eloabder-20&linkCode=osi&th=1&psc=1">View Product</a></div><div class="product"><a href="https://www.amazon.com/dp/B014KZLWX4?tag=eloabder-20&linkCode=osi&th=1&psc=1"><img src="https://m.media-amazon.com/images/I/41GyDUKvKAL._SL500_.jpg" alt="Product Image"></a><p>REACH Waxed Dental Floss, Mint, Plaque Remover for Teeth, Shred Resistant, Floss Slides Smoothly, Easy to Use, Waxed, Deep Cleaning Teeth, Oral Care, PFAS Free, for Adults & Kids, 6 Pack, 55 yd</p><p> -13% 0FF </p><p>$10.74 ($0.01 / Foot)</p><a href="https://www.amazon.com/dp/B014KZLWX4?tag=eloabder-20&linkCode=osi&th=1&psc=1">View Product</a></div><div class="product"><a href="https://www.amazon.com/dp/B00UB7BO16?tag=eloabder-20&linkCode=osi&th=1&psc=1"><img src="https://m.media-amazon.com/images/I/41aZF2HKXrL._SL500_.jpg" alt="Product Image"></a><p>Oral-B Glide Complete Floss Picks, Dental Floss Picks, Scope Outlast, 75-ct, Toothpicks Floss Picks</p><p> -20% 0FF </p><p>$3.96 ($0.05 / Count)</p><a href="https://www.amazon.com/dp/B00UB7BO16?tag=eloabder-20&linkCode=osi&th=1&psc=1">View Product</a></div><div class="product"><a href="https://www.amazon.com/dp/B003K01BMI?tag=eloabder-20&linkCode=osi&th=1&psc=1"><img src="https://m.media-amazon.com/images/I/41r6iQVxOzL._SL500_.jpg" alt="Product Image"></a><p>DenTek Triple Clean Advanced Clean Floss Picks, No Break & No Shred Floss, 150 Count, (Packaging May Vary)</p><p> -31% 0FF </p><p>$4.15 ($0.03 / Count)</p><a href="https://www.amazon.com/dp/B003K01BMI?tag=eloabder-20&linkCode=osi&th=1&psc=1">View Product</a></div><div class="product"><a href="https://www.amazon.com/dp/B07WFX1WD2?tag=eloabder-20&linkCode=osi&th=1&psc=1"><img src="https://m.media-amazon.com/images/I/51lqCql47sL._SL500_.jpg" alt="Product Image"></a><p>Oral-B Glide Dental Floss, Scope Flavor, 40m (Pack of 6)</p><p> -20% 0FF </p><p>$15.96 ($0.02 / Foot)</p><a href="https://www.amazon.com/dp/B07WFX1WD2?tag=eloabder-20&linkCode=osi&th=1&psc=1">View Product</a></div>
<div class="product"><a href="https://www.amazon.com/dp/B0BVT76MFH?tag=eloabder-20&linkCode=osi&th=1&psc=1"><img src="https://m.media-amazon.com/images/I/419kJTfLfGL._SL500_.jpg" alt="Product Image"></a><p>Crest 3D Whitestrips Sensitive At-Home Teeth Whitening Kit, 18 Treatments, Gently Removes 15 Years of Stains, Crest Whitestrips, Teeth Whitening Kit</p><p> -44% 0FF </p><p>$27.85 ($1.55 / Count)</p><a href="https://www.amazon.com/dp/B0BVT76MFH?tag=eloabder-20&linkCode=osi&th=1&psc=1">View Product</a></div>
<div class="product"><a href="https://www.amazon.com/dp/B0CK1791MR?tag=eloabder-20&linkCode=osi&th=1&psc=1"><img src="https://m.media-amazon.com/images/I/31CZvJQAbDL._SL500_.jpg" alt="Product Image"></a><p>Her Fantasy Box | Refresh pH Balancing Shower Gel - Natural Feminine Hygiene Solution for Gentle Cleansing, Odor Control, and Skin Nourishment - pH-Balanced Formula for All Skin Types (8 oz)</p><p> -6% 0FF </p><p>$14.99 ($1.87 / Fl Oz)</p><a href="https://www.amazon.com/dp/B0CK1791MR?tag=eloabder-20&linkCode=osi&th=1&psc=1">View Product</a></div><div class="product"><a href="https://www.amazon.com/dp/B08L4Q75QP?tag=eloabder-20&linkCode=osi&th=1&psc=1"><img src="https://m.media-amazon.com/images/I/51OkbLfz-2L._SL500_.jpg" alt="Product Image"></a><p>Playtex Sport Tampons Multipack (24ct Regular/24ct Super), Fragrance-Free - 48ct | Tampons Regular and Super, Playtex Tampon Multipack, Feminine Care with 360 Leak Defense</p><p> -29% 0FF </p><p>$9.97 ($0.21 / Count)</p><a href="https://www.amazon.com/dp/B08L4Q75QP?tag=eloabder-20&linkCode=osi&th=1&psc=1">View Product</a></div><div class="product"><a href="https://www.amazon.com/dp/B083M1RG6P?tag=eloabder-20&linkCode=osi&th=1&psc=1"><img src="https://m.media-amazon.com/images/I/51AHoXPV3gL._SL500_.jpg" alt="Product Image"></a><p>U by Kotex Tampons, Click Compact, Regular Absorbency, Unscented, 45 Count</p><p> -48% 0FF </p><p>$6.97 ($0.15 / Count)</p><a href="https://www.amazon.com/dp/B083M1RG6P?tag=eloabder-20&linkCode=osi&th=1&psc=1">View Product</a></div><div class="product"><a href="https://www.amazon.com/dp/B0D5FZGY8W?tag=eloabder-20&linkCode=osi&th=1&psc=1"><img src="https://m.media-amazon.com/images/I/51gWW6a+5uL._SL500_.jpg" alt="Product Image"></a><p>O Positiv URO Vaginal Probiotics for Women pH Balance with Prebiotics & Lactobacillus Probiotic Blend - Vaginal Health Supplement - Promote Healthy Vaginal Odor & Vaginal Flora, 60 Count (Pack of 1)</p><p> -10% 0FF </p><p>$28.97 ($0.48 / Count)</p><a href="https://www.amazon.com/dp/B0D5FZGY8W?tag=eloabder-20&linkCode=osi&th=1&psc=1">View Product</a></div><div class="product"><a href="https://www.amazon.com/dp/B01M1BLRC1?tag=eloabder-20&linkCode=osi&th=1&psc=1"><img src="https://m.media-amazon.com/images/I/51CVKq4e6UL._SL500_.jpg" alt="Product Image"></a><p>Always Maxi Overnight Pads with Wings for Women, Size 5, Extra Heavy Overnight Absorbency, Unscented, 36 Count</p><p> -5% 0FF </p><p>$10.47 ($0.29 / Count)</p><a href="https://www.amazon.com/dp/B01M1BLRC1?tag=eloabder-20&linkCode=osi&th=1&psc=1">View Product</a></div>
<div class="product"><a href="https://www.amazon.com/dp/B083M24HGP?tag=eloabder-20&linkCode=osi&th=1&psc=1"><img src="https://m.media-amazon.com/images/I/51iX7-G8XnL._SL500_.jpg" alt="Product Image"></a><p>U by Kotex Tampons, Click Compact Multipack, Regular/Super Absorbency, Unscented, 45 Count</p><p> -26% 0FF </p><p>$9.97 ($0.22 / Count)</p><a href="https://www.amazon.com/dp/B083M24HGP?tag=eloabder-20&linkCode=osi&th=1&psc=1">View Product</a></div><div class="product"><a href="https://www.amazon.com/dp/B0B33LJX6N?tag=eloabder-20&linkCode=osi&th=1&psc=1"><img src="https://m.media-amazon.com/images/I/512dGlJD9nL._SL500_.jpg" alt="Product Image"></a><p>Tampax Pearl Tampons for Women Multipack, with LeakGuard Braid, Light/Regular/Super Absorbency, Unscented, 94 Count (2 Packs of 47)</p><p> -7% 0FF </p><p>$21.36 ($0.23 / Count)</p><a href="https://www.amazon.com/dp/B0B33LJX6N?tag=eloabder-20&linkCode=osi&th=1&psc=1">View Product</a></div>
<div class="product"><a href="https://www.amazon.com/dp/B01NAX7KC7?tag=eloabder-20&linkCode=osi&th=1&psc=1"><img src="https://m.media-amazon.com/images/I/51SOakjzHvL._SL500_.jpg" alt="Product Image"></a><p>Poise Overnight Incontinence & Postpartum Pads for Bladder Leaks, 8 Drop Extra Coverage, 72 Count (2 Packs of 36), Packaging May Vary</p><p> -7% 0FF </p><p>$41.99 ($0.58 / Count)</p><a href="https://www.amazon.com/dp/B01NAX7KC7?tag=eloabder-20&linkCode=osi&th=1&psc=1">View Product</a></div><div class="product"><a href="https://www.amazon.com/dp/B0BLGRQHCQ?tag=eloabder-20&linkCode=osi&th=1&psc=1"><img src="https://m.media-amazon.com/images/I/51tBxYlTu3L._SL500_.jpg" alt="Product Image"></a><p>Poise Incontinence & Postpartum Pads for Bladder Leaks, 7 Drop Ultra Absorbency, Long Length, 78 Count, Packaging May Vary</p><p> -17% 0FF </p><p>$42.96 ($0.55 / Count)</p><a href="https://www.amazon.com/dp/B0BLGRQHCQ?tag=eloabder-20&linkCode=osi&th=1&psc=1">View Product</a></div>
<div class="product"><a href="https://www.amazon.com/dp/B086JBZW48?tag=eloabder-20&linkCode=osi&th=1&psc=1"><img src="https://m.media-amazon.com/images/I/419mX5-k8XL._SL500_.jpg" alt="Product Image"></a><p>EcoBlossom Reusable Menstrual Cup Set - The Most Reliable Medical Grade Silicone Period Cups - Comfortably use for 12 Hours (Small & Large)</p><p> -20% 0FF </p><p>$15.99 ($8.00 / Count)</p><a href="https://www.amazon.com/dp/B086JBZW48?tag=eloabder-20&linkCode=osi&th=1&psc=1">View Product</a></div><div class="product"><a href="https://www.amazon.com/dp/B07QNVNDMQ?tag=eloabder-20&linkCode=osi&th=1&psc=1"><img src="https://m.media-amazon.com/images/I/41kGVRCvHnL._SL500_.jpg" alt="Product Image"></a><p>Croing Reusable Menstrual Cup Set of 4, Period Cup, 2 pcs Small and 2 pcs Large (Purple and White)</p><p> -33% 0FF </p><p>$9.99 ($2.50 / Count)</p><a href="https://www.amazon.com/dp/B07QNVNDMQ?tag=eloabder-20&linkCode=osi&th=1&psc=1">View Product</a></div><div class="product"><a href="https://www.amazon.com/dp/B08MYQJ95N?tag=eloabder-20&linkCode=osi&th=1&psc=1"><img src="https://m.media-amazon.com/images/I/41C-jls603L._SL500_.jpg" alt="Product Image"></a><p>YTYOMUR Menstrual Cup Steamer Sterilizer with 2 Reusable Menstrual Cups, Period Cups Cleaner Wash Kit</p><p> -37% 0FF </p><p>$20.24</p><a href="https://www.amazon.com/dp/B08MYQJ95N?tag=eloabder-20&linkCode=osi&th=1&psc=1">View Product</a></div><div class="product"><a href="https://www.amazon.com/dp/B081QNN9CD?tag=eloabder-20&linkCode=osi&th=1&psc=1"><img src="https://m.media-amazon.com/images/I/41vipuZyibL._SL500_.jpg" alt="Product Image"></a><p>Talisi Menstrual Cups Set of 2 with Collapsible Cleaner Silicone Sterilizer - Soft Reusable Period Kit - Tampon Pads Disc Alternative - Menstruation Feminine Cup Regular, Heavy Flow (Small & Large)</p><p> -10% 0FF </p><p>$8.99 ($2.25 / Count)</p><a href="https://www.amazon.com/dp/B081QNN9CD?tag=eloabder-20&linkCode=osi&th=1&psc=1">View Product</a></div><div class="product"><a href="https://www.amazon.com/dp/B087WK7LBS?tag=eloabder-20&linkCode=osi&th=1&psc=1"><img src="https://m.media-amazon.com/images/I/410uziY5NGL._SL500_.jpg" alt="Product Image"></a><p>Talisi Menstrual Cups - Reusable Soft Period Cups - Menstruation Feminine Hygiene Products with Silicone Collapsible Sterilizer Case - Regular & Heavy Flow - Large, Small Size Copa Menstrual Kit</p><p> -14% 0FF </p><p>$5.99 ($1.50 / Count)</p><a href="https://www.amazon.com/dp/B087WK7LBS?tag=eloabder-20&linkCode=osi&th=1&psc=1">View Product</a></div>
<div class="product"><a href="https://www.amazon.com/dp/B01ARVVTYW?tag=eloabder-20&linkCode=osi&th=1&psc=1"><img src="https://m.media-amazon.com/images/I/41sOZ7EfDGL._SL500_.jpg" alt="Product Image"></a><p>Carefree Panty Liners for Women, Regular, Wrapped, Unscented, 54ct | Pantiliners, Carefree Liners, Daily Liners for Women, Light Periods and Leaks, 8-Hour Odor Control | 54ct (Packaging May Vary)</p><p> -33% 0FF </p><p>$3.34 ($0.06 / Count)</p><a href="https://www.amazon.com/dp/B01ARVVTYW?tag=eloabder-20&linkCode=osi&th=1&psc=1">View Product</a></div><div class="product"><a href="https://www.amazon.com/dp/B00NJNJ6O6?tag=eloabder-20&linkCode=osi&th=1&psc=1"><img src="https://m.media-amazon.com/images/I/416qKSPSpOL._SL500_.jpg" alt="Product Image"></a><p>Carefree Panty Liners for Women, Regular, Unwrapped, Unscented, 120ct | Pantiliners, Carefree Liners, Daily Liners for Women, Light Periods and Leaks, 8-Hour Odor Control | 120ct (Packaging May Vary)</p><p> -37% 0FF </p><p>$5.97 ($0.05 / Count)</p><a href="https://www.amazon.com/dp/B00NJNJ6O6?tag=eloabder-20&linkCode=osi&th=1&psc=1">View Product</a></div><div class="product"><a href="https://www.amazon.com/dp/B07C99C39S?tag=eloabder-20&linkCode=osi&th=1&psc=1"><img src="https://m.media-amazon.com/images/I/410-MyDdTyL._SL500_.jpg" alt="Product Image"></a><p>U by Kotex Panty Liners, Clean & Secure, Light Absorbency, Long Length, 126 Count (Packaging May Vary)</p><p> -35% 0FF </p><p>$7.79 ($0.06 / Count)</p><a href="https://www.amazon.com/dp/B07C99C39S?tag=eloabder-20&linkCode=osi&th=1&psc=1">View Product</a></div><div class="product"><a href="https://www.amazon.com/dp/B00UASJJX6?tag=eloabder-20&linkCode=osi&th=1&psc=1"><img src="https://m.media-amazon.com/images/I/51JyBlhNEuL._SL500_.jpg" alt="Product Image"></a><p>U by Kotex Balance Wrapped Panty Liners, Regular Length, 80 Count (Packaging May Vary)</p><p> -65% 0FF </p><p>$3.50 ($0.04 / Count)</p><a href="https://www.amazon.com/dp/B00UASJJX6?tag=eloabder-20&linkCode=osi&th=1&psc=1">View Product</a></div><div class="product"><a href="https://www.amazon.com/dp/B004RSO890?tag=eloabder-20&linkCode=osi&th=1&psc=1"><img src="https://m.media-amazon.com/images/I/41wY7+hDP5L._SL500_.jpg" alt="Product Image"></a><p>Carefree Thong Regular 49 Count Unscented Liner</p><p> -28% 0FF </p><p>$3.58 ($0.07 / Count)</p><a href="https://www.amazon.com/dp/B004RSO890?tag=eloabder-20&linkCode=osi&th=1&psc=1">View Product</a></div><div class="product"><a href="https://www.amazon.com/dp/B0DR3579J9?tag=eloabder-20&linkCode=osi&th=1&psc=1"><img src="https://m.media-amazon.com/images/I/51NcGafWnNL._SL500_.jpg" alt="Product Image"></a><p>Always Daily Protect Liners, Regular Length, Unscented, 96 Count</p><p> -10% 0FF </p><p>$7.17 ($0.07 / Count)</p><a href="https://www.amazon.com/dp/B0DR3579J9?tag=eloabder-20&linkCode=osi&th=1&psc=1">View Product</a></div><div class="product"><a href="https://www.amazon.com/dp/B09VMHGQFG?tag=eloabder-20&linkCode=osi&th=1&psc=1"><img src="https://m.media-amazon.com/images/I/4141Nw-Z01L._SL500_.jpg" alt="Product Image"></a><p>Carefree Panty Liners for Women, Extra Long, Unwrapped, Unscented, 100ct | Pantiliners, Carefree, Daily for Women, Light Periods and Leaks, 8-Hour Odor Control|100ct (Packaging May Vary)</p><p> -32% 0FF </p><p>$6.78 ($0.07 / Count)</p><a href="https://www.amazon.com/dp/B09VMHGQFG?tag=eloabder-20&linkCode=osi&th=1&psc=1">View Product</a></div>
<div class="product"><a href="https://www.amazon.com/dp/B0DSLZWGDN?tag=eloabder-20&linkCode=osi&th=1&psc=1"><img src="https://m.media-amazon.com/images/I/41wmZddDUXL._SL500_.jpg" alt="Product Image"></a><p>Summer's Eve Ultimate Odor Protection Daily Feminine Wipes, Gentle pH-Balanced Formula with Boric Acid Cleanses & Removes Vaginal Odor, Resealable Pack, 32 Body Wipes</p><p> -29% 0FF </p><p>$4.98 ($0.16 / Count)</p><a href="https://www.amazon.com/dp/B0DSLZWGDN?tag=eloabder-20&linkCode=osi&th=1&psc=1">View Product</a></div><div class="product"><a href="https://www.amazon.com/dp/B0D1KXV9ZS?tag=eloabder-20&linkCode=osi&th=1&psc=1"><img src="https://m.media-amazon.com/images/I/311Liu9BWoL._SL500_.jpg" alt="Product Image"></a><p>Vagisil pH Balance Daily Freshening Wipes for Feminine Hygiene in Resealable Pouch, Gynecologist Tested & Hypoallergenic, 20 Wipes (Pack of 1)</p><p> -40% 0FF </p><p>$2.97 ($0.15 / Count)</p><a href="https://www.amazon.com/dp/B0D1KXV9ZS?tag=eloabder-20&linkCode=osi&th=1&psc=1">View Product</a></div><div class="product"><a href="https://www.amazon.com/dp/B07DVY2PDZ?tag=eloabder-20&linkCode=osi&th=1&psc=1"><img src="https://m.media-amazon.com/images/I/51m-hobgS9L._SL500_.jpg" alt="Product Image"></a><p>Charmin Flushable Wipes, 160 Total Wipes (4 Packs of 40)</p><p> -28% 0FF </p><p>$7.96 ($4.98 / 100 Sheets)</p><a href="https://www.amazon.com/dp/B07DVY2PDZ?tag=eloabder-20&linkCode=osi&th=1&psc=1">View Product</a></div>
<div class="product"><a href="https://www.amazon.com/dp/B0735Q681B?tag=eloabder-20&linkCode=osi&th=1&psc=1"><img src="https://m.media-amazon.com/images/I/41UQXD2pkLL._SL500_.jpg" alt="Product Image"></a><p>SKYN Elite – 36 Count – Ultra-Thin, Lubricated Latex-Free Condoms</p><p> -5% 0FF </p><p>$18.97 ($0.53 / Count)</p><a href="https://www.amazon.com/dp/B0735Q681B?tag=eloabder-20&linkCode=osi&th=1&psc=1">View Product</a></div><div class="product"><a href="https://www.amazon.com/dp/B004TTXA8C?tag=eloabder-20&linkCode=osi&th=1&psc=1"><img src="https://m.media-amazon.com/images/I/51gr4F37KPL._SL500_.jpg" alt="Product Image"></a><p>LifeStyles Ultra Sensitive Natural Feeling Lubricated Latex Condoms, 40 Count</p><p> -43% 0FF </p><p>$12.58 ($0.31 / Count)</p><a href="https://www.amazon.com/dp/B004TTXA8C?tag=eloabder-20&linkCode=osi&th=1&psc=1">View Product</a></div>
<div class="product"><a href="https://www.amazon.com/dp/B075SN1MY9?tag=eloabder-20&linkCode=osi&th=1&psc=1"><img src="https://m.media-amazon.com/images/I/319iqKV2u8L._SL500_.jpg" alt="Product Image"></a><p>LubeLife Water-Based Lube – Personal Lubricant for Men, Women & Couples, Travel Size, Non-Staining, Easy Clean-Up, Toy-Safe, 8 Fl Oz</p><p> -9% 0FF </p><p>$9.99 ($1.25 / Fl Oz)</p><a href="https://www.amazon.com/dp/B075SN1MY9?tag=eloabder-20&linkCode=osi&th=1&psc=1">View Product</a></div><div class="product"><a href="https://www.amazon.com/dp/B004GW9GXU?tag=eloabder-20&linkCode=osi&th=1&psc=1"><img src="https://m.media-amazon.com/images/I/41ubL2N3JBL._SL500_.jpg" alt="Product Image"></a><p>K-Y Ultragel Water Based Personal Lubricant, pH Balanced Lube, Paraben Free, Non-Sticky, Non-Staining, 4.5 fl oz</p><p> -18% 0FF </p><p>$9.79 ($2.18 / Ounce)</p><a href="https://www.amazon.com/dp/B004GW9GXU?tag=eloabder-20&linkCode=osi&th=1&psc=1">View Product</a></div><div class="product"><a href="https://www.amazon.com/dp/B000ZPN1TC?tag=eloabder-20&linkCode=osi&th=1&psc=1"><img src="https://m.media-amazon.com/images/I/41vi+SxqxdL._SL500_.jpg" alt="Product Image"></a><p>Astroglide Water Based Lube (2.5oz), Liquid Personal Lubricant for Long-Lasting Pleasure for Men, Women and Couples, Safe for Toys, Travel-Friendly Size</p><p> -25% 0FF </p><p>$5.98 ($2.39 / Fl Oz)</p><a href="https://www.amazon.com/dp/B000ZPN1TC?tag=eloabder-20&linkCode=osi&th=1&psc=1">View Product</a></div><div class="product"><a href="https://www.amazon.com/dp/B0D8R1MBBP?tag=eloabder-20&linkCode=osi&th=1&psc=1"><img src="https://m.media-amazon.com/images/I/41w1UikOx8L._SL500_.jpg" alt="Product Image"></a><p>Astroglide Water Based Lube (7oz), Ultra Gentle Gel Personal Lubricant for Vaginal and Anal Sex, Stays Put with No Drip, Sex Lube, Long-Lasting for Men, Women and Couples, Safe for Toys</p><p> -46% 0FF </p><p>$6.98 ($1.00 / Ounce)</p><a href="https://www.amazon.com/dp/B0D8R1MBBP?tag=eloabder-20&linkCode=osi&th=1&psc=1">View Product</a></div>
<div class="product"><a href="https://www.amazon.com/dp/B07BGLT25K?tag=eloabder-20&linkCode=osi&th=1&psc=1"><img src="https://m.media-amazon.com/images/I/51NpHDcaw8L._SL500_.jpg" alt="Product Image"></a><p>Scott ComfortPlus Toilet Paper, 12 Double Rolls, 231 Sheets per Roll, Septic-Safe, 1-Ply Toilet Tissue</p><p> -12% 0FF </p><p>$5.68 ($0.20 / 100 Sheets)</p><a href="https://www.amazon.com/dp/B07BGLT25K?tag=eloabder-20&linkCode=osi&th=1&psc=1">View Product</a></div><div class="product"><a href="https://www.amazon.com/dp/B0CDZJ9JJC?tag=eloabder-20&linkCode=osi&th=1&psc=1"><img src="https://m.media-amazon.com/images/I/51Er7PSBqML._SL500_.jpg" alt="Product Image"></a><p>Charmin Ultra Soft Toilet Paper 6 Mega Rolls = 24 Regular Rolls</p><p> -27% 0FF </p><p>$7.97 ($0.59 / 100 Sheets)</p><a href="https://www.amazon.com/dp/B0CDZJ9JJC?tag=eloabder-20&linkCode=osi&th=1&psc=1">View Product</a></div><div class="product"><a href="https://www.amazon.com/dp/B000VCFB0G?tag=eloabder-20&linkCode=osi&th=1&psc=1"><img src="https://m.media-amazon.com/images/I/419yTBsVOFL._SL500_.jpg" alt="Product Image"></a><p>Bounty Quilted Napkins 1-Ply 12 1/10 x 12 White 200/Pack (96595PK)</p><p> -19% 0FF </p><p>$3.48 ($0.02 / Count)</p><a href="https://www.amazon.com/dp/B000VCFB0G?tag=eloabder-20&linkCode=osi&th=1&psc=1">View Product</a></div>


<div class="product"><a href="https://www.amazon.com/dp/B0FS2XTBJW?tag=eloabder-20&linkCode=osi&th=1&psc=1"><img src="https://m.media-amazon.com/images/I/413BHekXfiL._SL500_.jpg" alt="Product Image"></a><p>ZHIXJIA Knee Massager with Heat, 3-in-1 Smart Portable, 3 Vibration Modes and 3 Heating Levels LED Vitality Joints Knee Massager, Gift for Men and Women, Black</p><p> -78% 0FF </p><p>$99.99 ($99.99 / Count)</p><a href="https://www.amazon.com/dp/B0FS2XTBJW?tag=eloabder-20&linkCode=osi&th=1&psc=1">View Product</a></div><div class="product"><a href="https://www.amazon.com/dp/B0FHQ3WV4L?tag=eloabder-20&linkCode=osi&th=1&psc=1"><img src="https://m.media-amazon.com/images/I/412JLGi0PiL._SL500_.jpg" alt="Product Image"></a><p>DUBSTAR 3-in-1 Pill Crusher Pill Grinder, Pill Crusher Fine Powder with Brush, Pill Crushers for Elderly with Pill Cutter and Storage, Pill Cutter Splitter for Small or Large Pills (Green)</p><p> -29% 0FF </p><p>$9.99 ($9.99 / Count)</p><a href="https://www.amazon.com/dp/B0FHQ3WV4L?tag=eloabder-20&linkCode=osi&th=1&psc=1">View Product</a></div><div class="product"><a href="https://www.amazon.com/dp/B0FR4SPYFK?tag=eloabder-20&linkCode=osi&th=1&psc=1"><img src="https://m.media-amazon.com/images/I/41+owzP2llL._SL500_.jpg" alt="Product Image"></a><p>DEPAD Adjustable Pill Cutters Splitter for Small and Tiny Pills with Accurate Alignment, Pill Cutters for Small or Large Pills with Sharp Safe Blade</p><p> -23% 0FF </p><p>$9.99</p><a href="https://www.amazon.com/dp/B0FR4SPYFK?tag=eloabder-20&linkCode=osi&th=1&psc=1">View Product</a></div><div class="product"><a href="https://www.amazon.com/dp/B0F9NTTCWX?tag=eloabder-20&linkCode=osi&th=1&psc=1"><img src="https://m.media-amazon.com/images/I/51rTYaWSgtL._SL500_.jpg" alt="Product Image"></a><p>AUVON Dual Channel TENS Unit Muscle Stimulator Machine with 20 Modes, 2" and 2"x4" TENS Unit Electrode Pads (Red)</p><p> -28% 0FF </p><p>$25.99</p><a href="https://www.amazon.com/dp/B0F9NTTCWX?tag=eloabder-20&linkCode=osi&th=1&psc=1">View Product</a></div><div class="product"><a href="https://www.amazon.com/dp/B0D63FTHH4?tag=eloabder-20&linkCode=osi&th=1&psc=1"><img src="https://m.media-amazon.com/images/I/41Gu1013yRL._SL500_.jpg" alt="Product Image"></a><p>Yicotira 4 Pack Reusable Microfiber Mop Pads Compatible with Swiffer Sweeper - Dry Sweeping Cloths & Wet Pad Refills for Wet & Dry, Washable Pads Refills for Household Cleaning (Mop is not Included)</p><p> -34% 0FF </p><p>$8.54 ($2.14 / Count)</p><a href="https://www.amazon.com/dp/B0D63FTHH4?tag=eloabder-20&linkCode=osi&th=1&psc=1">View Product</a></div>
<div class="product"><a href="https://www.amazon.com/dp/B000ZLVUYO?tag=eloabder-20&linkCode=osi&th=1&psc=1"><img src="https://m.media-amazon.com/images/I/41CNAwwnEqL._SL500_.jpg" alt="Product Image"></a><p>It's A 10 Miracle Hair Mask, 8-Ounce</p><p> -16% 0FF </p><p>$25.99 ($3.25 / Fl Oz)</p><a href="https://www.amazon.com/dp/B000ZLVUYO?tag=eloabder-20&linkCode=osi&th=1&psc=1">View Product</a></div><div class="product"><a href="https://www.amazon.com/dp/B07VCGRBGT?tag=eloabder-20&linkCode=osi&th=1&psc=1"><img src="https://m.media-amazon.com/images/I/51QprRDhFoL._SL500_.jpg" alt="Product Image"></a><p>Palmer's Coconut Oil Formula Moisture Boost Protein Pack, Hair Treatment for Dry, Damaged, Over-Processed and Colored Hair, 2.1 Ounce (Pack of 12)</p><p> -67% 0FF </p><p>$11.09 ($0.92 / Ounce)</p><a href="https://www.amazon.com/dp/B07VCGRBGT?tag=eloabder-20&linkCode=osi&th=1&psc=1">View Product</a></div>
<div class="product"><a href="https://www.amazon.com/dp/B01A74442I?tag=eloabder-20&linkCode=osi&th=1&psc=1"><img src="https://m.media-amazon.com/images/I/51crUDqQzIL._SL500_.jpg" alt="Product Image"></a><p>Cliganic Organic Jojoba Oil, 100% Pure (4oz) | Moisturizing for Face, Hair, Skin & Nails | Natural Cold Pressed Hexane Free | Base Carrier Oil</p><p> -27% 0FF </p><p>$9.48 ($2.37 / Fl Oz)</p><a href="https://www.amazon.com/dp/B01A74442I?tag=eloabder-20&linkCode=osi&th=1&psc=1">View Product</a></div><div class="product"><a href="https://www.amazon.com/dp/B09PR9R9SL?tag=eloabder-20&linkCode=osi&th=1&psc=1"><img src="https://m.media-amazon.com/images/I/51EyKsoMSlL._SL500_.jpg" alt="Product Image"></a><p>KUKKA Rosemary Essential Oils - 4 Fl Oz - for Hair, Skin, Diffuser, Aromatherapy & DIY Soap Making Scent</p><p> -33% 0FF </p><p>$12.99 ($3.25 / Fl Oz)</p><a href="https://www.amazon.com/dp/B09PR9R9SL?tag=eloabder-20&linkCode=osi&th=1&psc=1">View Product</a></div><div class="product"><a href="https://www.amazon.com/dp/B004Z209HS?tag=eloabder-20&linkCode=osi&th=1&psc=1"><img src="https://m.media-amazon.com/images/I/41h5nZqdm+L._SL500_.jpg" alt="Product Image"></a><p>PURA D'OR 4 Oz ORGANIC Moroccan Argan Oil - USDA Certified 100% Pure & Cold Pressed Virgin Premium Grade Natural Moisturizer Treatment For Dry, Damaged Skin, Hair, Face, Body & Scalp - Men & Women</p><p> -12% 0FF </p><p>$14.99 ($3.75 / Fl Oz)</p><a href="https://www.amazon.com/dp/B004Z209HS?tag=eloabder-20&linkCode=osi&th=1&psc=1">View Product</a></div>
<div class="product"><a href="https://www.amazon.com/dp/B004YVDIAU?tag=eloabder-20&linkCode=osi&th=1&psc=1"><img src="https://m.media-amazon.com/images/I/313PkUEQj5L._SL500_.jpg" alt="Product Image"></a><p>Garnier Fructis Style Curl Sculpt Conditioning Cream Gel for Bounce & Moisture, 5.1 Fl Oz, 1 Count (Packaging May Vary)</p><p> -21% 0FF </p><p>$4.73 ($0.93 / Ounce)</p><a href="https://www.amazon.com/dp/B004YVDIAU?tag=eloabder-20&linkCode=osi&th=1&psc=1">View Product</a></div><div class="product"><a href="https://www.amazon.com/dp/B0002Z90RM?tag=eloabder-20&linkCode=osi&th=1&psc=1"><img src="https://m.media-amazon.com/images/I/31xKcrbq12L._SL500_.jpg" alt="Product Image"></a><p>RUSK Designer Collection Thick Body and Texture Amplifier Spray, 6 Oz, For Fine, Limp, Flat or Lazy Hair Types - Contains Wheat Protein, Adds Strength, Texture, Volume & Moisture</p><p> -5% 0FF </p><p>$17.50 ($2.92 / Fl Oz)</p><a href="https://www.amazon.com/dp/B0002Z90RM?tag=eloabder-20&linkCode=osi&th=1&psc=1">View Product</a></div><div class="product"><a href="https://www.amazon.com/dp/B0013NE2Y8?tag=eloabder-20&linkCode=osi&th=1&psc=1"><img src="https://m.media-amazon.com/images/I/31A8kEJJlIL._SL500_.jpg" alt="Product Image"></a><p>John Frieda Frizz Ease Original Hair Serum, Protecting Against Frizz, Heat, and Humidity While Adding Shine, Smooths Strands and Hydrates Parched Hair with Argan, Coconut, and Moringa Oil, 1.69 Oz</p><p> -33% 0FF </p><p>$8.01 ($4.74 / Fl Oz)</p><a href="https://www.amazon.com/dp/B0013NE2Y8?tag=eloabder-20&linkCode=osi&th=1&psc=1">View Product</a></div>
<div class="product"><a href="https://www.amazon.com/dp/B004BYSR6K?tag=eloabder-20&linkCode=osi&th=1&psc=1"><img src="https://m.media-amazon.com/images/I/41RMAGucP7L._SL500_.jpg" alt="Product Image"></a><p>L'Oreal Paris Excellence Crème Permanent Hair Dye, Triple Care Hair Color with Pro-Keratine Complex for 100% Gray Hair Coverage, 5 Medium Brown, 1 Kit</p><p> -23% 0FF </p><p>$9.98</p><a href="https://www.amazon.com/dp/B004BYSR6K?tag=eloabder-20&linkCode=osi&th=1&psc=1">View Product</a></div><div class="product"><a href="https://www.amazon.com/dp/B00006JN4P?tag=eloabder-20&linkCode=osi&th=1&psc=1"><img src="https://m.media-amazon.com/images/I/51mGD8V4I7L._SL500_.jpg" alt="Product Image"></a><p>L'Oreal Paris Superior Preference Fade-Defying + Shine Permanent Hair Color, 8 Medium Blonde, Pack of 1, Hair Dye</p><p> -36% 0FF </p><p>$8.97</p><a href="https://www.amazon.com/dp/B00006JN4P?tag=eloabder-20&linkCode=osi&th=1&psc=1">View Product</a></div><div class="product"><a href="https://www.amazon.com/dp/B000KOU7FE?tag=eloabder-20&linkCode=osi&th=1&psc=1"><img src="https://m.media-amazon.com/images/I/51BV0dgoMnL._SL500_.jpg" alt="Product Image"></a><p>L'Oreal Paris Feria Multi-Faceted Shimmering Permanent Hair Color, B61 Downtown Brown (Hi-Lift Cool Brown), Pack of 1, Hair Dye</p><p> -7% 0FF </p><p>$12.97</p><a href="https://www.amazon.com/dp/B000KOU7FE?tag=eloabder-20&linkCode=osi&th=1&psc=1">View Product</a></div><div class="product"><a href="https://www.amazon.com/dp/B003AYEGGW?tag=eloabder-20&linkCode=osi&th=1&psc=1"><img src="https://m.media-amazon.com/images/I/41usJCtVqUL._SL500_.jpg" alt="Product Image"></a><p>Clairol Root Touch-Up by Nice'n Easy Permanent Hair Dye, 2 Black Hair Color, Pack of 2</p><p> -6% 0FF </p><p>$15.96 ($7.25 / Fl Oz)</p><a href="https://www.amazon.com/dp/B003AYEGGW?tag=eloabder-20&linkCode=osi&th=1&psc=1">View Product</a></div><div class="product"><a href="https://www.amazon.com/dp/B000NSW0EI?tag=eloabder-20&linkCode=osi&th=1&psc=1"><img src="https://m.media-amazon.com/images/I/51ZOUeoIXAS._SL500_.jpg" alt="Product Image"></a><p>Just For Men Shampoo In Color, Hair Color for Men with Keratin and Vitamin E for Stronger Hair, Restores Natural Hair Color, Medium Brown, H-35, Pack of 3</p><p> -10% 0FF </p><p>$26.88</p><a href="https://www.amazon.com/dp/B000NSW0EI?tag=eloabder-20&linkCode=osi&th=1&psc=1">View Product</a></div><div class="product"><a href="https://www.amazon.com/dp/B004DKB08E?tag=eloabder-20&linkCode=osi&th=1&psc=1"><img src="https://m.media-amazon.com/images/I/41dA53oe85L._SL500_.jpg" alt="Product Image"></a><p>John Frieda Precision Foam Colour, Medium Natural Brown 5N, Full-coverage Hair Color Kit, Anti-Fade Gray Coverage, Deep Color Saturation Hair Dye, 1 Application</p><p> -8% 0FF </p><p>$11.92</p><a href="https://www.amazon.com/dp/B004DKB08E?tag=eloabder-20&linkCode=osi&th=1&psc=1">View Product</a></div><div class="product"><a href="https://www.amazon.com/dp/B000KOHSQA?tag=eloabder-20&linkCode=osi&th=1&psc=1"><img src="https://m.media-amazon.com/images/I/51voB2QwdLL._SL500_.jpg" alt="Product Image"></a><p>L'Oreal Paris Couleur Experte 2-Step Home Hair Color and Highlights Kit, French Éclair</p><p> -18% 0FF </p><p>$13.97</p><a href="https://www.amazon.com/dp/B000KOHSQA?tag=eloabder-20&linkCode=osi&th=1&psc=1">View Product</a></div>
<div class="product"><a href="https://www.amazon.com/dp/B005CSYTCU?tag=eloabder-20&linkCode=osi&th=1&psc=1"><img src="https://m.media-amazon.com/images/I/41og7wvl2GL._SL500_.jpg" alt="Product Image"></a><p>Goody Ouchless Polyband Hair Ties - 250 Ct, Clear, Latex Hair Bands for Women's Hair, Easy Glide, Ultra-Strong Hold Hair Accessories for Women & Men, Secure Hold Ridge Design, All Hair Types</p><p> -19% 0FF </p><p>$3.19 ($0.01 / Count)</p><a href="https://www.amazon.com/dp/B005CSYTCU?tag=eloabder-20&linkCode=osi&th=1&psc=1">View Product</a></div><div class="product"><a href="https://www.amazon.com/dp/B00CGN9LQ8?tag=eloabder-20&linkCode=osi&th=1&psc=1"><img src="https://m.media-amazon.com/images/I/41LhEO75hIL._SL500_.jpg" alt="Product Image"></a><p>Crave Naturals Glide Thru Hair Brush - Detangler Brush for Curly, Straight, Wet or Dry Hair - Gentle Detangling Brushes for Adults, Kids, Toddlers - Hair Accessories for Women, 7.5x3 - Pink</p><p> -47% 0FF </p><p>$8.49</p><a href="https://www.amazon.com/dp/B00CGN9LQ8?tag=eloabder-20&linkCode=osi&th=1&psc=1">View Product</a></div><div class="product"><a href="https://www.amazon.com/dp/B00DLWO7D0?tag=eloabder-20&linkCode=osi&th=1&psc=1"><img src="https://m.media-amazon.com/images/I/31ISZI2zfzL._SL500_.jpg" alt="Product Image"></a><p>Goody Smooth and Sleek Wood Styling Brush with Natural Boar Bristles, Flyaway Free Finish, For All Hair Types, Brown, 1CT</p><p> -20% 0FF </p><p>$4.62</p><a href="https://www.amazon.com/dp/B00DLWO7D0?tag=eloabder-20&linkCode=osi&th=1&psc=1">View Product</a></div>
<div class="product"><a href="https://www.amazon.com/dp/B00HFQQ0VU?tag=eloabder-20&linkCode=osi&th=1&psc=1"><img src="https://m.media-amazon.com/images/I/41J4CJ+ERsL._SL500_.jpg" alt="Product Image"></a><p>Waterpik Aquarius Water Flosser For Teeth Cleaning, Gums, Braces, Dental Care, Electric Power With 10 Settings, 7 Tips For Multiple Users And Needs, ADA Accepted, White WP-660, Packaging May Vary</p><p> -20% 0FF </p><p>$79.99</p><a href="https://www.amazon.com/dp/B00HFQQ0VU?tag=eloabder-20&linkCode=osi&th=1&psc=1">View Product</a></div><div class="product"><a href="https://www.amazon.com/dp/B000QXH4PK?tag=eloabder-20&linkCode=osi&th=1&psc=1"><img src="https://m.media-amazon.com/images/I/41BYUSQaRKL._SL500_.jpg" alt="Product Image"></a><p>Listerine PocketPaks Cool Mint Breath Strips, Portable Pocket-Sized Oral Care Mouth Freshener, Dissolving Strips Kill 99% of Bad Breath Germs, Sugar Free, 3 x 24-Strip Packs</p><p> -18% 0FF </p><p>$5.72 ($0.08 / Count)</p><a href="https://www.amazon.com/dp/B000QXH4PK?tag=eloabder-20&linkCode=osi&th=1&psc=1">View Product</a></div><div class="product"><a href="https://www.amazon.com/dp/B07LGSYTLM?tag=eloabder-20&linkCode=osi&th=1&psc=1"><img src="https://m.media-amazon.com/images/I/31YRxbr1qCL._SL500_.jpg" alt="Product Image"></a><p>DenTek Professional Oral Care Kit, Complete Set of Dental Tools Including Mirror, Dental Pick, Scaler & Stimulator</p><p> -9% 0FF </p><p>$6.39</p><a href="https://www.amazon.com/dp/B07LGSYTLM?tag=eloabder-20&linkCode=osi&th=1&psc=1">View Product</a></div><div class="product"><a href="https://www.amazon.com/dp/B01LAY47D0?tag=eloabder-20&linkCode=osi&th=1&psc=1"><img src="https://m.media-amazon.com/images/I/41y93UxXRvL._SL500_.jpg" alt="Product Image"></a><p>MasterMedi Tongue Scraper for Adults with Multicolor Travel Cases (2 Pack), 100% Stainless Steel, Reduce Bad Breath, Tongue Scrubber, Easy to Use, Tongue Cleaner for Oral Care & Hygiene</p><p> -34% 0FF </p><p>$9.95 ($4.98 / Count)</p><a href="https://www.amazon.com/dp/B01LAY47D0?tag=eloabder-20&linkCode=osi&th=1&psc=1">View Product</a></div>
<div class="product"><a href="https://www.amazon.com/dp/B09F8FZ18G?tag=eloabder-20&linkCode=osi&th=1&psc=1"><img src="https://m.media-amazon.com/images/I/51WkgqQXqCL._SL500_.jpg" alt="Product Image"></a><p>Crest 3D White Advanced Luminous Mint Teeth Whitening Toothpaste, Crest Toothpaste, 3.7 oz Pack of 4 - Helps Remove Surface Stains, Whitens Teeth, Strengthens Tooth Enamel, Protects Against Cavities</p><p> -20% 0FF </p><p>$11.99 ($0.81 / Ounce)</p><a href="https://www.amazon.com/dp/B09F8FZ18G?tag=eloabder-20&linkCode=osi&th=1&psc=1">View Product</a></div><div class="product"><a href="https://www.amazon.com/dp/B083JHCCV2?tag=eloabder-20&linkCode=osi&th=1&psc=1"><img src="https://m.media-amazon.com/images/I/31ppsn+WAqL._SL500_.jpg" alt="Product Image"></a><p>Boka Fluoride Free Toothpaste, Nano Hydroxyapatite Toothpaste, Appropriate for Sensitive Teeth - for Adult, Kids Oral Care - Ela Mint Flavor, 4 Fl Oz 1Pk US Manufactured</p><p> -10% 0FF </p><p>$11.75 ($2.94 / Ounce)</p><a href="https://www.amazon.com/dp/B083JHCCV2?tag=eloabder-20&linkCode=osi&th=1&psc=1">View Product</a></div><div class="product"><a href="https://www.amazon.com/dp/B0BLWLL3FV?tag=eloabder-20&linkCode=osi&th=1&psc=1"><img src="https://m.media-amazon.com/images/I/519IfsN7qIL._SL500_.jpg" alt="Product Image"></a><p>Colgate Total Whitening Toothpaste Paste, 5.1 oz, 4 Pack, Fluoride, Antibacterial, for Plaque, Gingivitis, Sensitivity, Stain Removal, Clinically Proven, Mint, Teeth Whitening, Stannous Fluoride</p><p> -10% 0FF </p><p>$14.38 ($0.70 / Fl Oz)</p><a href="https://www.amazon.com/dp/B0BLWLL3FV?tag=eloabder-20&linkCode=osi&th=1&psc=1">View Product</a></div>
<div class="product"><a href="https://www.amazon.com/dp/B00CC6XSRC?tag=eloabder-20&linkCode=osi&th=1&psc=1"><img src="https://m.media-amazon.com/images/I/41OKKVbMN-L._SL500_.jpg" alt="Product Image"></a><p>Colgate Extra Clean Toothbrush, Medium Toothbrush for Adults, 6 Pack</p><p> -10% 0FF </p><p>$4.96 ($0.83 / Count)</p><a href="https://www.amazon.com/dp/B00CC6XSRC?tag=eloabder-20&linkCode=osi&th=1&psc=1">View Product</a></div><div class="product"><a href="https://www.amazon.com/dp/B06XK2M3H3?tag=eloabder-20&linkCode=osi&th=1&psc=1"><img src="https://m.media-amazon.com/images/I/41tntn0c7BL._SL500_.jpg" alt="Product Image"></a><p>Oral-B 3D White Stain Eraser, 4 count SOFT manual tootbrush pack, Removes Stains, Whitens Teeth, Tongue and Cheek Cleaner</p><p> -12% 0FF </p><p>$7.92 ($1.98 / Count)</p><a href="https://www.amazon.com/dp/B06XK2M3H3?tag=eloabder-20&linkCode=osi&th=1&psc=1">View Product</a></div><div class="product"><a href="https://www.amazon.com/dp/B00H88K9EE?tag=eloabder-20&linkCode=osi&th=1&psc=1"><img src="https://m.media-amazon.com/images/I/51ah-EIUbsL._SL500_.jpg" alt="Product Image"></a><p>Colgate 360 Whole Mouth Toothbrush, Adult Toothbrushes Medium Bristles, Helps Remove Bad Breath Bacteria and Plaque, Medium Toothbrush Pack, Includes Cheek and Tongue Cleaner, 4 Pack</p><p> -18% 0FF </p><p>$8.19 ($2.05 / Count)</p><a href="https://www.amazon.com/dp/B00H88K9EE?tag=eloabder-20&linkCode=osi&th=1&psc=1">View Product</a></div><div class="product"><a href="https://www.amazon.com/dp/B003CP12QG?tag=eloabder-20&linkCode=osi&th=1&psc=1"><img src="https://m.media-amazon.com/images/I/41LPe-bdnPL._SL500_.jpg" alt="Product Image"></a><p>Oral-B Pulsar Pro-Health Expert Clean, Battery electric toothbrush, 2 count MEDIUM toothbrush pack, removes plaque, travel essentials tooth brush</p><p> -22% 0FF </p><p>$10.97 ($5.48 / Count)</p><a href="https://www.amazon.com/dp/B003CP12QG?tag=eloabder-20&linkCode=osi&th=1&psc=1">View Product</a></div>
<div class="product"><a href="https://www.amazon.com/dp/B0C881GLNM?tag=eloabder-20&linkCode=osi&th=1&psc=1"><img src="https://m.media-amazon.com/images/I/51C2ohy2RWL._SL500_.jpg" alt="Product Image"></a><p>Crest Pro-Health Advanced Mouthwash, Alcohol Free, Multi-Protection, Fresh Mint, 1 L (33.8 fl oz), Pack of 2, Blue</p><p> -9% 0FF </p><p>$10.97 ($0.16 / Fl Oz)</p><a href="https://www.amazon.com/dp/B0C881GLNM?tag=eloabder-20&linkCode=osi&th=1&psc=1">View Product</a></div><div class="product"><a href="https://www.amazon.com/dp/B005IHSPLQ?tag=eloabder-20&linkCode=osi&th=1&psc=1"><img src="https://m.media-amazon.com/images/I/31U2umAytxL._SL500_.jpg" alt="Product Image"></a><p>Listerine Alcohol-Free Mouthwash, Non Alcoholic Mint Oral Rinse Kills 99.9% of Germs That Cause Bad Breath for a Fresh Breath & Clean Mouth, Less Intense Taste, Cool Mint Flavor, 1 L</p><p> -25% 0FF </p><p>$6.99 ($0.21 / Fl Oz)</p><a href="https://www.amazon.com/dp/B005IHSPLQ?tag=eloabder-20&linkCode=osi&th=1&psc=1">View Product</a></div><div class="product"><a href="https://www.amazon.com/dp/B0126XBQK6?tag=eloabder-20&linkCode=osi&th=1&psc=1"><img src="https://m.media-amazon.com/images/I/51dT1Mhf3zL._SL500_.jpg" alt="Product Image"></a><p>Crest Pro-Health Advanced Mouthwash, Alcohol Free, Extra Whitening, Energizing Mint Flavor, 946 mL (32 fl oz)</p><p> -20% 0FF </p><p>$7.17 ($0.22 / Fl Oz)</p><a href="https://www.amazon.com/dp/B0126XBQK6?tag=eloabder-20&linkCode=osi&th=1&psc=1">View Product</a></div><div class="product"><a href="https://www.amazon.com/dp/B00495Q5OW?tag=eloabder-20&linkCode=osi&th=1&psc=1"><img src="https://m.media-amazon.com/images/I/41U0hz++OHL._SL500_.jpg" alt="Product Image"></a><p>Listerine Total Care Anticavity Fluoride Mouthwash, 6 Benefits in 1 Oral Rinse Helps Kill 99% of Bad Breath Germs, Prevents Cavities, Strengthens Teeth, ADA-Accepted, Fresh Mint, 1 L</p><p> -26% 0FF </p><p>$8.79 ($0.27 / fluid ounce(s))</p><a href="https://www.amazon.com/dp/B00495Q5OW?tag=eloabder-20&linkCode=osi&th=1&psc=1">View Product</a></div>
<div class="product"><a href="https://www.amazon.com/dp/B013OKRGWW?tag=eloabder-20&linkCode=osi&th=1&psc=1"><img src="https://m.media-amazon.com/images/I/31s8V2M+RVL._SL500_.jpg" alt="Product Image"></a><p>REACH Waxed Dental Floss, Mint, Plaque Remover for Teeth, Shred Resistant, Floss Slides Smoothly, Easy to Use, Waxed, Deep Cleaning Teeth, Oral Care, PFAS Free, for Adults & Kids, 1 Pack, 55 yd</p><p> -13% 0FF </p><p>$1.29 ($0.01 / Foot)</p><a href="https://www.amazon.com/dp/B013OKRGWW?tag=eloabder-20&linkCode=osi&th=1&psc=1">View Product</a></div><div class="product"><a href="https://www.amazon.com/dp/B014KZLWX4?tag=eloabder-20&linkCode=osi&th=1&psc=1"><img src="https://m.media-amazon.com/images/I/41GyDUKvKAL._SL500_.jpg" alt="Product Image"></a><p>REACH Waxed Dental Floss, Mint, Plaque Remover for Teeth, Shred Resistant, Floss Slides Smoothly, Easy to Use, Waxed, Deep Cleaning Teeth, Oral Care, PFAS Free, for Adults & Kids, 6 Pack, 55 yd</p><p> -13% 0FF </p><p>$10.74 ($0.01 / Foot)</p><a href="https://www.amazon.com/dp/B014KZLWX4?tag=eloabder-20&linkCode=osi&th=1&psc=1">View Product</a></div><div class="product"><a href="https://www.amazon.com/dp/B00UB7BO16?tag=eloabder-20&linkCode=osi&th=1&psc=1"><img src="https://m.media-amazon.com/images/I/41aZF2HKXrL._SL500_.jpg" alt="Product Image"></a><p>Oral-B Glide Complete Floss Picks, Dental Floss Picks, Scope Outlast, 75-ct, Toothpicks Floss Picks</p><p> -20% 0FF </p><p>$3.96 ($0.05 / Count)</p><a href="https://www.amazon.com/dp/B00UB7BO16?tag=eloabder-20&linkCode=osi&th=1&psc=1">View Product</a></div><div class="product"><a href="https://www.amazon.com/dp/B003K01BMI?tag=eloabder-20&linkCode=osi&th=1&psc=1"><img src="https://m.media-amazon.com/images/I/41r6iQVxOzL._SL500_.jpg" alt="Product Image"></a><p>DenTek Triple Clean Advanced Clean Floss Picks, No Break & No Shred Floss, 150 Count, (Packaging May Vary)</p><p> -31% 0FF </p><p>$4.15 ($0.03 / Count)</p><a href="https://www.amazon.com/dp/B003K01BMI?tag=eloabder-20&linkCode=osi&th=1&psc=1">View Product</a></div><div class="product"><a href="https://www.amazon.com/dp/B07WFX1WD2?tag=eloabder-20&linkCode=osi&th=1&psc=1"><img src="https://m.media-amazon.com/images/I/51lqCql47sL._SL500_.jpg" alt="Product Image"></a><p>Oral-B Glide Dental Floss, Scope Flavor, 40m (Pack of 6)</p><p> -20% 0FF </p><p>$15.96 ($0.02 / Foot)</p><a href="https://www.amazon.com/dp/B07WFX1WD2?tag=eloabder-20&linkCode=osi&th=1&psc=1">View Product</a></div>
<div class="product"><a href="https://www.amazon.com/dp/B0BVT76MFH?tag=eloabder-20&linkCode=osi&th=1&psc=1"><img src="https://m.media-amazon.com/images/I/419kJTfLfGL._SL500_.jpg" alt="Product Image"></a><p>Crest 3D Whitestrips Sensitive At-Home Teeth Whitening Kit, 18 Treatments, Gently Removes 15 Years of Stains, Crest Whitestrips, Teeth Whitening Kit</p><p> -44% 0FF </p><p>$27.85 ($1.55 / Count)</p><a href="https://www.amazon.com/dp/B0BVT76MFH?tag=eloabder-20&linkCode=osi&th=1&psc=1">View Product</a></div>
<div class="product"><a href="https://www.amazon.com/dp/B0CK1791MR?tag=eloabder-20&linkCode=osi&th=1&psc=1"><img src="https://m.media-amazon.com/images/I/31CZvJQAbDL._SL500_.jpg" alt="Product Image"></a><p>Her Fantasy Box | Refresh pH Balancing Shower Gel - Natural Feminine Hygiene Solution for Gentle Cleansing, Odor Control, and Skin Nourishment - pH-Balanced Formula for All Skin Types (8 oz)</p><p> -6% 0FF </p><p>$14.99 ($1.87 / Fl Oz)</p><a href="https://www.amazon.com/dp/B0CK1791MR?tag=eloabder-20&linkCode=osi&th=1&psc=1">View Product</a></div><div class="product"><a href="https://www.amazon.com/dp/B08L4Q75QP?tag=eloabder-20&linkCode=osi&th=1&psc=1"><img src="https://m.media-amazon.com/images/I/51OkbLfz-2L._SL500_.jpg" alt="Product Image"></a><p>Playtex Sport Tampons Multipack (24ct Regular/24ct Super), Fragrance-Free - 48ct | Tampons Regular and Super, Playtex Tampon Multipack, Feminine Care with 360 Leak Defense</p><p> -29% 0FF </p><p>$9.97 ($0.21 / Count)</p><a href="https://www.amazon.com/dp/B08L4Q75QP?tag=eloabder-20&linkCode=osi&th=1&psc=1">View Product</a></div><div class="product"><a href="https://www.amazon.com/dp/B083M1RG6P?tag=eloabder-20&linkCode=osi&th=1&psc=1"><img src="https://m.media-amazon.com/images/I/51AHoXPV3gL._SL500_.jpg" alt="Product Image"></a><p>U by Kotex Tampons, Click Compact, Regular Absorbency, Unscented, 45 Count</p><p> -48% 0FF </p><p>$6.97 ($0.15 / Count)</p><a href="https://www.amazon.com/dp/B083M1RG6P?tag=eloabder-20&linkCode=osi&th=1&psc=1">View Product</a></div><div class="product"><a href="https://www.amazon.com/dp/B0D5FZGY8W?tag=eloabder-20&linkCode=osi&th=1&psc=1"><img src="https://m.media-amazon.com/images/I/51gWW6a+5uL._SL500_.jpg" alt="Product Image"></a><p>O Positiv URO Vaginal Probiotics for Women pH Balance with Prebiotics & Lactobacillus Probiotic Blend - Vaginal Health Supplement - Promote Healthy Vaginal Odor & Vaginal Flora, 60 Count (Pack of 1)</p><p> -10% 0FF </p><p>$28.97 ($0.48 / Count)</p><a href="https://www.amazon.com/dp/B0D5FZGY8W?tag=eloabder-20&linkCode=osi&th=1&psc=1">View Product</a></div><div class="product"><a href="https://www.amazon.com/dp/B01M1BLRC1?tag=eloabder-20&linkCode=osi&th=1&psc=1"><img src="https://m.media-amazon.com/images/I/51CVKq4e6UL._SL500_.jpg" alt="Product Image"></a><p>Always Maxi Overnight Pads with Wings for Women, Size 5, Extra Heavy Overnight Absorbency, Unscented, 36 Count</p><p> -5% 0FF </p><p>$10.47 ($0.29 / Count)</p><a href="https://www.amazon.com/dp/B01M1BLRC1?tag=eloabder-20&linkCode=osi&th=1&psc=1">View Product</a></div>
<div class="product"><a href="https://www.amazon.com/dp/B083M24HGP?tag=eloabder-20&linkCode=osi&th=1&psc=1"><img src="https://m.media-amazon.com/images/I/51iX7-G8XnL._SL500_.jpg" alt="Product Image"></a><p>U by Kotex Tampons, Click Compact Multipack, Regular/Super Absorbency, Unscented, 45 Count</p><p> -26% 0FF </p><p>$9.97 ($0.22 / Count)</p><a href="https://www.amazon.com/dp/B083M24HGP?tag=eloabder-20&linkCode=osi&th=1&psc=1">View Product</a></div><div class="product"><a href="https://www.amazon.com/dp/B0B33LJX6N?tag=eloabder-20&linkCode=osi&th=1&psc=1"><img src="https://m.media-amazon.com/images/I/512dGlJD9nL._SL500_.jpg" alt="Product Image"></a><p>Tampax Pearl Tampons for Women Multipack, with LeakGuard Braid, Light/Regular/Super Absorbency, Unscented, 94 Count (2 Packs of 47)</p><p> -7% 0FF </p><p>$21.36 ($0.23 / Count)</p><a href="https://www.amazon.com/dp/B0B33LJX6N?tag=eloabder-20&linkCode=osi&th=1&psc=1">View Product</a></div>
<div class="product"><a href="https://www.amazon.com/dp/B01NAX7KC7?tag=eloabder-20&linkCode=osi&th=1&psc=1"><img src="https://m.media-amazon.com/images/I/51SOakjzHvL._SL500_.jpg" alt="Product Image"></a><p>Poise Overnight Incontinence & Postpartum Pads for Bladder Leaks, 8 Drop Extra Coverage, 72 Count (2 Packs of 36), Packaging May Vary</p><p> -7% 0FF </p><p>$41.99 ($0.58 / Count)</p><a href="https://www.amazon.com/dp/B01NAX7KC7?tag=eloabder-20&linkCode=osi&th=1&psc=1">View Product</a></div><div class="product"><a href="https://www.amazon.com/dp/B0BLGRQHCQ?tag=eloabder-20&linkCode=osi&th=1&psc=1"><img src="https://m.media-amazon.com/images/I/51tBxYlTu3L._SL500_.jpg" alt="Product Image"></a><p>Poise Incontinence & Postpartum Pads for Bladder Leaks, 7 Drop Ultra Absorbency, Long Length, 78 Count, Packaging May Vary</p><p> -17% 0FF </p><p>$42.96 ($0.55 / Count)</p><a href="https://www.amazon.com/dp/B0BLGRQHCQ?tag=eloabder-20&linkCode=osi&th=1&psc=1">View Product</a></div>
<div class="product"><a href="https://www.amazon.com/dp/B086JBZW48?tag=eloabder-20&linkCode=osi&th=1&psc=1"><img src="https://m.media-amazon.com/images/I/419mX5-k8XL._SL500_.jpg" alt="Product Image"></a><p>EcoBlossom Reusable Menstrual Cup Set - The Most Reliable Medical Grade Silicone Period Cups - Comfortably use for 12 Hours (Small & Large)</p><p> -20% 0FF </p><p>$15.99 ($8.00 / Count)</p><a href="https://www.amazon.com/dp/B086JBZW48?tag=eloabder-20&linkCode=osi&th=1&psc=1">View Product</a></div><div class="product"><a href="https://www.amazon.com/dp/B07QNVNDMQ?tag=eloabder-20&linkCode=osi&th=1&psc=1"><img src="https://m.media-amazon.com/images/I/41kGVRCvHnL._SL500_.jpg" alt="Product Image"></a><p>Croing Reusable Menstrual Cup Set of 4, Period Cup, 2 pcs Small and 2 pcs Large (Purple and White)</p><p> -33% 0FF </p><p>$9.99 ($2.50 / Count)</p><a href="https://www.amazon.com/dp/B07QNVNDMQ?tag=eloabder-20&linkCode=osi&th=1&psc=1">View Product</a></div><div class="product"><a href="https://www.amazon.com/dp/B08MYQJ95N?tag=eloabder-20&linkCode=osi&th=1&psc=1"><img src="https://m.media-amazon.com/images/I/41C-jls603L._SL500_.jpg" alt="Product Image"></a><p>YTYOMUR Menstrual Cup Steamer Sterilizer with 2 Reusable Menstrual Cups, Period Cups Cleaner Wash Kit</p><p> -37% 0FF </p><p>$20.24</p><a href="https://www.amazon.com/dp/B08MYQJ95N?tag=eloabder-20&linkCode=osi&th=1&psc=1">View Product</a></div><div class="product"><a href="https://www.amazon.com/dp/B081QNN9CD?tag=eloabder-20&linkCode=osi&th=1&psc=1"><img src="https://m.media-amazon.com/images/I/41vipuZyibL._SL500_.jpg" alt="Product Image"></a><p>Talisi Menstrual Cups Set of 2 with Collapsible Cleaner Silicone Sterilizer - Soft Reusable Period Kit - Tampon Pads Disc Alternative - Menstruation Feminine Cup Regular, Heavy Flow (Small & Large)</p><p> -10% 0FF </p><p>$8.99 ($2.25 / Count)</p><a href="https://www.amazon.com/dp/B081QNN9CD?tag=eloabder-20&linkCode=osi&th=1&psc=1">View Product</a></div><div class="product"><a href="https://www.amazon.com/dp/B087WK7LBS?tag=eloabder-20&linkCode=osi&th=1&psc=1"><img src="https://m.media-amazon.com/images/I/410uziY5NGL._SL500_.jpg" alt="Product Image"></a><p>Talisi Menstrual Cups - Reusable Soft Period Cups - Menstruation Feminine Hygiene Products with Silicone Collapsible Sterilizer Case - Regular & Heavy Flow - Large, Small Size Copa Menstrual Kit</p><p> -14% 0FF </p><p>$5.99 ($1.50 / Count)</p><a href="https://www.amazon.com/dp/B087WK7LBS?tag=eloabder-20&linkCode=osi&th=1&psc=1">View Product</a></div>
<div class="product"><a href="https://www.amazon.com/dp/B01ARVVTYW?tag=eloabder-20&linkCode=osi&th=1&psc=1"><img src="https://m.media-amazon.com/images/I/41sOZ7EfDGL._SL500_.jpg" alt="Product Image"></a><p>Carefree Panty Liners for Women, Regular, Wrapped, Unscented, 54ct | Pantiliners, Carefree Liners, Daily Liners for Women, Light Periods and Leaks, 8-Hour Odor Control | 54ct (Packaging May Vary)</p><p> -33% 0FF </p><p>$3.34 ($0.06 / Count)</p><a href="https://www.amazon.com/dp/B01ARVVTYW?tag=eloabder-20&linkCode=osi&th=1&psc=1">View Product</a></div><div class="product"><a href="https://www.amazon.com/dp/B00NJNJ6O6?tag=eloabder-20&linkCode=osi&th=1&psc=1"><img src="https://m.media-amazon.com/images/I/416qKSPSpOL._SL500_.jpg" alt="Product Image"></a><p>Carefree Panty Liners for Women, Regular, Unwrapped, Unscented, 120ct | Pantiliners, Carefree Liners, Daily Liners for Women, Light Periods and Leaks, 8-Hour Odor Control | 120ct (Packaging May Vary)</p><p> -37% 0FF </p><p>$5.97 ($0.05 / Count)</p><a href="https://www.amazon.com/dp/B00NJNJ6O6?tag=eloabder-20&linkCode=osi&th=1&psc=1">View Product</a></div><div class="product"><a href="https://www.amazon.com/dp/B07C99C39S?tag=eloabder-20&linkCode=osi&th=1&psc=1"><img src="https://m.media-amazon.com/images/I/410-MyDdTyL._SL500_.jpg" alt="Product Image"></a><p>U by Kotex Panty Liners, Clean & Secure, Light Absorbency, Long Length, 126 Count (Packaging May Vary)</p><p> -35% 0FF </p><p>$7.79 ($0.06 / Count)</p><a href="https://www.amazon.com/dp/B07C99C39S?tag=eloabder-20&linkCode=osi&th=1&psc=1">View Product</a></div><div class="product"><a href="https://www.amazon.com/dp/B00UASJJX6?tag=eloabder-20&linkCode=osi&th=1&psc=1"><img src="https://m.media-amazon.com/images/I/51JyBlhNEuL._SL500_.jpg" alt="Product Image"></a><p>U by Kotex Balance Wrapped Panty Liners, Regular Length, 80 Count (Packaging May Vary)</p><p> -65% 0FF </p><p>$3.50 ($0.04 / Count)</p><a href="https://www.amazon.com/dp/B00UASJJX6?tag=eloabder-20&linkCode=osi&th=1&psc=1">View Product</a></div><div class="product"><a href="https://www.amazon.com/dp/B004RSO890?tag=eloabder-20&linkCode=osi&th=1&psc=1"><img src="https://m.media-amazon.com/images/I/41wY7+hDP5L._SL500_.jpg" alt="Product Image"></a><p>Carefree Thong Regular 49 Count Unscented Liner</p><p> -28% 0FF </p><p>$3.58 ($0.07 / Count)</p><a href="https://www.amazon.com/dp/B004RSO890?tag=eloabder-20&linkCode=osi&th=1&psc=1">View Product</a></div><div class="product"><a href="https://www.amazon.com/dp/B0DR3579J9?tag=eloabder-20&linkCode=osi&th=1&psc=1"><img src="https://m.media-amazon.com/images/I/51NcGafWnNL._SL500_.jpg" alt="Product Image"></a><p>Always Daily Protect Liners, Regular Length, Unscented, 96 Count</p><p> -10% 0FF </p><p>$7.17 ($0.07 / Count)</p><a href="https://www.amazon.com/dp/B0DR3579J9?tag=eloabder-20&linkCode=osi&th=1&psc=1">View Product</a></div><div class="product"><a href="https://www.amazon.com/dp/B09VMHGQFG?tag=eloabder-20&linkCode=osi&th=1&psc=1"><img src="https://m.media-amazon.com/images/I/4141Nw-Z01L._SL500_.jpg" alt="Product Image"></a><p>Carefree Panty Liners for Women, Extra Long, Unwrapped, Unscented, 100ct | Pantiliners, Carefree, Daily for Women, Light Periods and Leaks, 8-Hour Odor Control|100ct (Packaging May Vary)</p><p> -32% 0FF </p><p>$6.78 ($0.07 / Count)</p><a href="https://www.amazon.com/dp/B09VMHGQFG?tag=eloabder-20&linkCode=osi&th=1&psc=1">View Product</a></div>
<div class="product"><a href="https://www.amazon.com/dp/B0DSLZWGDN?tag=eloabder-20&linkCode=osi&th=1&psc=1"><img src="https://m.media-amazon.com/images/I/41wmZddDUXL._SL500_.jpg" alt="Product Image"></a><p>Summer's Eve Ultimate Odor Protection Daily Feminine Wipes, Gentle pH-Balanced Formula with Boric Acid Cleanses & Removes Vaginal Odor, Resealable Pack, 32 Body Wipes</p><p> -29% 0FF </p><p>$4.98 ($0.16 / Count)</p><a href="https://www.amazon.com/dp/B0DSLZWGDN?tag=eloabder-20&linkCode=osi&th=1&psc=1">View Product</a></div><div class="product"><a href="https://www.amazon.com/dp/B0D1KXV9ZS?tag=eloabder-20&linkCode=osi&th=1&psc=1"><img src="https://m.media-amazon.com/images/I/311Liu9BWoL._SL500_.jpg" alt="Product Image"></a><p>Vagisil pH Balance Daily Freshening Wipes for Feminine Hygiene in Resealable Pouch, Gynecologist Tested & Hypoallergenic, 20 Wipes (Pack of 1)</p><p> -40% 0FF </p><p>$2.97 ($0.15 / Count)</p><a href="https://www.amazon.com/dp/B0D1KXV9ZS?tag=eloabder-20&linkCode=osi&th=1&psc=1">View Product</a></div><div class="product"><a href="https://www.amazon.com/dp/B07DVY2PDZ?tag=eloabder-20&linkCode=osi&th=1&psc=1"><img src="https://m.media-amazon.com/images/I/51m-hobgS9L._SL500_.jpg" alt="Product Image"></a><p>Charmin Flushable Wipes, 160 Total Wipes (4 Packs of 40)</p><p> -28% 0FF </p><p>$7.96 ($4.98 / 100 Sheets)</p><a href="https://www.amazon.com/dp/B07DVY2PDZ?tag=eloabder-20&linkCode=osi&th=1&psc=1">View Product</a></div>
<div class="product"><a href="https://www.amazon.com/dp/B0735Q681B?tag=eloabder-20&linkCode=osi&th=1&psc=1"><img src="https://m.media-amazon.com/images/I/41UQXD2pkLL._SL500_.jpg" alt="Product Image"></a><p>SKYN Elite – 36 Count – Ultra-Thin, Lubricated Latex-Free Condoms</p><p> -5% 0FF </p><p>$18.97 ($0.53 / Count)</p><a href="https://www.amazon.com/dp/B0735Q681B?tag=eloabder-20&linkCode=osi&th=1&psc=1">View Product</a></div><div class="product"><a href="https://www.amazon.com/dp/B004TTXA8C?tag=eloabder-20&linkCode=osi&th=1&psc=1"><img src="https://m.media-amazon.com/images/I/51gr4F37KPL._SL500_.jpg" alt="Product Image"></a><p>LifeStyles Ultra Sensitive Natural Feeling Lubricated Latex Condoms, 40 Count</p><p> -43% 0FF </p><p>$12.58 ($0.31 / Count)</p><a href="https://www.amazon.com/dp/B004TTXA8C?tag=eloabder-20&linkCode=osi&th=1&psc=1">View Product</a></div>
<div class="product"><a href="https://www.amazon.com/dp/B075SN1MY9?tag=eloabder-20&linkCode=osi&th=1&psc=1"><img src="https://m.media-amazon.com/images/I/319iqKV2u8L._SL500_.jpg" alt="Product Image"></a><p>LubeLife Water-Based Lube – Personal Lubricant for Men, Women & Couples, Travel Size, Non-Staining, Easy Clean-Up, Toy-Safe, 8 Fl Oz</p><p> -9% 0FF </p><p>$9.99 ($1.25 / Fl Oz)</p><a href="https://www.amazon.com/dp/B075SN1MY9?tag=eloabder-20&linkCode=osi&th=1&psc=1">View Product</a></div><div class="product"><a href="https://www.amazon.com/dp/B004GW9GXU?tag=eloabder-20&linkCode=osi&th=1&psc=1"><img src="https://m.media-amazon.com/images/I/41ubL2N3JBL._SL500_.jpg" alt="Product Image"></a><p>K-Y Ultragel Water Based Personal Lubricant, pH Balanced Lube, Paraben Free, Non-Sticky, Non-Staining, 4.5 fl oz</p><p> -18% 0FF </p><p>$9.79 ($2.18 / Ounce)</p><a href="https://www.amazon.com/dp/B004GW9GXU?tag=eloabder-20&linkCode=osi&th=1&psc=1">View Product</a></div><div class="product"><a href="https://www.amazon.com/dp/B000ZPN1TC?tag=eloabder-20&linkCode=osi&th=1&psc=1"><img src="https://m.media-amazon.com/images/I/41vi+SxqxdL._SL500_.jpg" alt="Product Image"></a><p>Astroglide Water Based Lube (2.5oz), Liquid Personal Lubricant for Long-Lasting Pleasure for Men, Women and Couples, Safe for Toys, Travel-Friendly Size</p><p> -25% 0FF </p><p>$5.98 ($2.39 / Fl Oz)</p><a href="https://www.amazon.com/dp/B000ZPN1TC?tag=eloabder-20&linkCode=osi&th=1&psc=1">View Product</a></div><div class="product"><a href="https://www.amazon.com/dp/B0D8R1MBBP?tag=eloabder-20&linkCode=osi&th=1&psc=1"><img src="https://m.media-amazon.com/images/I/41w1UikOx8L._SL500_.jpg" alt="Product Image"></a><p>Astroglide Water Based Lube (7oz), Ultra Gentle Gel Personal Lubricant for Vaginal and Anal Sex, Stays Put with No Drip, Sex Lube, Long-Lasting for Men, Women and Couples, Safe for Toys</p><p> -46% 0FF </p><p>$6.98 ($1.00 / Ounce)</p><a href="https://www.amazon.com/dp/B0D8R1MBBP?tag=eloabder-20&linkCode=osi&th=1&psc=1">View Product</a></div>
<div class="product"><a href="https://www.amazon.com/dp/B07BGLT25K?tag=eloabder-20&linkCode=osi&th=1&psc=1"><img src="https://m.media-amazon.com/images/I/51NpHDcaw8L._SL500_.jpg" alt="Product Image"></a><p>Scott ComfortPlus Toilet Paper, 12 Double Rolls, 231 Sheets per Roll, Septic-Safe, 1-Ply Toilet Tissue</p><p> -12% 0FF </p><p>$5.68 ($0.20 / 100 Sheets)</p><a href="https://www.amazon.com/dp/B07BGLT25K?tag=eloabder-20&linkCode=osi&th=1&psc=1">View Product</a></div><div class="product"><a href="https://www.amazon.com/dp/B0CDZJ9JJC?tag=eloabder-20&linkCode=osi&th=1&psc=1"><img src="https://m.media-amazon.com/images/I/51Er7PSBqML._SL500_.jpg" alt="Product Image"></a><p>Charmin Ultra Soft Toilet Paper 6 Mega Rolls = 24 Regular Rolls</p><p> -27% 0FF </p><p>$7.97 ($0.59 / 100 Sheets)</p><a href="https://www.amazon.com/dp/B0CDZJ9JJC?tag=eloabder-20&linkCode=osi&th=1&psc=1">View Product</a></div><div class="product"><a href="https://www.amazon.com/dp/B000VCFB0G?tag=eloabder-20&linkCode=osi&th=1&psc=1"><img src="https://m.media-amazon.com/images/I/419yTBsVOFL._SL500_.jpg" alt="Product Image"></a><p>Bounty Quilted Napkins 1-Ply 12 1/10 x 12 White 200/Pack (96595PK)</p><p> -19% 0FF </p><p>$3.48 ($0.02 / Count)</p><a href="https://www.amazon.com/dp/B000VCFB0G?tag=eloabder-20&linkCode=osi&th=1&psc=1">View Product</a></div>



<div class="product"><a href="https://www.amazon.com/dp/B0FS2XTBJW?tag=eloabder-20&linkCode=osi&th=1&psc=1"><img src="https://m.media-amazon.com/images/I/413BHekXfiL._SL500_.jpg" alt="Product Image"></a><p>ZHIXJIA Knee Massager with Heat, 3-in-1 Smart Portable, 3 Vibration Modes and 3 Heating Levels LED Vitality Joints Knee Massager, Gift for Men and Women, Black</p><p> -78% 0FF </p><p>$99.99 ($99.99 / Count)</p><a href="https://www.amazon.com/dp/B0FS2XTBJW?tag=eloabder-20&linkCode=osi&th=1&psc=1">View Product</a></div><div class="product"><a href="https://www.amazon.com/dp/B0FHQ3WV4L?tag=eloabder-20&linkCode=osi&th=1&psc=1"><img src="https://m.media-amazon.com/images/I/412JLGi0PiL._SL500_.jpg" alt="Product Image"></a><p>DUBSTAR 3-in-1 Pill Crusher Pill Grinder, Pill Crusher Fine Powder with Brush, Pill Crushers for Elderly with Pill Cutter and Storage, Pill Cutter Splitter for Small or Large Pills (Green)</p><p> -29% 0FF </p><p>$9.99 ($9.99 / Count)</p><a href="https://www.amazon.com/dp/B0FHQ3WV4L?tag=eloabder-20&linkCode=osi&th=1&psc=1">View Product</a></div><div class="product"><a href="https://www.amazon.com/dp/B0FR4SPYFK?tag=eloabder-20&linkCode=osi&th=1&psc=1"><img src="https://m.media-amazon.com/images/I/41+owzP2llL._SL500_.jpg" alt="Product Image"></a><p>DEPAD Adjustable Pill Cutters Splitter for Small and Tiny Pills with Accurate Alignment, Pill Cutters for Small or Large Pills with Sharp Safe Blade</p><p> -23% 0FF </p><p>$9.99</p><a href="https://www.amazon.com/dp/B0FR4SPYFK?tag=eloabder-20&linkCode=osi&th=1&psc=1">View Product</a></div><div class="product"><a href="https://www.amazon.com/dp/B0F9NTTCWX?tag=eloabder-20&linkCode=osi&th=1&psc=1"><img src="https://m.media-amazon.com/images/I/51rTYaWSgtL._SL500_.jpg" alt="Product Image"></a><p>AUVON Dual Channel TENS Unit Muscle Stimulator Machine with 20 Modes, 2" and 2"x4" TENS Unit Electrode Pads (Red)</p><p> -28% 0FF </p><p>$25.99</p><a href="https://www.amazon.com/dp/B0F9NTTCWX?tag=eloabder-20&linkCode=osi&th=1&psc=1">View Product</a></div><div class="product"><a href="https://www.amazon.com/dp/B0D63FTHH4?tag=eloabder-20&linkCode=osi&th=1&psc=1"><img src="https://m.media-amazon.com/images/I/41Gu1013yRL._SL500_.jpg" alt="Product Image"></a><p>Yicotira 4 Pack Reusable Microfiber Mop Pads Compatible with Swiffer Sweeper - Dry Sweeping Cloths & Wet Pad Refills for Wet & Dry, Washable Pads Refills for Household Cleaning (Mop is not Included)</p><p> -34% 0FF </p><p>$8.54 ($2.14 / Count)</p><a href="https://www.amazon.com/dp/B0D63FTHH4?tag=eloabder-20&linkCode=osi&th=1&psc=1">View Product</a></div>
<div class="product"><a href="https://www.amazon.com/dp/B000ZLVUYO?tag=eloabder-20&linkCode=osi&th=1&psc=1"><img src="https://m.media-amazon.com/images/I/41CNAwwnEqL._SL500_.jpg" alt="Product Image"></a><p>It's A 10 Miracle Hair Mask, 8-Ounce</p><p> -16% 0FF </p><p>$25.99 ($3.25 / Fl Oz)</p><a href="https://www.amazon.com/dp/B000ZLVUYO?tag=eloabder-20&linkCode=osi&th=1&psc=1">View Product</a></div><div class="product"><a href="https://www.amazon.com/dp/B07VCGRBGT?tag=eloabder-20&linkCode=osi&th=1&psc=1"><img src="https://m.media-amazon.com/images/I/51QprRDhFoL._SL500_.jpg" alt="Product Image"></a><p>Palmer's Coconut Oil Formula Moisture Boost Protein Pack, Hair Treatment for Dry, Damaged, Over-Processed and Colored Hair, 2.1 Ounce (Pack of 12)</p><p> -67% 0FF </p><p>$11.09 ($0.92 / Ounce)</p><a href="https://www.amazon.com/dp/B07VCGRBGT?tag=eloabder-20&linkCode=osi&th=1&psc=1">View Product</a></div>
<div class="product"><a href="https://www.amazon.com/dp/B01A74442I?tag=eloabder-20&linkCode=osi&th=1&psc=1"><img src="https://m.media-amazon.com/images/I/51crUDqQzIL._SL500_.jpg" alt="Product Image"></a><p>Cliganic Organic Jojoba Oil, 100% Pure (4oz) | Moisturizing for Face, Hair, Skin & Nails | Natural Cold Pressed Hexane Free | Base Carrier Oil</p><p> -27% 0FF </p><p>$9.48 ($2.37 / Fl Oz)</p><a href="https://www.amazon.com/dp/B01A74442I?tag=eloabder-20&linkCode=osi&th=1&psc=1">View Product</a></div><div class="product"><a href="https://www.amazon.com/dp/B09PR9R9SL?tag=eloabder-20&linkCode=osi&th=1&psc=1"><img src="https://m.media-amazon.com/images/I/51EyKsoMSlL._SL500_.jpg" alt="Product Image"></a><p>KUKKA Rosemary Essential Oils - 4 Fl Oz - for Hair, Skin, Diffuser, Aromatherapy & DIY Soap Making Scent</p><p> -33% 0FF </p><p>$12.99 ($3.25 / Fl Oz)</p><a href="https://www.amazon.com/dp/B09PR9R9SL?tag=eloabder-20&linkCode=osi&th=1&psc=1">View Product</a></div><div class="product"><a href="https://www.amazon.com/dp/B004Z209HS?tag=eloabder-20&linkCode=osi&th=1&psc=1"><img src="https://m.media-amazon.com/images/I/41h5nZqdm+L._SL500_.jpg" alt="Product Image"></a><p>PURA D'OR 4 Oz ORGANIC Moroccan Argan Oil - USDA Certified 100% Pure & Cold Pressed Virgin Premium Grade Natural Moisturizer Treatment For Dry, Damaged Skin, Hair, Face, Body & Scalp - Men & Women</p><p> -12% 0FF </p><p>$14.99 ($3.75 / Fl Oz)</p><a href="https://www.amazon.com/dp/B004Z209HS?tag=eloabder-20&linkCode=osi&th=1&psc=1">View Product</a></div>
<div class="product"><a href="https://www.amazon.com/dp/B004YVDIAU?tag=eloabder-20&linkCode=osi&th=1&psc=1"><img src="https://m.media-amazon.com/images/I/313PkUEQj5L._SL500_.jpg" alt="Product Image"></a><p>Garnier Fructis Style Curl Sculpt Conditioning Cream Gel for Bounce & Moisture, 5.1 Fl Oz, 1 Count (Packaging May Vary)</p><p> -21% 0FF </p><p>$4.73 ($0.93 / Ounce)</p><a href="https://www.amazon.com/dp/B004YVDIAU?tag=eloabder-20&linkCode=osi&th=1&psc=1">View Product</a></div><div class="product"><a href="https://www.amazon.com/dp/B0002Z90RM?tag=eloabder-20&linkCode=osi&th=1&psc=1"><img src="https://m.media-amazon.com/images/I/31xKcrbq12L._SL500_.jpg" alt="Product Image"></a><p>RUSK Designer Collection Thick Body and Texture Amplifier Spray, 6 Oz, For Fine, Limp, Flat or Lazy Hair Types - Contains Wheat Protein, Adds Strength, Texture, Volume & Moisture</p><p> -5% 0FF </p><p>$17.50 ($2.92 / Fl Oz)</p><a href="https://www.amazon.com/dp/B0002Z90RM?tag=eloabder-20&linkCode=osi&th=1&psc=1">View Product</a></div><div class="product"><a href="https://www.amazon.com/dp/B0013NE2Y8?tag=eloabder-20&linkCode=osi&th=1&psc=1"><img src="https://m.media-amazon.com/images/I/31A8kEJJlIL._SL500_.jpg" alt="Product Image"></a><p>John Frieda Frizz Ease Original Hair Serum, Protecting Against Frizz, Heat, and Humidity While Adding Shine, Smooths Strands and Hydrates Parched Hair with Argan, Coconut, and Moringa Oil, 1.69 Oz</p><p> -33% 0FF </p><p>$8.01 ($4.74 / Fl Oz)</p><a href="https://www.amazon.com/dp/B0013NE2Y8?tag=eloabder-20&linkCode=osi&th=1&psc=1">View Product</a></div>
<div class="product"><a href="https://www.amazon.com/dp/B004BYSR6K?tag=eloabder-20&linkCode=osi&th=1&psc=1"><img src="https://m.media-amazon.com/images/I/41RMAGucP7L._SL500_.jpg" alt="Product Image"></a><p>L'Oreal Paris Excellence Crème Permanent Hair Dye, Triple Care Hair Color with Pro-Keratine Complex for 100% Gray Hair Coverage, 5 Medium Brown, 1 Kit</p><p> -23% 0FF </p><p>$9.98</p><a href="https://www.amazon.com/dp/B004BYSR6K?tag=eloabder-20&linkCode=osi&th=1&psc=1">View Product</a></div><div class="product"><a href="https://www.amazon.com/dp/B00006JN4P?tag=eloabder-20&linkCode=osi&th=1&psc=1"><img src="https://m.media-amazon.com/images/I/51mGD8V4I7L._SL500_.jpg" alt="Product Image"></a><p>L'Oreal Paris Superior Preference Fade-Defying + Shine Permanent Hair Color, 8 Medium Blonde, Pack of 1, Hair Dye</p><p> -36% 0FF </p><p>$8.97</p><a href="https://www.amazon.com/dp/B00006JN4P?tag=eloabder-20&linkCode=osi&th=1&psc=1">View Product</a></div><div class="product"><a href="https://www.amazon.com/dp/B000KOU7FE?tag=eloabder-20&linkCode=osi&th=1&psc=1"><img src="https://m.media-amazon.com/images/I/51BV0dgoMnL._SL500_.jpg" alt="Product Image"></a><p>L'Oreal Paris Feria Multi-Faceted Shimmering Permanent Hair Color, B61 Downtown Brown (Hi-Lift Cool Brown), Pack of 1, Hair Dye</p><p> -7% 0FF </p><p>$12.97</p><a href="https://www.amazon.com/dp/B000KOU7FE?tag=eloabder-20&linkCode=osi&th=1&psc=1">View Product</a></div><div class="product"><a href="https://www.amazon.com/dp/B003AYEGGW?tag=eloabder-20&linkCode=osi&th=1&psc=1"><img src="https://m.media-amazon.com/images/I/41usJCtVqUL._SL500_.jpg" alt="Product Image"></a><p>Clairol Root Touch-Up by Nice'n Easy Permanent Hair Dye, 2 Black Hair Color, Pack of 2</p><p> -6% 0FF </p><p>$15.96 ($7.25 / Fl Oz)</p><a href="https://www.amazon.com/dp/B003AYEGGW?tag=eloabder-20&linkCode=osi&th=1&psc=1">View Product</a></div><div class="product"><a href="https://www.amazon.com/dp/B000NSW0EI?tag=eloabder-20&linkCode=osi&th=1&psc=1"><img src="https://m.media-amazon.com/images/I/51ZOUeoIXAS._SL500_.jpg" alt="Product Image"></a><p>Just For Men Shampoo In Color, Hair Color for Men with Keratin and Vitamin E for Stronger Hair, Restores Natural Hair Color, Medium Brown, H-35, Pack of 3</p><p> -10% 0FF </p><p>$26.88</p><a href="https://www.amazon.com/dp/B000NSW0EI?tag=eloabder-20&linkCode=osi&th=1&psc=1">View Product</a></div><div class="product"><a href="https://www.amazon.com/dp/B004DKB08E?tag=eloabder-20&linkCode=osi&th=1&psc=1"><img src="https://m.media-amazon.com/images/I/41dA53oe85L._SL500_.jpg" alt="Product Image"></a><p>John Frieda Precision Foam Colour, Medium Natural Brown 5N, Full-coverage Hair Color Kit, Anti-Fade Gray Coverage, Deep Color Saturation Hair Dye, 1 Application</p><p> -8% 0FF </p><p>$11.92</p><a href="https://www.amazon.com/dp/B004DKB08E?tag=eloabder-20&linkCode=osi&th=1&psc=1">View Product</a></div><div class="product"><a href="https://www.amazon.com/dp/B000KOHSQA?tag=eloabder-20&linkCode=osi&th=1&psc=1"><img src="https://m.media-amazon.com/images/I/51voB2QwdLL._SL500_.jpg" alt="Product Image"></a><p>L'Oreal Paris Couleur Experte 2-Step Home Hair Color and Highlights Kit, French Éclair</p><p> -18% 0FF </p><p>$13.97</p><a href="https://www.amazon.com/dp/B000KOHSQA?tag=eloabder-20&linkCode=osi&th=1&psc=1">View Product</a></div>
<div class="product"><a href="https://www.amazon.com/dp/B005CSYTCU?tag=eloabder-20&linkCode=osi&th=1&psc=1"><img src="https://m.media-amazon.com/images/I/41og7wvl2GL._SL500_.jpg" alt="Product Image"></a><p>Goody Ouchless Polyband Hair Ties - 250 Ct, Clear, Latex Hair Bands for Women's Hair, Easy Glide, Ultra-Strong Hold Hair Accessories for Women & Men, Secure Hold Ridge Design, All Hair Types</p><p> -19% 0FF </p><p>$3.19 ($0.01 / Count)</p><a href="https://www.amazon.com/dp/B005CSYTCU?tag=eloabder-20&linkCode=osi&th=1&psc=1">View Product</a></div><div class="product"><a href="https://www.amazon.com/dp/B00CGN9LQ8?tag=eloabder-20&linkCode=osi&th=1&psc=1"><img src="https://m.media-amazon.com/images/I/41LhEO75hIL._SL500_.jpg" alt="Product Image"></a><p>Crave Naturals Glide Thru Hair Brush - Detangler Brush for Curly, Straight, Wet or Dry Hair - Gentle Detangling Brushes for Adults, Kids, Toddlers - Hair Accessories for Women, 7.5x3 - Pink</p><p> -47% 0FF </p><p>$8.49</p><a href="https://www.amazon.com/dp/B00CGN9LQ8?tag=eloabder-20&linkCode=osi&th=1&psc=1">View Product</a></div><div class="product"><a href="https://www.amazon.com/dp/B00DLWO7D0?tag=eloabder-20&linkCode=osi&th=1&psc=1"><img src="https://m.media-amazon.com/images/I/31ISZI2zfzL._SL500_.jpg" alt="Product Image"></a><p>Goody Smooth and Sleek Wood Styling Brush with Natural Boar Bristles, Flyaway Free Finish, For All Hair Types, Brown, 1CT</p><p> -20% 0FF </p><p>$4.62</p><a href="https://www.amazon.com/dp/B00DLWO7D0?tag=eloabder-20&linkCode=osi&th=1&psc=1">View Product</a></div>
<div class="product"><a href="https://www.amazon.com/dp/B00HFQQ0VU?tag=eloabder-20&linkCode=osi&th=1&psc=1"><img src="https://m.media-amazon.com/images/I/41J4CJ+ERsL._SL500_.jpg" alt="Product Image"></a><p>Waterpik Aquarius Water Flosser For Teeth Cleaning, Gums, Braces, Dental Care, Electric Power With 10 Settings, 7 Tips For Multiple Users And Needs, ADA Accepted, White WP-660, Packaging May Vary</p><p> -20% 0FF </p><p>$79.99</p><a href="https://www.amazon.com/dp/B00HFQQ0VU?tag=eloabder-20&linkCode=osi&th=1&psc=1">View Product</a></div><div class="product"><a href="https://www.amazon.com/dp/B000QXH4PK?tag=eloabder-20&linkCode=osi&th=1&psc=1"><img src="https://m.media-amazon.com/images/I/41BYUSQaRKL._SL500_.jpg" alt="Product Image"></a><p>Listerine PocketPaks Cool Mint Breath Strips, Portable Pocket-Sized Oral Care Mouth Freshener, Dissolving Strips Kill 99% of Bad Breath Germs, Sugar Free, 3 x 24-Strip Packs</p><p> -18% 0FF </p><p>$5.72 ($0.08 / Count)</p><a href="https://www.amazon.com/dp/B000QXH4PK?tag=eloabder-20&linkCode=osi&th=1&psc=1">View Product</a></div><div class="product"><a href="https://www.amazon.com/dp/B07LGSYTLM?tag=eloabder-20&linkCode=osi&th=1&psc=1"><img src="https://m.media-amazon.com/images/I/31YRxbr1qCL._SL500_.jpg" alt="Product Image"></a><p>DenTek Professional Oral Care Kit, Complete Set of Dental Tools Including Mirror, Dental Pick, Scaler & Stimulator</p><p> -9% 0FF </p><p>$6.39</p><a href="https://www.amazon.com/dp/B07LGSYTLM?tag=eloabder-20&linkCode=osi&th=1&psc=1">View Product</a></div><div class="product"><a href="https://www.amazon.com/dp/B01LAY47D0?tag=eloabder-20&linkCode=osi&th=1&psc=1"><img src="https://m.media-amazon.com/images/I/41y93UxXRvL._SL500_.jpg" alt="Product Image"></a><p>MasterMedi Tongue Scraper for Adults with Multicolor Travel Cases (2 Pack), 100% Stainless Steel, Reduce Bad Breath, Tongue Scrubber, Easy to Use, Tongue Cleaner for Oral Care & Hygiene</p><p> -34% 0FF </p><p>$9.95 ($4.98 / Count)</p><a href="https://www.amazon.com/dp/B01LAY47D0?tag=eloabder-20&linkCode=osi&th=1&psc=1">View Product</a></div>
<div class="product"><a href="https://www.amazon.com/dp/B09F8FZ18G?tag=eloabder-20&linkCode=osi&th=1&psc=1"><img src="https://m.media-amazon.com/images/I/51WkgqQXqCL._SL500_.jpg" alt="Product Image"></a><p>Crest 3D White Advanced Luminous Mint Teeth Whitening Toothpaste, Crest Toothpaste, 3.7 oz Pack of 4 - Helps Remove Surface Stains, Whitens Teeth, Strengthens Tooth Enamel, Protects Against Cavities</p><p> -20% 0FF </p><p>$11.99 ($0.81 / Ounce)</p><a href="https://www.amazon.com/dp/B09F8FZ18G?tag=eloabder-20&linkCode=osi&th=1&psc=1">View Product</a></div><div class="product"><a href="https://www.amazon.com/dp/B083JHCCV2?tag=eloabder-20&linkCode=osi&th=1&psc=1"><img src="https://m.media-amazon.com/images/I/31ppsn+WAqL._SL500_.jpg" alt="Product Image"></a><p>Boka Fluoride Free Toothpaste, Nano Hydroxyapatite Toothpaste, Appropriate for Sensitive Teeth - for Adult, Kids Oral Care - Ela Mint Flavor, 4 Fl Oz 1Pk US Manufactured</p><p> -10% 0FF </p><p>$11.75 ($2.94 / Ounce)</p><a href="https://www.amazon.com/dp/B083JHCCV2?tag=eloabder-20&linkCode=osi&th=1&psc=1">View Product</a></div><div class="product"><a href="https://www.amazon.com/dp/B0BLWLL3FV?tag=eloabder-20&linkCode=osi&th=1&psc=1"><img src="https://m.media-amazon.com/images/I/519IfsN7qIL._SL500_.jpg" alt="Product Image"></a><p>Colgate Total Whitening Toothpaste Paste, 5.1 oz, 4 Pack, Fluoride, Antibacterial, for Plaque, Gingivitis, Sensitivity, Stain Removal, Clinically Proven, Mint, Teeth Whitening, Stannous Fluoride</p><p> -10% 0FF </p><p>$14.38 ($0.70 / Fl Oz)</p><a href="https://www.amazon.com/dp/B0BLWLL3FV?tag=eloabder-20&linkCode=osi&th=1&psc=1">View Product</a></div>
<div class="product"><a href="https://www.amazon.com/dp/B00CC6XSRC?tag=eloabder-20&linkCode=osi&th=1&psc=1"><img src="https://m.media-amazon.com/images/I/41OKKVbMN-L._SL500_.jpg" alt="Product Image"></a><p>Colgate Extra Clean Toothbrush, Medium Toothbrush for Adults, 6 Pack</p><p> -10% 0FF </p><p>$4.96 ($0.83 / Count)</p><a href="https://www.amazon.com/dp/B00CC6XSRC?tag=eloabder-20&linkCode=osi&th=1&psc=1">View Product</a></div><div class="product"><a href="https://www.amazon.com/dp/B06XK2M3H3?tag=eloabder-20&linkCode=osi&th=1&psc=1"><img src="https://m.media-amazon.com/images/I/41tntn0c7BL._SL500_.jpg" alt="Product Image"></a><p>Oral-B 3D White Stain Eraser, 4 count SOFT manual tootbrush pack, Removes Stains, Whitens Teeth, Tongue and Cheek Cleaner</p><p> -12% 0FF </p><p>$7.92 ($1.98 / Count)</p><a href="https://www.amazon.com/dp/B06XK2M3H3?tag=eloabder-20&linkCode=osi&th=1&psc=1">View Product</a></div><div class="product"><a href="https://www.amazon.com/dp/B00H88K9EE?tag=eloabder-20&linkCode=osi&th=1&psc=1"><img src="https://m.media-amazon.com/images/I/51ah-EIUbsL._SL500_.jpg" alt="Product Image"></a><p>Colgate 360 Whole Mouth Toothbrush, Adult Toothbrushes Medium Bristles, Helps Remove Bad Breath Bacteria and Plaque, Medium Toothbrush Pack, Includes Cheek and Tongue Cleaner, 4 Pack</p><p> -18% 0FF </p><p>$8.19 ($2.05 / Count)</p><a href="https://www.amazon.com/dp/B00H88K9EE?tag=eloabder-20&linkCode=osi&th=1&psc=1">View Product</a></div><div class="product"><a href="https://www.amazon.com/dp/B003CP12QG?tag=eloabder-20&linkCode=osi&th=1&psc=1"><img src="https://m.media-amazon.com/images/I/41LPe-bdnPL._SL500_.jpg" alt="Product Image"></a><p>Oral-B Pulsar Pro-Health Expert Clean, Battery electric toothbrush, 2 count MEDIUM toothbrush pack, removes plaque, travel essentials tooth brush</p><p> -22% 0FF </p><p>$10.97 ($5.48 / Count)</p><a href="https://www.amazon.com/dp/B003CP12QG?tag=eloabder-20&linkCode=osi&th=1&psc=1">View Product</a></div>
<div class="product"><a href="https://www.amazon.com/dp/B0C881GLNM?tag=eloabder-20&linkCode=osi&th=1&psc=1"><img src="https://m.media-amazon.com/images/I/51C2ohy2RWL._SL500_.jpg" alt="Product Image"></a><p>Crest Pro-Health Advanced Mouthwash, Alcohol Free, Multi-Protection, Fresh Mint, 1 L (33.8 fl oz), Pack of 2, Blue</p><p> -9% 0FF </p><p>$10.97 ($0.16 / Fl Oz)</p><a href="https://www.amazon.com/dp/B0C881GLNM?tag=eloabder-20&linkCode=osi&th=1&psc=1">View Product</a></div><div class="product"><a href="https://www.amazon.com/dp/B005IHSPLQ?tag=eloabder-20&linkCode=osi&th=1&psc=1"><img src="https://m.media-amazon.com/images/I/31U2umAytxL._SL500_.jpg" alt="Product Image"></a><p>Listerine Alcohol-Free Mouthwash, Non Alcoholic Mint Oral Rinse Kills 99.9% of Germs That Cause Bad Breath for a Fresh Breath & Clean Mouth, Less Intense Taste, Cool Mint Flavor, 1 L</p><p> -25% 0FF </p><p>$6.99 ($0.21 / Fl Oz)</p><a href="https://www.amazon.com/dp/B005IHSPLQ?tag=eloabder-20&linkCode=osi&th=1&psc=1">View Product</a></div><div class="product"><a href="https://www.amazon.com/dp/B0126XBQK6?tag=eloabder-20&linkCode=osi&th=1&psc=1"><img src="https://m.media-amazon.com/images/I/51dT1Mhf3zL._SL500_.jpg" alt="Product Image"></a><p>Crest Pro-Health Advanced Mouthwash, Alcohol Free, Extra Whitening, Energizing Mint Flavor, 946 mL (32 fl oz)</p><p> -20% 0FF </p><p>$7.17 ($0.22 / Fl Oz)</p><a href="https://www.amazon.com/dp/B0126XBQK6?tag=eloabder-20&linkCode=osi&th=1&psc=1">View Product</a></div><div class="product"><a href="https://www.amazon.com/dp/B00495Q5OW?tag=eloabder-20&linkCode=osi&th=1&psc=1"><img src="https://m.media-amazon.com/images/I/41U0hz++OHL._SL500_.jpg" alt="Product Image"></a><p>Listerine Total Care Anticavity Fluoride Mouthwash, 6 Benefits in 1 Oral Rinse Helps Kill 99% of Bad Breath Germs, Prevents Cavities, Strengthens Teeth, ADA-Accepted, Fresh Mint, 1 L</p><p> -26% 0FF </p><p>$8.79 ($0.27 / fluid ounce(s))</p><a href="https://www.amazon.com/dp/B00495Q5OW?tag=eloabder-20&linkCode=osi&th=1&psc=1">View Product</a></div>
<div class="product"><a href="https://www.amazon.com/dp/B013OKRGWW?tag=eloabder-20&linkCode=osi&th=1&psc=1"><img src="https://m.media-amazon.com/images/I/31s8V2M+RVL._SL500_.jpg" alt="Product Image"></a><p>REACH Waxed Dental Floss, Mint, Plaque Remover for Teeth, Shred Resistant, Floss Slides Smoothly, Easy to Use, Waxed, Deep Cleaning Teeth, Oral Care, PFAS Free, for Adults & Kids, 1 Pack, 55 yd</p><p> -13% 0FF </p><p>$1.29 ($0.01 / Foot)</p><a href="https://www.amazon.com/dp/B013OKRGWW?tag=eloabder-20&linkCode=osi&th=1&psc=1">View Product</a></div><div class="product"><a href="https://www.amazon.com/dp/B014KZLWX4?tag=eloabder-20&linkCode=osi&th=1&psc=1"><img src="https://m.media-amazon.com/images/I/41GyDUKvKAL._SL500_.jpg" alt="Product Image"></a><p>REACH Waxed Dental Floss, Mint, Plaque Remover for Teeth, Shred Resistant, Floss Slides Smoothly, Easy to Use, Waxed, Deep Cleaning Teeth, Oral Care, PFAS Free, for Adults & Kids, 6 Pack, 55 yd</p><p> -13% 0FF </p><p>$10.74 ($0.01 / Foot)</p><a href="https://www.amazon.com/dp/B014KZLWX4?tag=eloabder-20&linkCode=osi&th=1&psc=1">View Product</a></div><div class="product"><a href="https://www.amazon.com/dp/B00UB7BO16?tag=eloabder-20&linkCode=osi&th=1&psc=1"><img src="https://m.media-amazon.com/images/I/41aZF2HKXrL._SL500_.jpg" alt="Product Image"></a><p>Oral-B Glide Complete Floss Picks, Dental Floss Picks, Scope Outlast, 75-ct, Toothpicks Floss Picks</p><p> -20% 0FF </p><p>$3.96 ($0.05 / Count)</p><a href="https://www.amazon.com/dp/B00UB7BO16?tag=eloabder-20&linkCode=osi&th=1&psc=1">View Product</a></div><div class="product"><a href="https://www.amazon.com/dp/B003K01BMI?tag=eloabder-20&linkCode=osi&th=1&psc=1"><img src="https://m.media-amazon.com/images/I/41r6iQVxOzL._SL500_.jpg" alt="Product Image"></a><p>DenTek Triple Clean Advanced Clean Floss Picks, No Break & No Shred Floss, 150 Count, (Packaging May Vary)</p><p> -31% 0FF </p><p>$4.15 ($0.03 / Count)</p><a href="https://www.amazon.com/dp/B003K01BMI?tag=eloabder-20&linkCode=osi&th=1&psc=1">View Product</a></div><div class="product"><a href="https://www.amazon.com/dp/B07WFX1WD2?tag=eloabder-20&linkCode=osi&th=1&psc=1"><img src="https://m.media-amazon.com/images/I/51lqCql47sL._SL500_.jpg" alt="Product Image"></a><p>Oral-B Glide Dental Floss, Scope Flavor, 40m (Pack of 6)</p><p> -20% 0FF </p><p>$15.96 ($0.02 / Foot)</p><a href="https://www.amazon.com/dp/B07WFX1WD2?tag=eloabder-20&linkCode=osi&th=1&psc=1">View Product</a></div>
<div class="product"><a href="https://www.amazon.com/dp/B0BVT76MFH?tag=eloabder-20&linkCode=osi&th=1&psc=1"><img src="https://m.media-amazon.com/images/I/419kJTfLfGL._SL500_.jpg" alt="Product Image"></a><p>Crest 3D Whitestrips Sensitive At-Home Teeth Whitening Kit, 18 Treatments, Gently Removes 15 Years of Stains, Crest Whitestrips, Teeth Whitening Kit</p><p> -44% 0FF </p><p>$27.85 ($1.55 / Count)</p><a href="https://www.amazon.com/dp/B0BVT76MFH?tag=eloabder-20&linkCode=osi&th=1&psc=1">View Product</a></div>
<div class="product"><a href="https://www.amazon.com/dp/B0CK1791MR?tag=eloabder-20&linkCode=osi&th=1&psc=1"><img src="https://m.media-amazon.com/images/I/31CZvJQAbDL._SL500_.jpg" alt="Product Image"></a><p>Her Fantasy Box | Refresh pH Balancing Shower Gel - Natural Feminine Hygiene Solution for Gentle Cleansing, Odor Control, and Skin Nourishment - pH-Balanced Formula for All Skin Types (8 oz)</p><p> -6% 0FF </p><p>$14.99 ($1.87 / Fl Oz)</p><a href="https://www.amazon.com/dp/B0CK1791MR?tag=eloabder-20&linkCode=osi&th=1&psc=1">View Product</a></div><div class="product"><a href="https://www.amazon.com/dp/B08L4Q75QP?tag=eloabder-20&linkCode=osi&th=1&psc=1"><img src="https://m.media-amazon.com/images/I/51OkbLfz-2L._SL500_.jpg" alt="Product Image"></a><p>Playtex Sport Tampons Multipack (24ct Regular/24ct Super), Fragrance-Free - 48ct | Tampons Regular and Super, Playtex Tampon Multipack, Feminine Care with 360 Leak Defense</p><p> -29% 0FF </p><p>$9.97 ($0.21 / Count)</p><a href="https://www.amazon.com/dp/B08L4Q75QP?tag=eloabder-20&linkCode=osi&th=1&psc=1">View Product</a></div><div class="product"><a href="https://www.amazon.com/dp/B083M1RG6P?tag=eloabder-20&linkCode=osi&th=1&psc=1"><img src="https://m.media-amazon.com/images/I/51AHoXPV3gL._SL500_.jpg" alt="Product Image"></a><p>U by Kotex Tampons, Click Compact, Regular Absorbency, Unscented, 45 Count</p><p> -48% 0FF </p><p>$6.97 ($0.15 / Count)</p><a href="https://www.amazon.com/dp/B083M1RG6P?tag=eloabder-20&linkCode=osi&th=1&psc=1">View Product</a></div><div class="product"><a href="https://www.amazon.com/dp/B0D5FZGY8W?tag=eloabder-20&linkCode=osi&th=1&psc=1"><img src="https://m.media-amazon.com/images/I/51gWW6a+5uL._SL500_.jpg" alt="Product Image"></a><p>O Positiv URO Vaginal Probiotics for Women pH Balance with Prebiotics & Lactobacillus Probiotic Blend - Vaginal Health Supplement - Promote Healthy Vaginal Odor & Vaginal Flora, 60 Count (Pack of 1)</p><p> -10% 0FF </p><p>$28.97 ($0.48 / Count)</p><a href="https://www.amazon.com/dp/B0D5FZGY8W?tag=eloabder-20&linkCode=osi&th=1&psc=1">View Product</a></div><div class="product"><a href="https://www.amazon.com/dp/B01M1BLRC1?tag=eloabder-20&linkCode=osi&th=1&psc=1"><img src="https://m.media-amazon.com/images/I/51CVKq4e6UL._SL500_.jpg" alt="Product Image"></a><p>Always Maxi Overnight Pads with Wings for Women, Size 5, Extra Heavy Overnight Absorbency, Unscented, 36 Count</p><p> -5% 0FF </p><p>$10.47 ($0.29 / Count)</p><a href="https://www.amazon.com/dp/B01M1BLRC1?tag=eloabder-20&linkCode=osi&th=1&psc=1">View Product</a></div>
<div class="product"><a href="https://www.amazon.com/dp/B083M24HGP?tag=eloabder-20&linkCode=osi&th=1&psc=1"><img src="https://m.media-amazon.com/images/I/51iX7-G8XnL._SL500_.jpg" alt="Product Image"></a><p>U by Kotex Tampons, Click Compact Multipack, Regular/Super Absorbency, Unscented, 45 Count</p><p> -26% 0FF </p><p>$9.97 ($0.22 / Count)</p><a href="https://www.amazon.com/dp/B083M24HGP?tag=eloabder-20&linkCode=osi&th=1&psc=1">View Product</a></div><div class="product"><a href="https://www.amazon.com/dp/B0B33LJX6N?tag=eloabder-20&linkCode=osi&th=1&psc=1"><img src="https://m.media-amazon.com/images/I/512dGlJD9nL._SL500_.jpg" alt="Product Image"></a><p>Tampax Pearl Tampons for Women Multipack, with LeakGuard Braid, Light/Regular/Super Absorbency, Unscented, 94 Count (2 Packs of 47)</p><p> -7% 0FF </p><p>$21.36 ($0.23 / Count)</p><a href="https://www.amazon.com/dp/B0B33LJX6N?tag=eloabder-20&linkCode=osi&th=1&psc=1">View Product</a></div>
<div class="product"><a href="https://www.amazon.com/dp/B01NAX7KC7?tag=eloabder-20&linkCode=osi&th=1&psc=1"><img src="https://m.media-amazon.com/images/I/51SOakjzHvL._SL500_.jpg" alt="Product Image"></a><p>Poise Overnight Incontinence & Postpartum Pads for Bladder Leaks, 8 Drop Extra Coverage, 72 Count (2 Packs of 36), Packaging May Vary</p><p> -7% 0FF </p><p>$41.99 ($0.58 / Count)</p><a href="https://www.amazon.com/dp/B01NAX7KC7?tag=eloabder-20&linkCode=osi&th=1&psc=1">View Product</a></div><div class="product"><a href="https://www.amazon.com/dp/B0BLGRQHCQ?tag=eloabder-20&linkCode=osi&th=1&psc=1"><img src="https://m.media-amazon.com/images/I/51tBxYlTu3L._SL500_.jpg" alt="Product Image"></a><p>Poise Incontinence & Postpartum Pads for Bladder Leaks, 7 Drop Ultra Absorbency, Long Length, 78 Count, Packaging May Vary</p><p> -17% 0FF </p><p>$42.96 ($0.55 / Count)</p><a href="https://www.amazon.com/dp/B0BLGRQHCQ?tag=eloabder-20&linkCode=osi&th=1&psc=1">View Product</a></div>
<div class="product"><a href="https://www.amazon.com/dp/B086JBZW48?tag=eloabder-20&linkCode=osi&th=1&psc=1"><img src="https://m.media-amazon.com/images/I/419mX5-k8XL._SL500_.jpg" alt="Product Image"></a><p>EcoBlossom Reusable Menstrual Cup Set - The Most Reliable Medical Grade Silicone Period Cups - Comfortably use for 12 Hours (Small & Large)</p><p> -20% 0FF </p><p>$15.99 ($8.00 / Count)</p><a href="https://www.amazon.com/dp/B086JBZW48?tag=eloabder-20&linkCode=osi&th=1&psc=1">View Product</a></div><div class="product"><a href="https://www.amazon.com/dp/B07QNVNDMQ?tag=eloabder-20&linkCode=osi&th=1&psc=1"><img src="https://m.media-amazon.com/images/I/41kGVRCvHnL._SL500_.jpg" alt="Product Image"></a><p>Croing Reusable Menstrual Cup Set of 4, Period Cup, 2 pcs Small and 2 pcs Large (Purple and White)</p><p> -33% 0FF </p><p>$9.99 ($2.50 / Count)</p><a href="https://www.amazon.com/dp/B07QNVNDMQ?tag=eloabder-20&linkCode=osi&th=1&psc=1">View Product</a></div><div class="product"><a href="https://www.amazon.com/dp/B08MYQJ95N?tag=eloabder-20&linkCode=osi&th=1&psc=1"><img src="https://m.media-amazon.com/images/I/41C-jls603L._SL500_.jpg" alt="Product Image"></a><p>YTYOMUR Menstrual Cup Steamer Sterilizer with 2 Reusable Menstrual Cups, Period Cups Cleaner Wash Kit</p><p> -37% 0FF </p><p>$20.24</p><a href="https://www.amazon.com/dp/B08MYQJ95N?tag=eloabder-20&linkCode=osi&th=1&psc=1">View Product</a></div><div class="product"><a href="https://www.amazon.com/dp/B081QNN9CD?tag=eloabder-20&linkCode=osi&th=1&psc=1"><img src="https://m.media-amazon.com/images/I/41vipuZyibL._SL500_.jpg" alt="Product Image"></a><p>Talisi Menstrual Cups Set of 2 with Collapsible Cleaner Silicone Sterilizer - Soft Reusable Period Kit - Tampon Pads Disc Alternative - Menstruation Feminine Cup Regular, Heavy Flow (Small & Large)</p><p> -10% 0FF </p><p>$8.99 ($2.25 / Count)</p><a href="https://www.amazon.com/dp/B081QNN9CD?tag=eloabder-20&linkCode=osi&th=1&psc=1">View Product</a></div><div class="product"><a href="https://www.amazon.com/dp/B087WK7LBS?tag=eloabder-20&linkCode=osi&th=1&psc=1"><img src="https://m.media-amazon.com/images/I/410uziY5NGL._SL500_.jpg" alt="Product Image"></a><p>Talisi Menstrual Cups - Reusable Soft Period Cups - Menstruation Feminine Hygiene Products with Silicone Collapsible Sterilizer Case - Regular & Heavy Flow - Large, Small Size Copa Menstrual Kit</p><p> -14% 0FF </p><p>$5.99 ($1.50 / Count)</p><a href="https://www.amazon.com/dp/B087WK7LBS?tag=eloabder-20&linkCode=osi&th=1&psc=1">View Product</a></div>
<div class="product"><a href="https://www.amazon.com/dp/B01ARVVTYW?tag=eloabder-20&linkCode=osi&th=1&psc=1"><img src="https://m.media-amazon.com/images/I/41sOZ7EfDGL._SL500_.jpg" alt="Product Image"></a><p>Carefree Panty Liners for Women, Regular, Wrapped, Unscented, 54ct | Pantiliners, Carefree Liners, Daily Liners for Women, Light Periods and Leaks, 8-Hour Odor Control | 54ct (Packaging May Vary)</p><p> -33% 0FF </p><p>$3.34 ($0.06 / Count)</p><a href="https://www.amazon.com/dp/B01ARVVTYW?tag=eloabder-20&linkCode=osi&th=1&psc=1">View Product</a></div><div class="product"><a href="https://www.amazon.com/dp/B00NJNJ6O6?tag=eloabder-20&linkCode=osi&th=1&psc=1"><img src="https://m.media-amazon.com/images/I/416qKSPSpOL._SL500_.jpg" alt="Product Image"></a><p>Carefree Panty Liners for Women, Regular, Unwrapped, Unscented, 120ct | Pantiliners, Carefree Liners, Daily Liners for Women, Light Periods and Leaks, 8-Hour Odor Control | 120ct (Packaging May Vary)</p><p> -37% 0FF </p><p>$5.97 ($0.05 / Count)</p><a href="https://www.amazon.com/dp/B00NJNJ6O6?tag=eloabder-20&linkCode=osi&th=1&psc=1">View Product</a></div><div class="product"><a href="https://www.amazon.com/dp/B07C99C39S?tag=eloabder-20&linkCode=osi&th=1&psc=1"><img src="https://m.media-amazon.com/images/I/410-MyDdTyL._SL500_.jpg" alt="Product Image"></a><p>U by Kotex Panty Liners, Clean & Secure, Light Absorbency, Long Length, 126 Count (Packaging May Vary)</p><p> -35% 0FF </p><p>$7.79 ($0.06 / Count)</p><a href="https://www.amazon.com/dp/B07C99C39S?tag=eloabder-20&linkCode=osi&th=1&psc=1">View Product</a></div><div class="product"><a href="https://www.amazon.com/dp/B00UASJJX6?tag=eloabder-20&linkCode=osi&th=1&psc=1"><img src="https://m.media-amazon.com/images/I/51JyBlhNEuL._SL500_.jpg" alt="Product Image"></a><p>U by Kotex Balance Wrapped Panty Liners, Regular Length, 80 Count (Packaging May Vary)</p><p> -65% 0FF </p><p>$3.50 ($0.04 / Count)</p><a href="https://www.amazon.com/dp/B00UASJJX6?tag=eloabder-20&linkCode=osi&th=1&psc=1">View Product</a></div><div class="product"><a href="https://www.amazon.com/dp/B004RSO890?tag=eloabder-20&linkCode=osi&th=1&psc=1"><img src="https://m.media-amazon.com/images/I/41wY7+hDP5L._SL500_.jpg" alt="Product Image"></a><p>Carefree Thong Regular 49 Count Unscented Liner</p><p> -28% 0FF </p><p>$3.58 ($0.07 / Count)</p><a href="https://www.amazon.com/dp/B004RSO890?tag=eloabder-20&linkCode=osi&th=1&psc=1">View Product</a></div><div class="product"><a href="https://www.amazon.com/dp/B0DR3579J9?tag=eloabder-20&linkCode=osi&th=1&psc=1"><img src="https://m.media-amazon.com/images/I/51NcGafWnNL._SL500_.jpg" alt="Product Image"></a><p>Always Daily Protect Liners, Regular Length, Unscented, 96 Count</p><p> -10% 0FF </p><p>$7.17 ($0.07 / Count)</p><a href="https://www.amazon.com/dp/B0DR3579J9?tag=eloabder-20&linkCode=osi&th=1&psc=1">View Product</a></div><div class="product"><a href="https://www.amazon.com/dp/B09VMHGQFG?tag=eloabder-20&linkCode=osi&th=1&psc=1"><img src="https://m.media-amazon.com/images/I/4141Nw-Z01L._SL500_.jpg" alt="Product Image"></a><p>Carefree Panty Liners for Women, Extra Long, Unwrapped, Unscented, 100ct | Pantiliners, Carefree, Daily for Women, Light Periods and Leaks, 8-Hour Odor Control|100ct (Packaging May Vary)</p><p> -32% 0FF </p><p>$6.78 ($0.07 / Count)</p><a href="https://www.amazon.com/dp/B09VMHGQFG?tag=eloabder-20&linkCode=osi&th=1&psc=1">View Product</a></div>
<div class="product"><a href="https://www.amazon.com/dp/B0DSLZWGDN?tag=eloabder-20&linkCode=osi&th=1&psc=1"><img src="https://m.media-amazon.com/images/I/41wmZddDUXL._SL500_.jpg" alt="Product Image"></a><p>Summer's Eve Ultimate Odor Protection Daily Feminine Wipes, Gentle pH-Balanced Formula with Boric Acid Cleanses & Removes Vaginal Odor, Resealable Pack, 32 Body Wipes</p><p> -29% 0FF </p><p>$4.98 ($0.16 / Count)</p><a href="https://www.amazon.com/dp/B0DSLZWGDN?tag=eloabder-20&linkCode=osi&th=1&psc=1">View Product</a></div><div class="product"><a href="https://www.amazon.com/dp/B0D1KXV9ZS?tag=eloabder-20&linkCode=osi&th=1&psc=1"><img src="https://m.media-amazon.com/images/I/311Liu9BWoL._SL500_.jpg" alt="Product Image"></a><p>Vagisil pH Balance Daily Freshening Wipes for Feminine Hygiene in Resealable Pouch, Gynecologist Tested & Hypoallergenic, 20 Wipes (Pack of 1)</p><p> -40% 0FF </p><p>$2.97 ($0.15 / Count)</p><a href="https://www.amazon.com/dp/B0D1KXV9ZS?tag=eloabder-20&linkCode=osi&th=1&psc=1">View Product</a></div><div class="product"><a href="https://www.amazon.com/dp/B07DVY2PDZ?tag=eloabder-20&linkCode=osi&th=1&psc=1"><img src="https://m.media-amazon.com/images/I/51m-hobgS9L._SL500_.jpg" alt="Product Image"></a><p>Charmin Flushable Wipes, 160 Total Wipes (4 Packs of 40)</p><p> -28% 0FF </p><p>$7.96 ($4.98 / 100 Sheets)</p><a href="https://www.amazon.com/dp/B07DVY2PDZ?tag=eloabder-20&linkCode=osi&th=1&psc=1">View Product</a></div>
<div class="product"><a href="https://www.amazon.com/dp/B0735Q681B?tag=eloabder-20&linkCode=osi&th=1&psc=1"><img src="https://m.media-amazon.com/images/I/41UQXD2pkLL._SL500_.jpg" alt="Product Image"></a><p>SKYN Elite – 36 Count – Ultra-Thin, Lubricated Latex-Free Condoms</p><p> -5% 0FF </p><p>$18.97 ($0.53 / Count)</p><a href="https://www.amazon.com/dp/B0735Q681B?tag=eloabder-20&linkCode=osi&th=1&psc=1">View Product</a></div><div class="product"><a href="https://www.amazon.com/dp/B004TTXA8C?tag=eloabder-20&linkCode=osi&th=1&psc=1"><img src="https://m.media-amazon.com/images/I/51gr4F37KPL._SL500_.jpg" alt="Product Image"></a><p>LifeStyles Ultra Sensitive Natural Feeling Lubricated Latex Condoms, 40 Count</p><p> -43% 0FF </p><p>$12.58 ($0.31 / Count)</p><a href="https://www.amazon.com/dp/B004TTXA8C?tag=eloabder-20&linkCode=osi&th=1&psc=1">View Product</a></div>
<div class="product"><a href="https://www.amazon.com/dp/B075SN1MY9?tag=eloabder-20&linkCode=osi&th=1&psc=1"><img src="https://m.media-amazon.com/images/I/319iqKV2u8L._SL500_.jpg" alt="Product Image"></a><p>LubeLife Water-Based Lube – Personal Lubricant for Men, Women & Couples, Travel Size, Non-Staining, Easy Clean-Up, Toy-Safe, 8 Fl Oz</p><p> -9% 0FF </p><p>$9.99 ($1.25 / Fl Oz)</p><a href="https://www.amazon.com/dp/B075SN1MY9?tag=eloabder-20&linkCode=osi&th=1&psc=1">View Product</a></div><div class="product"><a href="https://www.amazon.com/dp/B004GW9GXU?tag=eloabder-20&linkCode=osi&th=1&psc=1"><img src="https://m.media-amazon.com/images/I/41ubL2N3JBL._SL500_.jpg" alt="Product Image"></a><p>K-Y Ultragel Water Based Personal Lubricant, pH Balanced Lube, Paraben Free, Non-Sticky, Non-Staining, 4.5 fl oz</p><p> -18% 0FF </p><p>$9.79 ($2.18 / Ounce)</p><a href="https://www.amazon.com/dp/B004GW9GXU?tag=eloabder-20&linkCode=osi&th=1&psc=1">View Product</a></div><div class="product"><a href="https://www.amazon.com/dp/B000ZPN1TC?tag=eloabder-20&linkCode=osi&th=1&psc=1"><img src="https://m.media-amazon.com/images/I/41vi+SxqxdL._SL500_.jpg" alt="Product Image"></a><p>Astroglide Water Based Lube (2.5oz), Liquid Personal Lubricant for Long-Lasting Pleasure for Men, Women and Couples, Safe for Toys, Travel-Friendly Size</p><p> -25% 0FF </p><p>$5.98 ($2.39 / Fl Oz)</p><a href="https://www.amazon.com/dp/B000ZPN1TC?tag=eloabder-20&linkCode=osi&th=1&psc=1">View Product</a></div><div class="product"><a href="https://www.amazon.com/dp/B0D8R1MBBP?tag=eloabder-20&linkCode=osi&th=1&psc=1"><img src="https://m.media-amazon.com/images/I/41w1UikOx8L._SL500_.jpg" alt="Product Image"></a><p>Astroglide Water Based Lube (7oz), Ultra Gentle Gel Personal Lubricant for Vaginal and Anal Sex, Stays Put with No Drip, Sex Lube, Long-Lasting for Men, Women and Couples, Safe for Toys</p><p> -46% 0FF </p><p>$6.98 ($1.00 / Ounce)</p><a href="https://www.amazon.com/dp/B0D8R1MBBP?tag=eloabder-20&linkCode=osi&th=1&psc=1">View Product</a></div>
<div class="product"><a href="https://www.amazon.com/dp/B07BGLT25K?tag=eloabder-20&linkCode=osi&th=1&psc=1"><img src="https://m.media-amazon.com/images/I/51NpHDcaw8L._SL500_.jpg" alt="Product Image"></a><p>Scott ComfortPlus Toilet Paper, 12 Double Rolls, 231 Sheets per Roll, Septic-Safe, 1-Ply Toilet Tissue</p><p> -12% 0FF </p><p>$5.68 ($0.20 / 100 Sheets)</p><a href="https://www.amazon.com/dp/B07BGLT25K?tag=eloabder-20&linkCode=osi&th=1&psc=1">View Product</a></div><div class="product"><a href="https://www.amazon.com/dp/B0CDZJ9JJC?tag=eloabder-20&linkCode=osi&th=1&psc=1"><img src="https://m.media-amazon.com/images/I/51Er7PSBqML._SL500_.jpg" alt="Product Image"></a><p>Charmin Ultra Soft Toilet Paper 6 Mega Rolls = 24 Regular Rolls</p><p> -27% 0FF </p><p>$7.97 ($0.59 / 100 Sheets)</p><a href="https://www.amazon.com/dp/B0CDZJ9JJC?tag=eloabder-20&linkCode=osi&th=1&psc=1">View Product</a></div><div class="product"><a href="https://www.amazon.com/dp/B000VCFB0G?tag=eloabder-20&linkCode=osi&th=1&psc=1"><img src="https://m.media-amazon.com/images/I/419yTBsVOFL._SL500_.jpg" alt="Product Image"></a><p>Bounty Quilted Napkins 1-Ply 12 1/10 x 12 White 200/Pack (96595PK)</p><p> -19% 0FF </p><p>$3.48 ($0.02 / Count)</p><a href="https://www.amazon.com/dp/B000VCFB0G?tag=eloabder-20&linkCode=osi&th=1&psc=1">View Product</a></div>


<div class="product"><a href="https://www.amazon.com/dp/B07BHCB9Y2?tag=eloabder-20&linkCode=osi&th=1&psc=1"><img src="https://m.media-amazon.com/images/I/51syx3ENHSL._SL500_.jpg" alt="Product Image"></a><p>PURA D'OR Anti-Thinning Biotin Shampoo & Deep Moisturizing Conditioner Original Gold Label Set (16oz x2) Natural Earthy Scent, CLINICALLY TESTED Effective Results, Hair Thickening Product, Women & Men</p><p> -15% 0FF </p><p>$33.99 ($1.06 / Fl Oz)</p><a href="https://www.amazon.com/dp/B07BHCB9Y2?tag=eloabder-20&linkCode=osi&th=1&psc=1">View Product</a></div><div class="product"><a href="https://www.amazon.com/dp/B0DVBKH321?tag=eloabder-20&linkCode=osi&th=1&psc=1"><img src="https://m.media-amazon.com/images/I/41QgluZ4kwL._SL500_.jpg" alt="Product Image"></a><p>Nature Made Hair Growth Softgels with Lustriva, Biotin, Vitamin C & A, Support Healthy Hair as You Age, 30 Softgels, 30 Day Supply</p><p> -23% 0FF </p><p>$26.99 ($0.90 / Count)</p><a href="https://www.amazon.com/dp/B0DVBKH321?tag=eloabder-20&linkCode=osi&th=1&psc=1">View Product</a></div><div class="product"><a href="https://www.amazon.com/dp/B00M6I5SNI?tag=eloabder-20&linkCode=osi&th=1&psc=1"><img src="https://m.media-amazon.com/images/I/51f-YmwJOfL._SL500_.jpg" alt="Product Image"></a><p>Rogaine for Women 5% Minoxidil Foam, Growth Treatment for Thinning & Hair Loss, Once-A-Day Unscented Topical Foam, Regrow Fuller Thicker Hair, Dermatologist Recommended, 4-Month Supply, 2 x 2.11 oz</p><p> -11% 0FF </p><p>$39.99 ($18.95 / Ounce)</p><a href="https://www.amazon.com/dp/B00M6I5SNI?tag=eloabder-20&linkCode=osi&th=1&psc=1">View Product</a></div>

<div class="product"><a href="https://www.amazon.com/dp/B0FS2XTBJW?tag=eloabder-20&linkCode=osi&th=1&psc=1"><img src="https://m.media-amazon.com/images/I/413BHekXfiL._SL500_.jpg" alt="Product Image"></a><p>ZHIXJIA Knee Massager with Heat, 3-in-1 Smart Portable, 3 Vibration Modes and 3 Heating Levels LED Vitality Joints Knee Massager, Gift for Men and Women, Black</p><p> -78% 0FF </p><p>$99.99 ($99.99 / Count)</p><a href="https://www.amazon.com/dp/B0FS2XTBJW?tag=eloabder-20&linkCode=osi&th=1&psc=1">View Product</a></div><div class="product"><a href="https://www.amazon.com/dp/B0FHQ3WV4L?tag=eloabder-20&linkCode=osi&th=1&psc=1"><img src="https://m.media-amazon.com/images/I/412JLGi0PiL._SL500_.jpg" alt="Product Image"></a><p>DUBSTAR 3-in-1 Pill Crusher Pill Grinder, Pill Crusher Fine Powder with Brush, Pill Crushers for Elderly with Pill Cutter and Storage, Pill Cutter Splitter for Small or Large Pills (Green)</p><p> -29% 0FF </p><p>$9.99 ($9.99 / Count)</p><a href="https://www.amazon.com/dp/B0FHQ3WV4L?tag=eloabder-20&linkCode=osi&th=1&psc=1">View Product</a></div><div class="product"><a href="https://www.amazon.com/dp/B0FR4SPYFK?tag=eloabder-20&linkCode=osi&th=1&psc=1"><img src="https://m.media-amazon.com/images/I/41+owzP2llL._SL500_.jpg" alt="Product Image"></a><p>DEPAD Adjustable Pill Cutters Splitter for Small and Tiny Pills with Accurate Alignment, Pill Cutters for Small or Large Pills with Sharp Safe Blade</p><p> -23% 0FF </p><p>$9.99</p><a href="https://www.amazon.com/dp/B0FR4SPYFK?tag=eloabder-20&linkCode=osi&th=1&psc=1">View Product</a></div><div class="product"><a href="https://www.amazon.com/dp/B0F9NTTCWX?tag=eloabder-20&linkCode=osi&th=1&psc=1"><img src="https://m.media-amazon.com/images/I/51rTYaWSgtL._SL500_.jpg" alt="Product Image"></a><p>AUVON Dual Channel TENS Unit Muscle Stimulator Machine with 20 Modes, 2" and 2"x4" TENS Unit Electrode Pads (Red)</p><p> -28% 0FF </p><p>$25.99</p><a href="https://www.amazon.com/dp/B0F9NTTCWX?tag=eloabder-20&linkCode=osi&th=1&psc=1">View Product</a></div><div class="product"><a href="https://www.amazon.com/dp/B0D63FTHH4?tag=eloabder-20&linkCode=osi&th=1&psc=1"><img src="https://m.media-amazon.com/images/I/41Gu1013yRL._SL500_.jpg" alt="Product Image"></a><p>Yicotira 4 Pack Reusable Microfiber Mop Pads Compatible with Swiffer Sweeper - Dry Sweeping Cloths & Wet Pad Refills for Wet & Dry, Washable Pads Refills for Household Cleaning (Mop is not Included)</p><p> -34% 0FF </p><p>$8.54 ($2.14 / Count)</p><a href="https://www.amazon.com/dp/B0D63FTHH4?tag=eloabder-20&linkCode=osi&th=1&psc=1">View Product</a></div>
<div class="product"><a href="https://www.amazon.com/dp/B000ZLVUYO?tag=eloabder-20&linkCode=osi&th=1&psc=1"><img src="https://m.media-amazon.com/images/I/41CNAwwnEqL._SL500_.jpg" alt="Product Image"></a><p>It's A 10 Miracle Hair Mask, 8-Ounce</p><p> -16% 0FF </p><p>$25.99 ($3.25 / Fl Oz)</p><a href="https://www.amazon.com/dp/B000ZLVUYO?tag=eloabder-20&linkCode=osi&th=1&psc=1">View Product</a></div><div class="product"><a href="https://www.amazon.com/dp/B07VCGRBGT?tag=eloabder-20&linkCode=osi&th=1&psc=1"><img src="https://m.media-amazon.com/images/I/51QprRDhFoL._SL500_.jpg" alt="Product Image"></a><p>Palmer's Coconut Oil Formula Moisture Boost Protein Pack, Hair Treatment for Dry, Damaged, Over-Processed and Colored Hair, 2.1 Ounce (Pack of 12)</p><p> -67% 0FF </p><p>$11.09 ($0.92 / Ounce)</p><a href="https://www.amazon.com/dp/B07VCGRBGT?tag=eloabder-20&linkCode=osi&th=1&psc=1">View Product</a></div>
<div class="product"><a href="https://www.amazon.com/dp/B01A74442I?tag=eloabder-20&linkCode=osi&th=1&psc=1"><img src="https://m.media-amazon.com/images/I/51crUDqQzIL._SL500_.jpg" alt="Product Image"></a><p>Cliganic Organic Jojoba Oil, 100% Pure (4oz) | Moisturizing for Face, Hair, Skin & Nails | Natural Cold Pressed Hexane Free | Base Carrier Oil</p><p> -27% 0FF </p><p>$9.48 ($2.37 / Fl Oz)</p><a href="https://www.amazon.com/dp/B01A74442I?tag=eloabder-20&linkCode=osi&th=1&psc=1">View Product</a></div><div class="product"><a href="https://www.amazon.com/dp/B09PR9R9SL?tag=eloabder-20&linkCode=osi&th=1&psc=1"><img src="https://m.media-amazon.com/images/I/51EyKsoMSlL._SL500_.jpg" alt="Product Image"></a><p>KUKKA Rosemary Essential Oils - 4 Fl Oz - for Hair, Skin, Diffuser, Aromatherapy & DIY Soap Making Scent</p><p> -33% 0FF </p><p>$12.99 ($3.25 / Fl Oz)</p><a href="https://www.amazon.com/dp/B09PR9R9SL?tag=eloabder-20&linkCode=osi&th=1&psc=1">View Product</a></div><div class="product"><a href="https://www.amazon.com/dp/B004Z209HS?tag=eloabder-20&linkCode=osi&th=1&psc=1"><img src="https://m.media-amazon.com/images/I/41h5nZqdm+L._SL500_.jpg" alt="Product Image"></a><p>PURA D'OR 4 Oz ORGANIC Moroccan Argan Oil - USDA Certified 100% Pure & Cold Pressed Virgin Premium Grade Natural Moisturizer Treatment For Dry, Damaged Skin, Hair, Face, Body & Scalp - Men & Women</p><p> -12% 0FF </p><p>$14.99 ($3.75 / Fl Oz)</p><a href="https://www.amazon.com/dp/B004Z209HS?tag=eloabder-20&linkCode=osi&th=1&psc=1">View Product</a></div>
<div class="product"><a href="https://www.amazon.com/dp/B004YVDIAU?tag=eloabder-20&linkCode=osi&th=1&psc=1"><img src="https://m.media-amazon.com/images/I/313PkUEQj5L._SL500_.jpg" alt="Product Image"></a><p>Garnier Fructis Style Curl Sculpt Conditioning Cream Gel for Bounce & Moisture, 5.1 Fl Oz, 1 Count (Packaging May Vary)</p><p> -21% 0FF </p><p>$4.73 ($0.93 / Ounce)</p><a href="https://www.amazon.com/dp/B004YVDIAU?tag=eloabder-20&linkCode=osi&th=1&psc=1">View Product</a></div><div class="product"><a href="https://www.amazon.com/dp/B0002Z90RM?tag=eloabder-20&linkCode=osi&th=1&psc=1"><img src="https://m.media-amazon.com/images/I/31xKcrbq12L._SL500_.jpg" alt="Product Image"></a><p>RUSK Designer Collection Thick Body and Texture Amplifier Spray, 6 Oz, For Fine, Limp, Flat or Lazy Hair Types - Contains Wheat Protein, Adds Strength, Texture, Volume & Moisture</p><p> -5% 0FF </p><p>$17.50 ($2.92 / Fl Oz)</p><a href="https://www.amazon.com/dp/B0002Z90RM?tag=eloabder-20&linkCode=osi&th=1&psc=1">View Product</a></div><div class="product"><a href="https://www.amazon.com/dp/B0013NE2Y8?tag=eloabder-20&linkCode=osi&th=1&psc=1"><img src="https://m.media-amazon.com/images/I/31A8kEJJlIL._SL500_.jpg" alt="Product Image"></a><p>John Frieda Frizz Ease Original Hair Serum, Protecting Against Frizz, Heat, and Humidity While Adding Shine, Smooths Strands and Hydrates Parched Hair with Argan, Coconut, and Moringa Oil, 1.69 Oz</p><p> -33% 0FF </p><p>$8.01 ($4.74 / Fl Oz)</p><a href="https://www.amazon.com/dp/B0013NE2Y8?tag=eloabder-20&linkCode=osi&th=1&psc=1">View Product</a></div>
<div class="product"><a href="https://www.amazon.com/dp/B004BYSR6K?tag=eloabder-20&linkCode=osi&th=1&psc=1"><img src="https://m.media-amazon.com/images/I/41RMAGucP7L._SL500_.jpg" alt="Product Image"></a><p>L'Oreal Paris Excellence Crème Permanent Hair Dye, Triple Care Hair Color with Pro-Keratine Complex for 100% Gray Hair Coverage, 5 Medium Brown, 1 Kit</p><p> -23% 0FF </p><p>$9.98</p><a href="https://www.amazon.com/dp/B004BYSR6K?tag=eloabder-20&linkCode=osi&th=1&psc=1">View Product</a></div><div class="product"><a href="https://www.amazon.com/dp/B00006JN4P?tag=eloabder-20&linkCode=osi&th=1&psc=1"><img src="https://m.media-amazon.com/images/I/51mGD8V4I7L._SL500_.jpg" alt="Product Image"></a><p>L'Oreal Paris Superior Preference Fade-Defying + Shine Permanent Hair Color, 8 Medium Blonde, Pack of 1, Hair Dye</p><p> -36% 0FF </p><p>$8.97</p><a href="https://www.amazon.com/dp/B00006JN4P?tag=eloabder-20&linkCode=osi&th=1&psc=1">View Product</a></div><div class="product"><a href="https://www.amazon.com/dp/B000KOU7FE?tag=eloabder-20&linkCode=osi&th=1&psc=1"><img src="https://m.media-amazon.com/images/I/51BV0dgoMnL._SL500_.jpg" alt="Product Image"></a><p>L'Oreal Paris Feria Multi-Faceted Shimmering Permanent Hair Color, B61 Downtown Brown (Hi-Lift Cool Brown), Pack of 1, Hair Dye</p><p> -7% 0FF </p><p>$12.97</p><a href="https://www.amazon.com/dp/B000KOU7FE?tag=eloabder-20&linkCode=osi&th=1&psc=1">View Product</a></div><div class="product"><a href="https://www.amazon.com/dp/B003AYEGGW?tag=eloabder-20&linkCode=osi&th=1&psc=1"><img src="https://m.media-amazon.com/images/I/41usJCtVqUL._SL500_.jpg" alt="Product Image"></a><p>Clairol Root Touch-Up by Nice'n Easy Permanent Hair Dye, 2 Black Hair Color, Pack of 2</p><p> -6% 0FF </p><p>$15.96 ($7.25 / Fl Oz)</p><a href="https://www.amazon.com/dp/B003AYEGGW?tag=eloabder-20&linkCode=osi&th=1&psc=1">View Product</a></div><div class="product"><a href="https://www.amazon.com/dp/B000NSW0EI?tag=eloabder-20&linkCode=osi&th=1&psc=1"><img src="https://m.media-amazon.com/images/I/51ZOUeoIXAS._SL500_.jpg" alt="Product Image"></a><p>Just For Men Shampoo In Color, Hair Color for Men with Keratin and Vitamin E for Stronger Hair, Restores Natural Hair Color, Medium Brown, H-35, Pack of 3</p><p> -10% 0FF </p><p>$26.88</p><a href="https://www.amazon.com/dp/B000NSW0EI?tag=eloabder-20&linkCode=osi&th=1&psc=1">View Product</a></div><div class="product"><a href="https://www.amazon.com/dp/B004DKB08E?tag=eloabder-20&linkCode=osi&th=1&psc=1"><img src="https://m.media-amazon.com/images/I/41dA53oe85L._SL500_.jpg" alt="Product Image"></a><p>John Frieda Precision Foam Colour, Medium Natural Brown 5N, Full-coverage Hair Color Kit, Anti-Fade Gray Coverage, Deep Color Saturation Hair Dye, 1 Application</p><p> -8% 0FF </p><p>$11.92</p><a href="https://www.amazon.com/dp/B004DKB08E?tag=eloabder-20&linkCode=osi&th=1&psc=1">View Product</a></div><div class="product"><a href="https://www.amazon.com/dp/B000KOHSQA?tag=eloabder-20&linkCode=osi&th=1&psc=1"><img src="https://m.media-amazon.com/images/I/51voB2QwdLL._SL500_.jpg" alt="Product Image"></a><p>L'Oreal Paris Couleur Experte 2-Step Home Hair Color and Highlights Kit, French Éclair</p><p> -18% 0FF </p><p>$13.97</p><a href="https://www.amazon.com/dp/B000KOHSQA?tag=eloabder-20&linkCode=osi&th=1&psc=1">View Product</a></div>
<div class="product"><a href="https://www.amazon.com/dp/B005CSYTCU?tag=eloabder-20&linkCode=osi&th=1&psc=1"><img src="https://m.media-amazon.com/images/I/41og7wvl2GL._SL500_.jpg" alt="Product Image"></a><p>Goody Ouchless Polyband Hair Ties - 250 Ct, Clear, Latex Hair Bands for Women's Hair, Easy Glide, Ultra-Strong Hold Hair Accessories for Women & Men, Secure Hold Ridge Design, All Hair Types</p><p> -19% 0FF </p><p>$3.19 ($0.01 / Count)</p><a href="https://www.amazon.com/dp/B005CSYTCU?tag=eloabder-20&linkCode=osi&th=1&psc=1">View Product</a></div><div class="product"><a href="https://www.amazon.com/dp/B00CGN9LQ8?tag=eloabder-20&linkCode=osi&th=1&psc=1"><img src="https://m.media-amazon.com/images/I/41LhEO75hIL._SL500_.jpg" alt="Product Image"></a><p>Crave Naturals Glide Thru Hair Brush - Detangler Brush for Curly, Straight, Wet or Dry Hair - Gentle Detangling Brushes for Adults, Kids, Toddlers - Hair Accessories for Women, 7.5x3 - Pink</p><p> -47% 0FF </p><p>$8.49</p><a href="https://www.amazon.com/dp/B00CGN9LQ8?tag=eloabder-20&linkCode=osi&th=1&psc=1">View Product</a></div><div class="product"><a href="https://www.amazon.com/dp/B00DLWO7D0?tag=eloabder-20&linkCode=osi&th=1&psc=1"><img src="https://m.media-amazon.com/images/I/31ISZI2zfzL._SL500_.jpg" alt="Product Image"></a><p>Goody Smooth and Sleek Wood Styling Brush with Natural Boar Bristles, Flyaway Free Finish, For All Hair Types, Brown, 1CT</p><p> -20% 0FF </p><p>$4.62</p><a href="https://www.amazon.com/dp/B00DLWO7D0?tag=eloabder-20&linkCode=osi&th=1&psc=1">View Product</a></div>
<div class="product"><a href="https://www.amazon.com/dp/B00HFQQ0VU?tag=eloabder-20&linkCode=osi&th=1&psc=1"><img src="https://m.media-amazon.com/images/I/41J4CJ+ERsL._SL500_.jpg" alt="Product Image"></a><p>Waterpik Aquarius Water Flosser For Teeth Cleaning, Gums, Braces, Dental Care, Electric Power With 10 Settings, 7 Tips For Multiple Users And Needs, ADA Accepted, White WP-660, Packaging May Vary</p><p> -20% 0FF </p><p>$79.99</p><a href="https://www.amazon.com/dp/B00HFQQ0VU?tag=eloabder-20&linkCode=osi&th=1&psc=1">View Product</a></div><div class="product"><a href="https://www.amazon.com/dp/B000QXH4PK?tag=eloabder-20&linkCode=osi&th=1&psc=1"><img src="https://m.media-amazon.com/images/I/41BYUSQaRKL._SL500_.jpg" alt="Product Image"></a><p>Listerine PocketPaks Cool Mint Breath Strips, Portable Pocket-Sized Oral Care Mouth Freshener, Dissolving Strips Kill 99% of Bad Breath Germs, Sugar Free, 3 x 24-Strip Packs</p><p> -18% 0FF </p><p>$5.72 ($0.08 / Count)</p><a href="https://www.amazon.com/dp/B000QXH4PK?tag=eloabder-20&linkCode=osi&th=1&psc=1">View Product</a></div><div class="product"><a href="https://www.amazon.com/dp/B07LGSYTLM?tag=eloabder-20&linkCode=osi&th=1&psc=1"><img src="https://m.media-amazon.com/images/I/31YRxbr1qCL._SL500_.jpg" alt="Product Image"></a><p>DenTek Professional Oral Care Kit, Complete Set of Dental Tools Including Mirror, Dental Pick, Scaler & Stimulator</p><p> -9% 0FF </p><p>$6.39</p><a href="https://www.amazon.com/dp/B07LGSYTLM?tag=eloabder-20&linkCode=osi&th=1&psc=1">View Product</a></div><div class="product"><a href="https://www.amazon.com/dp/B01LAY47D0?tag=eloabder-20&linkCode=osi&th=1&psc=1"><img src="https://m.media-amazon.com/images/I/41y93UxXRvL._SL500_.jpg" alt="Product Image"></a><p>MasterMedi Tongue Scraper for Adults with Multicolor Travel Cases (2 Pack), 100% Stainless Steel, Reduce Bad Breath, Tongue Scrubber, Easy to Use, Tongue Cleaner for Oral Care & Hygiene</p><p> -34% 0FF </p><p>$9.95 ($4.98 / Count)</p><a href="https://www.amazon.com/dp/B01LAY47D0?tag=eloabder-20&linkCode=osi&th=1&psc=1">View Product</a></div>
<div class="product"><a href="https://www.amazon.com/dp/B09F8FZ18G?tag=eloabder-20&linkCode=osi&th=1&psc=1"><img src="https://m.media-amazon.com/images/I/51WkgqQXqCL._SL500_.jpg" alt="Product Image"></a><p>Crest 3D White Advanced Luminous Mint Teeth Whitening Toothpaste, Crest Toothpaste, 3.7 oz Pack of 4 - Helps Remove Surface Stains, Whitens Teeth, Strengthens Tooth Enamel, Protects Against Cavities</p><p> -20% 0FF </p><p>$11.99 ($0.81 / Ounce)</p><a href="https://www.amazon.com/dp/B09F8FZ18G?tag=eloabder-20&linkCode=osi&th=1&psc=1">View Product</a></div><div class="product"><a href="https://www.amazon.com/dp/B083JHCCV2?tag=eloabder-20&linkCode=osi&th=1&psc=1"><img src="https://m.media-amazon.com/images/I/31ppsn+WAqL._SL500_.jpg" alt="Product Image"></a><p>Boka Fluoride Free Toothpaste, Nano Hydroxyapatite Toothpaste, Appropriate for Sensitive Teeth - for Adult, Kids Oral Care - Ela Mint Flavor, 4 Fl Oz 1Pk US Manufactured</p><p> -10% 0FF </p><p>$11.75 ($2.94 / Ounce)</p><a href="https://www.amazon.com/dp/B083JHCCV2?tag=eloabder-20&linkCode=osi&th=1&psc=1">View Product</a></div><div class="product"><a href="https://www.amazon.com/dp/B0BLWLL3FV?tag=eloabder-20&linkCode=osi&th=1&psc=1"><img src="https://m.media-amazon.com/images/I/519IfsN7qIL._SL500_.jpg" alt="Product Image"></a><p>Colgate Total Whitening Toothpaste Paste, 5.1 oz, 4 Pack, Fluoride, Antibacterial, for Plaque, Gingivitis, Sensitivity, Stain Removal, Clinically Proven, Mint, Teeth Whitening, Stannous Fluoride</p><p> -10% 0FF </p><p>$14.38 ($0.70 / Fl Oz)</p><a href="https://www.amazon.com/dp/B0BLWLL3FV?tag=eloabder-20&linkCode=osi&th=1&psc=1">View Product</a></div>
<div class="product"><a href="https://www.amazon.com/dp/B00CC6XSRC?tag=eloabder-20&linkCode=osi&th=1&psc=1"><img src="https://m.media-amazon.com/images/I/41OKKVbMN-L._SL500_.jpg" alt="Product Image"></a><p>Colgate Extra Clean Toothbrush, Medium Toothbrush for Adults, 6 Pack</p><p> -10% 0FF </p><p>$4.96 ($0.83 / Count)</p><a href="https://www.amazon.com/dp/B00CC6XSRC?tag=eloabder-20&linkCode=osi&th=1&psc=1">View Product</a></div><div class="product"><a href="https://www.amazon.com/dp/B06XK2M3H3?tag=eloabder-20&linkCode=osi&th=1&psc=1"><img src="https://m.media-amazon.com/images/I/41tntn0c7BL._SL500_.jpg" alt="Product Image"></a><p>Oral-B 3D White Stain Eraser, 4 count SOFT manual tootbrush pack, Removes Stains, Whitens Teeth, Tongue and Cheek Cleaner</p><p> -12% 0FF </p><p>$7.92 ($1.98 / Count)</p><a href="https://www.amazon.com/dp/B06XK2M3H3?tag=eloabder-20&linkCode=osi&th=1&psc=1">View Product</a></div><div class="product"><a href="https://www.amazon.com/dp/B00H88K9EE?tag=eloabder-20&linkCode=osi&th=1&psc=1"><img src="https://m.media-amazon.com/images/I/51ah-EIUbsL._SL500_.jpg" alt="Product Image"></a><p>Colgate 360 Whole Mouth Toothbrush, Adult Toothbrushes Medium Bristles, Helps Remove Bad Breath Bacteria and Plaque, Medium Toothbrush Pack, Includes Cheek and Tongue Cleaner, 4 Pack</p><p> -18% 0FF </p><p>$8.19 ($2.05 / Count)</p><a href="https://www.amazon.com/dp/B00H88K9EE?tag=eloabder-20&linkCode=osi&th=1&psc=1">View Product</a></div><div class="product"><a href="https://www.amazon.com/dp/B003CP12QG?tag=eloabder-20&linkCode=osi&th=1&psc=1"><img src="https://m.media-amazon.com/images/I/41LPe-bdnPL._SL500_.jpg" alt="Product Image"></a><p>Oral-B Pulsar Pro-Health Expert Clean, Battery electric toothbrush, 2 count MEDIUM toothbrush pack, removes plaque, travel essentials tooth brush</p><p> -22% 0FF </p><p>$10.97 ($5.48 / Count)</p><a href="https://www.amazon.com/dp/B003CP12QG?tag=eloabder-20&linkCode=osi&th=1&psc=1">View Product</a></div>
<div class="product"><a href="https://www.amazon.com/dp/B0C881GLNM?tag=eloabder-20&linkCode=osi&th=1&psc=1"><img src="https://m.media-amazon.com/images/I/51C2ohy2RWL._SL500_.jpg" alt="Product Image"></a><p>Crest Pro-Health Advanced Mouthwash, Alcohol Free, Multi-Protection, Fresh Mint, 1 L (33.8 fl oz), Pack of 2, Blue</p><p> -9% 0FF </p><p>$10.97 ($0.16 / Fl Oz)</p><a href="https://www.amazon.com/dp/B0C881GLNM?tag=eloabder-20&linkCode=osi&th=1&psc=1">View Product</a></div><div class="product"><a href="https://www.amazon.com/dp/B005IHSPLQ?tag=eloabder-20&linkCode=osi&th=1&psc=1"><img src="https://m.media-amazon.com/images/I/31U2umAytxL._SL500_.jpg" alt="Product Image"></a><p>Listerine Alcohol-Free Mouthwash, Non Alcoholic Mint Oral Rinse Kills 99.9% of Germs That Cause Bad Breath for a Fresh Breath & Clean Mouth, Less Intense Taste, Cool Mint Flavor, 1 L</p><p> -25% 0FF </p><p>$6.99 ($0.21 / Fl Oz)</p><a href="https://www.amazon.com/dp/B005IHSPLQ?tag=eloabder-20&linkCode=osi&th=1&psc=1">View Product</a></div><div class="product"><a href="https://www.amazon.com/dp/B0126XBQK6?tag=eloabder-20&linkCode=osi&th=1&psc=1"><img src="https://m.media-amazon.com/images/I/51dT1Mhf3zL._SL500_.jpg" alt="Product Image"></a><p>Crest Pro-Health Advanced Mouthwash, Alcohol Free, Extra Whitening, Energizing Mint Flavor, 946 mL (32 fl oz)</p><p> -20% 0FF </p><p>$7.17 ($0.22 / Fl Oz)</p><a href="https://www.amazon.com/dp/B0126XBQK6?tag=eloabder-20&linkCode=osi&th=1&psc=1">View Product</a></div><div class="product"><a href="https://www.amazon.com/dp/B00495Q5OW?tag=eloabder-20&linkCode=osi&th=1&psc=1"><img src="https://m.media-amazon.com/images/I/41U0hz++OHL._SL500_.jpg" alt="Product Image"></a><p>Listerine Total Care Anticavity Fluoride Mouthwash, 6 Benefits in 1 Oral Rinse Helps Kill 99% of Bad Breath Germs, Prevents Cavities, Strengthens Teeth, ADA-Accepted, Fresh Mint, 1 L</p><p> -26% 0FF </p><p>$8.79 ($0.27 / fluid ounce(s))</p><a href="https://www.amazon.com/dp/B00495Q5OW?tag=eloabder-20&linkCode=osi&th=1&psc=1">View Product</a></div>
<div class="product"><a href="https://www.amazon.com/dp/B013OKRGWW?tag=eloabder-20&linkCode=osi&th=1&psc=1"><img src="https://m.media-amazon.com/images/I/31s8V2M+RVL._SL500_.jpg" alt="Product Image"></a><p>REACH Waxed Dental Floss, Mint, Plaque Remover for Teeth, Shred Resistant, Floss Slides Smoothly, Easy to Use, Waxed, Deep Cleaning Teeth, Oral Care, PFAS Free, for Adults & Kids, 1 Pack, 55 yd</p><p> -13% 0FF </p><p>$1.29 ($0.01 / Foot)</p><a href="https://www.amazon.com/dp/B013OKRGWW?tag=eloabder-20&linkCode=osi&th=1&psc=1">View Product</a></div><div class="product"><a href="https://www.amazon.com/dp/B014KZLWX4?tag=eloabder-20&linkCode=osi&th=1&psc=1"><img src="https://m.media-amazon.com/images/I/41GyDUKvKAL._SL500_.jpg" alt="Product Image"></a><p>REACH Waxed Dental Floss, Mint, Plaque Remover for Teeth, Shred Resistant, Floss Slides Smoothly, Easy to Use, Waxed, Deep Cleaning Teeth, Oral Care, PFAS Free, for Adults & Kids, 6 Pack, 55 yd</p><p> -13% 0FF </p><p>$10.74 ($0.01 / Foot)</p><a href="https://www.amazon.com/dp/B014KZLWX4?tag=eloabder-20&linkCode=osi&th=1&psc=1">View Product</a></div><div class="product"><a href="https://www.amazon.com/dp/B00UB7BO16?tag=eloabder-20&linkCode=osi&th=1&psc=1"><img src="https://m.media-amazon.com/images/I/41aZF2HKXrL._SL500_.jpg" alt="Product Image"></a><p>Oral-B Glide Complete Floss Picks, Dental Floss Picks, Scope Outlast, 75-ct, Toothpicks Floss Picks</p><p> -20% 0FF </p><p>$3.96 ($0.05 / Count)</p><a href="https://www.amazon.com/dp/B00UB7BO16?tag=eloabder-20&linkCode=osi&th=1&psc=1">View Product</a></div><div class="product"><a href="https://www.amazon.com/dp/B003K01BMI?tag=eloabder-20&linkCode=osi&th=1&psc=1"><img src="https://m.media-amazon.com/images/I/41r6iQVxOzL._SL500_.jpg" alt="Product Image"></a><p>DenTek Triple Clean Advanced Clean Floss Picks, No Break & No Shred Floss, 150 Count, (Packaging May Vary)</p><p> -31% 0FF </p><p>$4.15 ($0.03 / Count)</p><a href="https://www.amazon.com/dp/B003K01BMI?tag=eloabder-20&linkCode=osi&th=1&psc=1">View Product</a></div><div class="product"><a href="https://www.amazon.com/dp/B07WFX1WD2?tag=eloabder-20&linkCode=osi&th=1&psc=1"><img src="https://m.media-amazon.com/images/I/51lqCql47sL._SL500_.jpg" alt="Product Image"></a><p>Oral-B Glide Dental Floss, Scope Flavor, 40m (Pack of 6)</p><p> -20% 0FF </p><p>$15.96 ($0.02 / Foot)</p><a href="https://www.amazon.com/dp/B07WFX1WD2?tag=eloabder-20&linkCode=osi&th=1&psc=1">View Product</a></div>
<div class="product"><a href="https://www.amazon.com/dp/B0BVT76MFH?tag=eloabder-20&linkCode=osi&th=1&psc=1"><img src="https://m.media-amazon.com/images/I/419kJTfLfGL._SL500_.jpg" alt="Product Image"></a><p>Crest 3D Whitestrips Sensitive At-Home Teeth Whitening Kit, 18 Treatments, Gently Removes 15 Years of Stains, Crest Whitestrips, Teeth Whitening Kit</p><p> -44% 0FF </p><p>$27.85 ($1.55 / Count)</p><a href="https://www.amazon.com/dp/B0BVT76MFH?tag=eloabder-20&linkCode=osi&th=1&psc=1">View Product</a></div>
<div class="product"><a href="https://www.amazon.com/dp/B0CK1791MR?tag=eloabder-20&linkCode=osi&th=1&psc=1"><img src="https://m.media-amazon.com/images/I/31CZvJQAbDL._SL500_.jpg" alt="Product Image"></a><p>Her Fantasy Box | Refresh pH Balancing Shower Gel - Natural Feminine Hygiene Solution for Gentle Cleansing, Odor Control, and Skin Nourishment - pH-Balanced Formula for All Skin Types (8 oz)</p><p> -6% 0FF </p><p>$14.99 ($1.87 / Fl Oz)</p><a href="https://www.amazon.com/dp/B0CK1791MR?tag=eloabder-20&linkCode=osi&th=1&psc=1">View Product</a></div><div class="product"><a href="https://www.amazon.com/dp/B08L4Q75QP?tag=eloabder-20&linkCode=osi&th=1&psc=1"><img src="https://m.media-amazon.com/images/I/51OkbLfz-2L._SL500_.jpg" alt="Product Image"></a><p>Playtex Sport Tampons Multipack (24ct Regular/24ct Super), Fragrance-Free - 48ct | Tampons Regular and Super, Playtex Tampon Multipack, Feminine Care with 360 Leak Defense</p><p> -29% 0FF </p><p>$9.97 ($0.21 / Count)</p><a href="https://www.amazon.com/dp/B08L4Q75QP?tag=eloabder-20&linkCode=osi&th=1&psc=1">View Product</a></div><div class="product"><a href="https://www.amazon.com/dp/B083M1RG6P?tag=eloabder-20&linkCode=osi&th=1&psc=1"><img src="https://m.media-amazon.com/images/I/51AHoXPV3gL._SL500_.jpg" alt="Product Image"></a><p>U by Kotex Tampons, Click Compact, Regular Absorbency, Unscented, 45 Count</p><p> -48% 0FF </p><p>$6.97 ($0.15 / Count)</p><a href="https://www.amazon.com/dp/B083M1RG6P?tag=eloabder-20&linkCode=osi&th=1&psc=1">View Product</a></div><div class="product"><a href="https://www.amazon.com/dp/B0D5FZGY8W?tag=eloabder-20&linkCode=osi&th=1&psc=1"><img src="https://m.media-amazon.com/images/I/51gWW6a+5uL._SL500_.jpg" alt="Product Image"></a><p>O Positiv URO Vaginal Probiotics for Women pH Balance with Prebiotics & Lactobacillus Probiotic Blend - Vaginal Health Supplement - Promote Healthy Vaginal Odor & Vaginal Flora, 60 Count (Pack of 1)</p><p> -10% 0FF </p><p>$28.97 ($0.48 / Count)</p><a href="https://www.amazon.com/dp/B0D5FZGY8W?tag=eloabder-20&linkCode=osi&th=1&psc=1">View Product</a></div><div class="product"><a href="https://www.amazon.com/dp/B01M1BLRC1?tag=eloabder-20&linkCode=osi&th=1&psc=1"><img src="https://m.media-amazon.com/images/I/51CVKq4e6UL._SL500_.jpg" alt="Product Image"></a><p>Always Maxi Overnight Pads with Wings for Women, Size 5, Extra Heavy Overnight Absorbency, Unscented, 36 Count</p><p> -5% 0FF </p><p>$10.47 ($0.29 / Count)</p><a href="https://www.amazon.com/dp/B01M1BLRC1?tag=eloabder-20&linkCode=osi&th=1&psc=1">View Product</a></div>
<div class="product"><a href="https://www.amazon.com/dp/B083M24HGP?tag=eloabder-20&linkCode=osi&th=1&psc=1"><img src="https://m.media-amazon.com/images/I/51iX7-G8XnL._SL500_.jpg" alt="Product Image"></a><p>U by Kotex Tampons, Click Compact Multipack, Regular/Super Absorbency, Unscented, 45 Count</p><p> -26% 0FF </p><p>$9.97 ($0.22 / Count)</p><a href="https://www.amazon.com/dp/B083M24HGP?tag=eloabder-20&linkCode=osi&th=1&psc=1">View Product</a></div><div class="product"><a href="https://www.amazon.com/dp/B0B33LJX6N?tag=eloabder-20&linkCode=osi&th=1&psc=1"><img src="https://m.media-amazon.com/images/I/512dGlJD9nL._SL500_.jpg" alt="Product Image"></a><p>Tampax Pearl Tampons for Women Multipack, with LeakGuard Braid, Light/Regular/Super Absorbency, Unscented, 94 Count (2 Packs of 47)</p><p> -7% 0FF </p><p>$21.36 ($0.23 / Count)</p><a href="https://www.amazon.com/dp/B0B33LJX6N?tag=eloabder-20&linkCode=osi&th=1&psc=1">View Product</a></div>
<div class="product"><a href="https://www.amazon.com/dp/B01NAX7KC7?tag=eloabder-20&linkCode=osi&th=1&psc=1"><img src="https://m.media-amazon.com/images/I/51SOakjzHvL._SL500_.jpg" alt="Product Image"></a><p>Poise Overnight Incontinence & Postpartum Pads for Bladder Leaks, 8 Drop Extra Coverage, 72 Count (2 Packs of 36), Packaging May Vary</p><p> -7% 0FF </p><p>$41.99 ($0.58 / Count)</p><a href="https://www.amazon.com/dp/B01NAX7KC7?tag=eloabder-20&linkCode=osi&th=1&psc=1">View Product</a></div><div class="product"><a href="https://www.amazon.com/dp/B0BLGRQHCQ?tag=eloabder-20&linkCode=osi&th=1&psc=1"><img src="https://m.media-amazon.com/images/I/51tBxYlTu3L._SL500_.jpg" alt="Product Image"></a><p>Poise Incontinence & Postpartum Pads for Bladder Leaks, 7 Drop Ultra Absorbency, Long Length, 78 Count, Packaging May Vary</p><p> -17% 0FF </p><p>$42.96 ($0.55 / Count)</p><a href="https://www.amazon.com/dp/B0BLGRQHCQ?tag=eloabder-20&linkCode=osi&th=1&psc=1">View Product</a></div>
<div class="product"><a href="https://www.amazon.com/dp/B086JBZW48?tag=eloabder-20&linkCode=osi&th=1&psc=1"><img src="https://m.media-amazon.com/images/I/419mX5-k8XL._SL500_.jpg" alt="Product Image"></a><p>EcoBlossom Reusable Menstrual Cup Set - The Most Reliable Medical Grade Silicone Period Cups - Comfortably use for 12 Hours (Small & Large)</p><p> -20% 0FF </p><p>$15.99 ($8.00 / Count)</p><a href="https://www.amazon.com/dp/B086JBZW48?tag=eloabder-20&linkCode=osi&th=1&psc=1">View Product</a></div><div class="product"><a href="https://www.amazon.com/dp/B07QNVNDMQ?tag=eloabder-20&linkCode=osi&th=1&psc=1"><img src="https://m.media-amazon.com/images/I/41kGVRCvHnL._SL500_.jpg" alt="Product Image"></a><p>Croing Reusable Menstrual Cup Set of 4, Period Cup, 2 pcs Small and 2 pcs Large (Purple and White)</p><p> -33% 0FF </p><p>$9.99 ($2.50 / Count)</p><a href="https://www.amazon.com/dp/B07QNVNDMQ?tag=eloabder-20&linkCode=osi&th=1&psc=1">View Product</a></div><div class="product"><a href="https://www.amazon.com/dp/B08MYQJ95N?tag=eloabder-20&linkCode=osi&th=1&psc=1"><img src="https://m.media-amazon.com/images/I/41C-jls603L._SL500_.jpg" alt="Product Image"></a><p>YTYOMUR Menstrual Cup Steamer Sterilizer with 2 Reusable Menstrual Cups, Period Cups Cleaner Wash Kit</p><p> -37% 0FF </p><p>$20.24</p><a href="https://www.amazon.com/dp/B08MYQJ95N?tag=eloabder-20&linkCode=osi&th=1&psc=1">View Product</a></div><div class="product"><a href="https://www.amazon.com/dp/B081QNN9CD?tag=eloabder-20&linkCode=osi&th=1&psc=1"><img src="https://m.media-amazon.com/images/I/41vipuZyibL._SL500_.jpg" alt="Product Image"></a><p>Talisi Menstrual Cups Set of 2 with Collapsible Cleaner Silicone Sterilizer - Soft Reusable Period Kit - Tampon Pads Disc Alternative - Menstruation Feminine Cup Regular, Heavy Flow (Small & Large)</p><p> -10% 0FF </p><p>$8.99 ($2.25 / Count)</p><a href="https://www.amazon.com/dp/B081QNN9CD?tag=eloabder-20&linkCode=osi&th=1&psc=1">View Product</a></div><div class="product"><a href="https://www.amazon.com/dp/B087WK7LBS?tag=eloabder-20&linkCode=osi&th=1&psc=1"><img src="https://m.media-amazon.com/images/I/410uziY5NGL._SL500_.jpg" alt="Product Image"></a><p>Talisi Menstrual Cups - Reusable Soft Period Cups - Menstruation Feminine Hygiene Products with Silicone Collapsible Sterilizer Case - Regular & Heavy Flow - Large, Small Size Copa Menstrual Kit</p><p> -14% 0FF </p><p>$5.99 ($1.50 / Count)</p><a href="https://www.amazon.com/dp/B087WK7LBS?tag=eloabder-20&linkCode=osi&th=1&psc=1">View Product</a></div>
<div class="product"><a href="https://www.amazon.com/dp/B01ARVVTYW?tag=eloabder-20&linkCode=osi&th=1&psc=1"><img src="https://m.media-amazon.com/images/I/41sOZ7EfDGL._SL500_.jpg" alt="Product Image"></a><p>Carefree Panty Liners for Women, Regular, Wrapped, Unscented, 54ct | Pantiliners, Carefree Liners, Daily Liners for Women, Light Periods and Leaks, 8-Hour Odor Control | 54ct (Packaging May Vary)</p><p> -33% 0FF </p><p>$3.34 ($0.06 / Count)</p><a href="https://www.amazon.com/dp/B01ARVVTYW?tag=eloabder-20&linkCode=osi&th=1&psc=1">View Product</a></div><div class="product"><a href="https://www.amazon.com/dp/B00NJNJ6O6?tag=eloabder-20&linkCode=osi&th=1&psc=1"><img src="https://m.media-amazon.com/images/I/416qKSPSpOL._SL500_.jpg" alt="Product Image"></a><p>Carefree Panty Liners for Women, Regular, Unwrapped, Unscented, 120ct | Pantiliners, Carefree Liners, Daily Liners for Women, Light Periods and Leaks, 8-Hour Odor Control | 120ct (Packaging May Vary)</p><p> -37% 0FF </p><p>$5.97 ($0.05 / Count)</p><a href="https://www.amazon.com/dp/B00NJNJ6O6?tag=eloabder-20&linkCode=osi&th=1&psc=1">View Product</a></div><div class="product"><a href="https://www.amazon.com/dp/B07C99C39S?tag=eloabder-20&linkCode=osi&th=1&psc=1"><img src="https://m.media-amazon.com/images/I/410-MyDdTyL._SL500_.jpg" alt="Product Image"></a><p>U by Kotex Panty Liners, Clean & Secure, Light Absorbency, Long Length, 126 Count (Packaging May Vary)</p><p> -35% 0FF </p><p>$7.79 ($0.06 / Count)</p><a href="https://www.amazon.com/dp/B07C99C39S?tag=eloabder-20&linkCode=osi&th=1&psc=1">View Product</a></div><div class="product"><a href="https://www.amazon.com/dp/B00UASJJX6?tag=eloabder-20&linkCode=osi&th=1&psc=1"><img src="https://m.media-amazon.com/images/I/51JyBlhNEuL._SL500_.jpg" alt="Product Image"></a><p>U by Kotex Balance Wrapped Panty Liners, Regular Length, 80 Count (Packaging May Vary)</p><p> -65% 0FF </p><p>$3.50 ($0.04 / Count)</p><a href="https://www.amazon.com/dp/B00UASJJX6?tag=eloabder-20&linkCode=osi&th=1&psc=1">View Product</a></div><div class="product"><a href="https://www.amazon.com/dp/B004RSO890?tag=eloabder-20&linkCode=osi&th=1&psc=1"><img src="https://m.media-amazon.com/images/I/41wY7+hDP5L._SL500_.jpg" alt="Product Image"></a><p>Carefree Thong Regular 49 Count Unscented Liner</p><p> -28% 0FF </p><p>$3.58 ($0.07 / Count)</p><a href="https://www.amazon.com/dp/B004RSO890?tag=eloabder-20&linkCode=osi&th=1&psc=1">View Product</a></div><div class="product"><a href="https://www.amazon.com/dp/B0DR3579J9?tag=eloabder-20&linkCode=osi&th=1&psc=1"><img src="https://m.media-amazon.com/images/I/51NcGafWnNL._SL500_.jpg" alt="Product Image"></a><p>Always Daily Protect Liners, Regular Length, Unscented, 96 Count</p><p> -10% 0FF </p><p>$7.17 ($0.07 / Count)</p><a href="https://www.amazon.com/dp/B0DR3579J9?tag=eloabder-20&linkCode=osi&th=1&psc=1">View Product</a></div><div class="product"><a href="https://www.amazon.com/dp/B09VMHGQFG?tag=eloabder-20&linkCode=osi&th=1&psc=1"><img src="https://m.media-amazon.com/images/I/4141Nw-Z01L._SL500_.jpg" alt="Product Image"></a><p>Carefree Panty Liners for Women, Extra Long, Unwrapped, Unscented, 100ct | Pantiliners, Carefree, Daily for Women, Light Periods and Leaks, 8-Hour Odor Control|100ct (Packaging May Vary)</p><p> -32% 0FF </p><p>$6.78 ($0.07 / Count)</p><a href="https://www.amazon.com/dp/B09VMHGQFG?tag=eloabder-20&linkCode=osi&th=1&psc=1">View Product</a></div>
<div class="product"><a href="https://www.amazon.com/dp/B0DSLZWGDN?tag=eloabder-20&linkCode=osi&th=1&psc=1"><img src="https://m.media-amazon.com/images/I/41wmZddDUXL._SL500_.jpg" alt="Product Image"></a><p>Summer's Eve Ultimate Odor Protection Daily Feminine Wipes, Gentle pH-Balanced Formula with Boric Acid Cleanses & Removes Vaginal Odor, Resealable Pack, 32 Body Wipes</p><p> -29% 0FF </p><p>$4.98 ($0.16 / Count)</p><a href="https://www.amazon.com/dp/B0DSLZWGDN?tag=eloabder-20&linkCode=osi&th=1&psc=1">View Product</a></div><div class="product"><a href="https://www.amazon.com/dp/B0D1KXV9ZS?tag=eloabder-20&linkCode=osi&th=1&psc=1"><img src="https://m.media-amazon.com/images/I/311Liu9BWoL._SL500_.jpg" alt="Product Image"></a><p>Vagisil pH Balance Daily Freshening Wipes for Feminine Hygiene in Resealable Pouch, Gynecologist Tested & Hypoallergenic, 20 Wipes (Pack of 1)</p><p> -40% 0FF </p><p>$2.97 ($0.15 / Count)</p><a href="https://www.amazon.com/dp/B0D1KXV9ZS?tag=eloabder-20&linkCode=osi&th=1&psc=1">View Product</a></div><div class="product"><a href="https://www.amazon.com/dp/B07DVY2PDZ?tag=eloabder-20&linkCode=osi&th=1&psc=1"><img src="https://m.media-amazon.com/images/I/51m-hobgS9L._SL500_.jpg" alt="Product Image"></a><p>Charmin Flushable Wipes, 160 Total Wipes (4 Packs of 40)</p><p> -28% 0FF </p><p>$7.96 ($4.98 / 100 Sheets)</p><a href="https://www.amazon.com/dp/B07DVY2PDZ?tag=eloabder-20&linkCode=osi&th=1&psc=1">View Product</a></div>
<div class="product"><a href="https://www.amazon.com/dp/B0735Q681B?tag=eloabder-20&linkCode=osi&th=1&psc=1"><img src="https://m.media-amazon.com/images/I/41UQXD2pkLL._SL500_.jpg" alt="Product Image"></a><p>SKYN Elite – 36 Count – Ultra-Thin, Lubricated Latex-Free Condoms</p><p> -5% 0FF </p><p>$18.97 ($0.53 / Count)</p><a href="https://www.amazon.com/dp/B0735Q681B?tag=eloabder-20&linkCode=osi&th=1&psc=1">View Product</a></div><div class="product"><a href="https://www.amazon.com/dp/B004TTXA8C?tag=eloabder-20&linkCode=osi&th=1&psc=1"><img src="https://m.media-amazon.com/images/I/51gr4F37KPL._SL500_.jpg" alt="Product Image"></a><p>LifeStyles Ultra Sensitive Natural Feeling Lubricated Latex Condoms, 40 Count</p><p> -43% 0FF </p><p>$12.58 ($0.31 / Count)</p><a href="https://www.amazon.com/dp/B004TTXA8C?tag=eloabder-20&linkCode=osi&th=1&psc=1">View Product</a></div>
<div class="product"><a href="https://www.amazon.com/dp/B075SN1MY9?tag=eloabder-20&linkCode=osi&th=1&psc=1"><img src="https://m.media-amazon.com/images/I/319iqKV2u8L._SL500_.jpg" alt="Product Image"></a><p>LubeLife Water-Based Lube – Personal Lubricant for Men, Women & Couples, Travel Size, Non-Staining, Easy Clean-Up, Toy-Safe, 8 Fl Oz</p><p> -9% 0FF </p><p>$9.99 ($1.25 / Fl Oz)</p><a href="https://www.amazon.com/dp/B075SN1MY9?tag=eloabder-20&linkCode=osi&th=1&psc=1">View Product</a></div><div class="product"><a href="https://www.amazon.com/dp/B004GW9GXU?tag=eloabder-20&linkCode=osi&th=1&psc=1"><img src="https://m.media-amazon.com/images/I/41ubL2N3JBL._SL500_.jpg" alt="Product Image"></a><p>K-Y Ultragel Water Based Personal Lubricant, pH Balanced Lube, Paraben Free, Non-Sticky, Non-Staining, 4.5 fl oz</p><p> -18% 0FF </p><p>$9.79 ($2.18 / Ounce)</p><a href="https://www.amazon.com/dp/B004GW9GXU?tag=eloabder-20&linkCode=osi&th=1&psc=1">View Product</a></div><div class="product"><a href="https://www.amazon.com/dp/B000ZPN1TC?tag=eloabder-20&linkCode=osi&th=1&psc=1"><img src="https://m.media-amazon.com/images/I/41vi+SxqxdL._SL500_.jpg" alt="Product Image"></a><p>Astroglide Water Based Lube (2.5oz), Liquid Personal Lubricant for Long-Lasting Pleasure for Men, Women and Couples, Safe for Toys, Travel-Friendly Size</p><p> -25% 0FF </p><p>$5.98 ($2.39 / Fl Oz)</p><a href="https://www.amazon.com/dp/B000ZPN1TC?tag=eloabder-20&linkCode=osi&th=1&psc=1">View Product</a></div><div class="product"><a href="https://www.amazon.com/dp/B0D8R1MBBP?tag=eloabder-20&linkCode=osi&th=1&psc=1"><img src="https://m.media-amazon.com/images/I/41w1UikOx8L._SL500_.jpg" alt="Product Image"></a><p>Astroglide Water Based Lube (7oz), Ultra Gentle Gel Personal Lubricant for Vaginal and Anal Sex, Stays Put with No Drip, Sex Lube, Long-Lasting for Men, Women and Couples, Safe for Toys</p><p> -46% 0FF </p><p>$6.98 ($1.00 / Ounce)</p><a href="https://www.amazon.com/dp/B0D8R1MBBP?tag=eloabder-20&linkCode=osi&th=1&psc=1">View Product</a></div>
<div class="product"><a href="https://www.amazon.com/dp/B07BGLT25K?tag=eloabder-20&linkCode=osi&th=1&psc=1"><img src="https://m.media-amazon.com/images/I/51NpHDcaw8L._SL500_.jpg" alt="Product Image"></a><p>Scott ComfortPlus Toilet Paper, 12 Double Rolls, 231 Sheets per Roll, Septic-Safe, 1-Ply Toilet Tissue</p><p> -12% 0FF </p><p>$5.68 ($0.20 / 100 Sheets)</p><a href="https://www.amazon.com/dp/B07BGLT25K?tag=eloabder-20&linkCode=osi&th=1&psc=1">View Product</a></div><div class="product"><a href="https://www.amazon.com/dp/B0CDZJ9JJC?tag=eloabder-20&linkCode=osi&th=1&psc=1"><img src="https://m.media-amazon.com/images/I/51Er7PSBqML._SL500_.jpg" alt="Product Image"></a><p>Charmin Ultra Soft Toilet Paper 6 Mega Rolls = 24 Regular Rolls</p><p> -27% 0FF </p><p>$7.97 ($0.59 / 100 Sheets)</p><a href="https://www.amazon.com/dp/B0CDZJ9JJC?tag=eloabder-20&linkCode=osi&th=1&psc=1">View Product</a></div><div class="product"><a href="https://www.amazon.com/dp/B000VCFB0G?tag=eloabder-20&linkCode=osi&th=1&psc=1"><img src="https://m.media-amazon.com/images/I/419yTBsVOFL._SL500_.jpg" alt="Product Image"></a><p>Bounty Quilted Napkins 1-Ply 12 1/10 x 12 White 200/Pack (96595PK)</p><p> -19% 0FF </p><p>$3.48 ($0.02 / Count)</p><a href="https://www.amazon.com/dp/B000VCFB0G?tag=eloabder-20&linkCode=osi&th=1&psc=1">View Product</a></div>


<div class="product"><a href="https://www.amazon.com/dp/B07BHCB9Y2?tag=eloabder-20&linkCode=osi&th=1&psc=1"><img src="https://m.media-amazon.com/images/I/51syx3ENHSL._SL500_.jpg" alt="Product Image"></a><p>PURA D'OR Anti-Thinning Biotin Shampoo & Deep Moisturizing Conditioner Original Gold Label Set (16oz x2) Natural Earthy Scent, CLINICALLY TESTED Effective Results, Hair Thickening Product, Women & Men</p><p> -15% 0FF </p><p>$33.99 ($1.06 / Fl Oz)</p><a href="https://www.amazon.com/dp/B07BHCB9Y2?tag=eloabder-20&linkCode=osi&th=1&psc=1">View Product</a></div><div class="product"><a href="https://www.amazon.com/dp/B0DVBKH321?tag=eloabder-20&linkCode=osi&th=1&psc=1"><img src="https://m.media-amazon.com/images/I/41QgluZ4kwL._SL500_.jpg" alt="Product Image"></a><p>Nature Made Hair Growth Softgels with Lustriva, Biotin, Vitamin C & A, Support Healthy Hair as You Age, 30 Softgels, 30 Day Supply</p><p> -23% 0FF </p><p>$26.99 ($0.90 / Count)</p><a href="https://www.amazon.com/dp/B0DVBKH321?tag=eloabder-20&linkCode=osi&th=1&psc=1">View Product</a></div><div class="product"><a href="https://www.amazon.com/dp/B00M6I5SNI?tag=eloabder-20&linkCode=osi&th=1&psc=1"><img src="https://m.media-amazon.com/images/I/51f-YmwJOfL._SL500_.jpg" alt="Product Image"></a><p>Rogaine for Women 5% Minoxidil Foam, Growth Treatment for Thinning & Hair Loss, Once-A-Day Unscented Topical Foam, Regrow Fuller Thicker Hair, Dermatologist Recommended, 4-Month Supply, 2 x 2.11 oz</p><p> -11% 0FF </p><p>$39.99 ($18.95 / Ounce)</p><a href="https://www.amazon.com/dp/B00M6I5SNI?tag=eloabder-20&linkCode=osi&th=1&psc=1">View Product</a></div>
<div class="product"><a href="https://www.amazon.com/dp/B00H5PJ0HW?tag=eloabder-20&linkCode=osi&th=1&psc=1"><img src="https://m.media-amazon.com/images/I/414mKN9ZjbL._SL500_.jpg" alt="Product Image"></a><p>Nature's Bounty Magnesium 500 mg Tablets, High Potency Magnesium Supplement for Bone & Muscle Health, Whole Body Support, 200 Count (Pack of 1)</p><p> -48% 0FF </p><p>$6.80 ($0.03 / Count)</p><a href="https://www.amazon.com/dp/B00H5PJ0HW?tag=eloabder-20&linkCode=osi&th=1&psc=1">View Product</a></div><div class="product"><a href="https://www.amazon.com/dp/B07DX89ZHN?tag=eloabder-20&linkCode=osi&th=1&psc=1"><img src="https://m.media-amazon.com/images/I/41jImYlR69L._SL500_.jpg" alt="Product Image"></a><p>Sports Research Triple Strength Omega 3 Fish Oil - Burpless Fish Oil Supplement w/EPA & DHA Fatty Acids from Single-Source Wild Alaskan Pollock - 1250 mg, 90 ct</p><p> -7% 0FF </p><p>$27.95 ($0.31 / Count)</p><a href="https://www.amazon.com/dp/B07DX89ZHN?tag=eloabder-20&linkCode=osi&th=1&psc=1">View Product</a></div><div class="product"><a href="https://www.amazon.com/dp/B08YLTCDTN?tag=eloabder-20&linkCode=osi&th=1&psc=1"><img src="https://m.media-amazon.com/images/I/41JTF+RdOhL._SL500_.jpg" alt="Product Image"></a><p>Nature’s Bounty Zinc 50mg, Immune Support & Antioxidant Supplement, Promotes Skin Health, 1 Caplet Per Day, Gluten Free, 250 Vegetarian Caplets</p><p> -20% 0FF </p><p>$8.68 ($0.03 / Count)</p><a href="https://www.amazon.com/dp/B08YLTCDTN?tag=eloabder-20&linkCode=osi&th=1&psc=1">View Product</a></div><div class="product"><a href="https://www.amazon.com/dp/B000NPYY04?tag=eloabder-20&linkCode=osi&th=1&psc=1"><img src="https://m.media-amazon.com/images/I/41v2o7pl8fL._SL500_.jpg" alt="Product Image"></a><p>Nature's Bounty Fish Oil Omega 3 Supplements - Supports Heart Health, 1200 Mg Fish Oil, Omega-3, 200 Softgels (Pack of 1)</p><p> -48% 0FF </p><p>$11.84 ($0.06 / Count)</p><a href="https://www.amazon.com/dp/B000NPYY04?tag=eloabder-20&linkCode=osi&th=1&psc=1">View Product</a></div><div class="product"><a href="https://www.amazon.com/dp/B01BMDAVIY?tag=eloabder-20&linkCode=osi&th=1&psc=1"><img src="https://m.media-amazon.com/images/I/411R4B52c2L._SL500_.jpg" alt="Product Image"></a><p>NatureWise Curcumin Turmeric 2250mg - 95% Curcuminoids & BioPerine Black Pepper Extract for Advanced Absorption - Daily Joint and Immune Health Support - Vegan, Non-GMO, 180 Count[60-Day Supply]</p><p> -19% 0FF </p><p>$19.37 ($0.11 / Count)</p><a href="https://www.amazon.com/dp/B01BMDAVIY?tag=eloabder-20&linkCode=osi&th=1&psc=1">View Product</a></div><div class="product"><a href="https://www.amazon.com/dp/B00DYSUQR2?tag=eloabder-20&linkCode=osi&th=1&psc=1"><img src="https://m.media-amazon.com/images/I/41+1qFufxjL._SL500_.jpg" alt="Product Image"></a><p>Nature's Bounty Vitamin B12 1000 mcg Supplements, Supports Energy Metabolism, 200 Ct</p><p> -55% 0FF </p><p>$8.53 ($0.04 / Count)</p><a href="https://www.amazon.com/dp/B00DYSUQR2?tag=eloabder-20&linkCode=osi&th=1&psc=1">View Product</a></div><div class="product"><a href="https://www.amazon.com/dp/B009SZXM4E?tag=eloabder-20&linkCode=osi&th=1&psc=1"><img src="https://m.media-amazon.com/images/I/41VHR1TpCqL._SL500_.jpg" alt="Product Image"></a><p>Nature's Bounty Biotin Hair Skin and Nails Vitamins, Supports Healthy Hair, Skin and Nails, 10,000 mcg, 120 Softgels (Pack of 1)</p><p> -15% 0FF </p><p>$7.54 ($0.06 / Count)</p><a href="https://www.amazon.com/dp/B009SZXM4E?tag=eloabder-20&linkCode=osi&th=1&psc=1">View Product</a></div><div class="product"><a href="https://www.amazon.com/dp/B07255MPRN?tag=eloabder-20&linkCode=osi&th=1&psc=1"><img src="https://m.media-amazon.com/images/I/4196YWIeLtL._SL500_.jpg" alt="Product Image"></a><p>Sports Research® Vitamin D3 + K2 w/ Coconut Oil - Vegan Vitamin D 5000iu & Mk7 Vitamin K 100mcg for Bone & Immune Support - Vegan Certified · Non-GMO · Soy Free - 60 Softgels</p><p> -30% 0FF </p><p>$16.77 ($0.28 / Count)</p><a href="https://www.amazon.com/dp/B07255MPRN?tag=eloabder-20&linkCode=osi&th=1&psc=1">View Product</a></div>

<div class="product"><a href="https://www.amazon.com/dp/B0FS2XTBJW?tag=eloabder-20&linkCode=osi&th=1&psc=1"><img src="https://m.media-amazon.com/images/I/413BHekXfiL._SL500_.jpg" alt="Product Image"></a><p>ZHIXJIA Knee Massager with Heat, 3-in-1 Smart Portable, 3 Vibration Modes and 3 Heating Levels LED Vitality Joints Knee Massager, Gift for Men and Women, Black</p><p> -78% 0FF </p><p>$99.99 ($99.99 / Count)</p><a href="https://www.amazon.com/dp/B0FS2XTBJW?tag=eloabder-20&linkCode=osi&th=1&psc=1">View Product</a></div><div class="product"><a href="https://www.amazon.com/dp/B0FHQ3WV4L?tag=eloabder-20&linkCode=osi&th=1&psc=1"><img src="https://m.media-amazon.com/images/I/412JLGi0PiL._SL500_.jpg" alt="Product Image"></a><p>DUBSTAR 3-in-1 Pill Crusher Pill Grinder, Pill Crusher Fine Powder with Brush, Pill Crushers for Elderly with Pill Cutter and Storage, Pill Cutter Splitter for Small or Large Pills (Green)</p><p> -29% 0FF </p><p>$9.99 ($9.99 / Count)</p><a href="https://www.amazon.com/dp/B0FHQ3WV4L?tag=eloabder-20&linkCode=osi&th=1&psc=1">View Product</a></div><div class="product"><a href="https://www.amazon.com/dp/B0FR4SPYFK?tag=eloabder-20&linkCode=osi&th=1&psc=1"><img src="https://m.media-amazon.com/images/I/41+owzP2llL._SL500_.jpg" alt="Product Image"></a><p>DEPAD Adjustable Pill Cutters Splitter for Small and Tiny Pills with Accurate Alignment, Pill Cutters for Small or Large Pills with Sharp Safe Blade</p><p> -23% 0FF </p><p>$9.99</p><a href="https://www.amazon.com/dp/B0FR4SPYFK?tag=eloabder-20&linkCode=osi&th=1&psc=1">View Product</a></div><div class="product"><a href="https://www.amazon.com/dp/B0F9NTTCWX?tag=eloabder-20&linkCode=osi&th=1&psc=1"><img src="https://m.media-amazon.com/images/I/51rTYaWSgtL._SL500_.jpg" alt="Product Image"></a><p>AUVON Dual Channel TENS Unit Muscle Stimulator Machine with 20 Modes, 2" and 2"x4" TENS Unit Electrode Pads (Red)</p><p> -28% 0FF </p><p>$25.99</p><a href="https://www.amazon.com/dp/B0F9NTTCWX?tag=eloabder-20&linkCode=osi&th=1&psc=1">View Product</a></div><div class="product"><a href="https://www.amazon.com/dp/B0D63FTHH4?tag=eloabder-20&linkCode=osi&th=1&psc=1"><img src="https://m.media-amazon.com/images/I/41Gu1013yRL._SL500_.jpg" alt="Product Image"></a><p>Yicotira 4 Pack Reusable Microfiber Mop Pads Compatible with Swiffer Sweeper - Dry Sweeping Cloths & Wet Pad Refills for Wet & Dry, Washable Pads Refills for Household Cleaning (Mop is not Included)</p><p> -34% 0FF </p><p>$8.54 ($2.14 / Count)</p><a href="https://www.amazon.com/dp/B0D63FTHH4?tag=eloabder-20&linkCode=osi&th=1&psc=1">View Product</a></div>
<div class="product"><a href="https://www.amazon.com/dp/B000ZLVUYO?tag=eloabder-20&linkCode=osi&th=1&psc=1"><img src="https://m.media-amazon.com/images/I/41CNAwwnEqL._SL500_.jpg" alt="Product Image"></a><p>It's A 10 Miracle Hair Mask, 8-Ounce</p><p> -16% 0FF </p><p>$25.99 ($3.25 / Fl Oz)</p><a href="https://www.amazon.com/dp/B000ZLVUYO?tag=eloabder-20&linkCode=osi&th=1&psc=1">View Product</a></div><div class="product"><a href="https://www.amazon.com/dp/B07VCGRBGT?tag=eloabder-20&linkCode=osi&th=1&psc=1"><img src="https://m.media-amazon.com/images/I/51QprRDhFoL._SL500_.jpg" alt="Product Image"></a><p>Palmer's Coconut Oil Formula Moisture Boost Protein Pack, Hair Treatment for Dry, Damaged, Over-Processed and Colored Hair, 2.1 Ounce (Pack of 12)</p><p> -67% 0FF </p><p>$11.09 ($0.92 / Ounce)</p><a href="https://www.amazon.com/dp/B07VCGRBGT?tag=eloabder-20&linkCode=osi&th=1&psc=1">View Product</a></div>
<div class="product"><a href="https://www.amazon.com/dp/B01A74442I?tag=eloabder-20&linkCode=osi&th=1&psc=1"><img src="https://m.media-amazon.com/images/I/51crUDqQzIL._SL500_.jpg" alt="Product Image"></a><p>Cliganic Organic Jojoba Oil, 100% Pure (4oz) | Moisturizing for Face, Hair, Skin & Nails | Natural Cold Pressed Hexane Free | Base Carrier Oil</p><p> -27% 0FF </p><p>$9.48 ($2.37 / Fl Oz)</p><a href="https://www.amazon.com/dp/B01A74442I?tag=eloabder-20&linkCode=osi&th=1&psc=1">View Product</a></div><div class="product"><a href="https://www.amazon.com/dp/B09PR9R9SL?tag=eloabder-20&linkCode=osi&th=1&psc=1"><img src="https://m.media-amazon.com/images/I/51EyKsoMSlL._SL500_.jpg" alt="Product Image"></a><p>KUKKA Rosemary Essential Oils - 4 Fl Oz - for Hair, Skin, Diffuser, Aromatherapy & DIY Soap Making Scent</p><p> -33% 0FF </p><p>$12.99 ($3.25 / Fl Oz)</p><a href="https://www.amazon.com/dp/B09PR9R9SL?tag=eloabder-20&linkCode=osi&th=1&psc=1">View Product</a></div><div class="product"><a href="https://www.amazon.com/dp/B004Z209HS?tag=eloabder-20&linkCode=osi&th=1&psc=1"><img src="https://m.media-amazon.com/images/I/41h5nZqdm+L._SL500_.jpg" alt="Product Image"></a><p>PURA D'OR 4 Oz ORGANIC Moroccan Argan Oil - USDA Certified 100% Pure & Cold Pressed Virgin Premium Grade Natural Moisturizer Treatment For Dry, Damaged Skin, Hair, Face, Body & Scalp - Men & Women</p><p> -12% 0FF </p><p>$14.99 ($3.75 / Fl Oz)</p><a href="https://www.amazon.com/dp/B004Z209HS?tag=eloabder-20&linkCode=osi&th=1&psc=1">View Product</a></div>
<div class="product"><a href="https://www.amazon.com/dp/B004YVDIAU?tag=eloabder-20&linkCode=osi&th=1&psc=1"><img src="https://m.media-amazon.com/images/I/313PkUEQj5L._SL500_.jpg" alt="Product Image"></a><p>Garnier Fructis Style Curl Sculpt Conditioning Cream Gel for Bounce & Moisture, 5.1 Fl Oz, 1 Count (Packaging May Vary)</p><p> -21% 0FF </p><p>$4.73 ($0.93 / Ounce)</p><a href="https://www.amazon.com/dp/B004YVDIAU?tag=eloabder-20&linkCode=osi&th=1&psc=1">View Product</a></div><div class="product"><a href="https://www.amazon.com/dp/B0002Z90RM?tag=eloabder-20&linkCode=osi&th=1&psc=1"><img src="https://m.media-amazon.com/images/I/31xKcrbq12L._SL500_.jpg" alt="Product Image"></a><p>RUSK Designer Collection Thick Body and Texture Amplifier Spray, 6 Oz, For Fine, Limp, Flat or Lazy Hair Types - Contains Wheat Protein, Adds Strength, Texture, Volume & Moisture</p><p> -5% 0FF </p><p>$17.50 ($2.92 / Fl Oz)</p><a href="https://www.amazon.com/dp/B0002Z90RM?tag=eloabder-20&linkCode=osi&th=1&psc=1">View Product</a></div><div class="product"><a href="https://www.amazon.com/dp/B0013NE2Y8?tag=eloabder-20&linkCode=osi&th=1&psc=1"><img src="https://m.media-amazon.com/images/I/31A8kEJJlIL._SL500_.jpg" alt="Product Image"></a><p>John Frieda Frizz Ease Original Hair Serum, Protecting Against Frizz, Heat, and Humidity While Adding Shine, Smooths Strands and Hydrates Parched Hair with Argan, Coconut, and Moringa Oil, 1.69 Oz</p><p> -33% 0FF </p><p>$8.01 ($4.74 / Fl Oz)</p><a href="https://www.amazon.com/dp/B0013NE2Y8?tag=eloabder-20&linkCode=osi&th=1&psc=1">View Product</a></div>
<div class="product"><a href="https://www.amazon.com/dp/B004BYSR6K?tag=eloabder-20&linkCode=osi&th=1&psc=1"><img src="https://m.media-amazon.com/images/I/41RMAGucP7L._SL500_.jpg" alt="Product Image"></a><p>L'Oreal Paris Excellence Crème Permanent Hair Dye, Triple Care Hair Color with Pro-Keratine Complex for 100% Gray Hair Coverage, 5 Medium Brown, 1 Kit</p><p> -23% 0FF </p><p>$9.98</p><a href="https://www.amazon.com/dp/B004BYSR6K?tag=eloabder-20&linkCode=osi&th=1&psc=1">View Product</a></div><div class="product"><a href="https://www.amazon.com/dp/B00006JN4P?tag=eloabder-20&linkCode=osi&th=1&psc=1"><img src="https://m.media-amazon.com/images/I/51mGD8V4I7L._SL500_.jpg" alt="Product Image"></a><p>L'Oreal Paris Superior Preference Fade-Defying + Shine Permanent Hair Color, 8 Medium Blonde, Pack of 1, Hair Dye</p><p> -36% 0FF </p><p>$8.97</p><a href="https://www.amazon.com/dp/B00006JN4P?tag=eloabder-20&linkCode=osi&th=1&psc=1">View Product</a></div><div class="product"><a href="https://www.amazon.com/dp/B000KOU7FE?tag=eloabder-20&linkCode=osi&th=1&psc=1"><img src="https://m.media-amazon.com/images/I/51BV0dgoMnL._SL500_.jpg" alt="Product Image"></a><p>L'Oreal Paris Feria Multi-Faceted Shimmering Permanent Hair Color, B61 Downtown Brown (Hi-Lift Cool Brown), Pack of 1, Hair Dye</p><p> -7% 0FF </p><p>$12.97</p><a href="https://www.amazon.com/dp/B000KOU7FE?tag=eloabder-20&linkCode=osi&th=1&psc=1">View Product</a></div><div class="product"><a href="https://www.amazon.com/dp/B003AYEGGW?tag=eloabder-20&linkCode=osi&th=1&psc=1"><img src="https://m.media-amazon.com/images/I/41usJCtVqUL._SL500_.jpg" alt="Product Image"></a><p>Clairol Root Touch-Up by Nice'n Easy Permanent Hair Dye, 2 Black Hair Color, Pack of 2</p><p> -6% 0FF </p><p>$15.96 ($7.25 / Fl Oz)</p><a href="https://www.amazon.com/dp/B003AYEGGW?tag=eloabder-20&linkCode=osi&th=1&psc=1">View Product</a></div><div class="product"><a href="https://www.amazon.com/dp/B000NSW0EI?tag=eloabder-20&linkCode=osi&th=1&psc=1"><img src="https://m.media-amazon.com/images/I/51ZOUeoIXAS._SL500_.jpg" alt="Product Image"></a><p>Just For Men Shampoo In Color, Hair Color for Men with Keratin and Vitamin E for Stronger Hair, Restores Natural Hair Color, Medium Brown, H-35, Pack of 3</p><p> -10% 0FF </p><p>$26.88</p><a href="https://www.amazon.com/dp/B000NSW0EI?tag=eloabder-20&linkCode=osi&th=1&psc=1">View Product</a></div><div class="product"><a href="https://www.amazon.com/dp/B004DKB08E?tag=eloabder-20&linkCode=osi&th=1&psc=1"><img src="https://m.media-amazon.com/images/I/41dA53oe85L._SL500_.jpg" alt="Product Image"></a><p>John Frieda Precision Foam Colour, Medium Natural Brown 5N, Full-coverage Hair Color Kit, Anti-Fade Gray Coverage, Deep Color Saturation Hair Dye, 1 Application</p><p> -8% 0FF </p><p>$11.92</p><a href="https://www.amazon.com/dp/B004DKB08E?tag=eloabder-20&linkCode=osi&th=1&psc=1">View Product</a></div><div class="product"><a href="https://www.amazon.com/dp/B000KOHSQA?tag=eloabder-20&linkCode=osi&th=1&psc=1"><img src="https://m.media-amazon.com/images/I/51voB2QwdLL._SL500_.jpg" alt="Product Image"></a><p>L'Oreal Paris Couleur Experte 2-Step Home Hair Color and Highlights Kit, French Éclair</p><p> -18% 0FF </p><p>$13.97</p><a href="https://www.amazon.com/dp/B000KOHSQA?tag=eloabder-20&linkCode=osi&th=1&psc=1">View Product</a></div>
<div class="product"><a href="https://www.amazon.com/dp/B005CSYTCU?tag=eloabder-20&linkCode=osi&th=1&psc=1"><img src="https://m.media-amazon.com/images/I/41og7wvl2GL._SL500_.jpg" alt="Product Image"></a><p>Goody Ouchless Polyband Hair Ties - 250 Ct, Clear, Latex Hair Bands for Women's Hair, Easy Glide, Ultra-Strong Hold Hair Accessories for Women & Men, Secure Hold Ridge Design, All Hair Types</p><p> -19% 0FF </p><p>$3.19 ($0.01 / Count)</p><a href="https://www.amazon.com/dp/B005CSYTCU?tag=eloabder-20&linkCode=osi&th=1&psc=1">View Product</a></div><div class="product"><a href="https://www.amazon.com/dp/B00CGN9LQ8?tag=eloabder-20&linkCode=osi&th=1&psc=1"><img src="https://m.media-amazon.com/images/I/41LhEO75hIL._SL500_.jpg" alt="Product Image"></a><p>Crave Naturals Glide Thru Hair Brush - Detangler Brush for Curly, Straight, Wet or Dry Hair - Gentle Detangling Brushes for Adults, Kids, Toddlers - Hair Accessories for Women, 7.5x3 - Pink</p><p> -47% 0FF </p><p>$8.49</p><a href="https://www.amazon.com/dp/B00CGN9LQ8?tag=eloabder-20&linkCode=osi&th=1&psc=1">View Product</a></div><div class="product"><a href="https://www.amazon.com/dp/B00DLWO7D0?tag=eloabder-20&linkCode=osi&th=1&psc=1"><img src="https://m.media-amazon.com/images/I/31ISZI2zfzL._SL500_.jpg" alt="Product Image"></a><p>Goody Smooth and Sleek Wood Styling Brush with Natural Boar Bristles, Flyaway Free Finish, For All Hair Types, Brown, 1CT</p><p> -20% 0FF </p><p>$4.62</p><a href="https://www.amazon.com/dp/B00DLWO7D0?tag=eloabder-20&linkCode=osi&th=1&psc=1">View Product</a></div>
<div class="product"><a href="https://www.amazon.com/dp/B00HFQQ0VU?tag=eloabder-20&linkCode=osi&th=1&psc=1"><img src="https://m.media-amazon.com/images/I/41J4CJ+ERsL._SL500_.jpg" alt="Product Image"></a><p>Waterpik Aquarius Water Flosser For Teeth Cleaning, Gums, Braces, Dental Care, Electric Power With 10 Settings, 7 Tips For Multiple Users And Needs, ADA Accepted, White WP-660, Packaging May Vary</p><p> -20% 0FF </p><p>$79.99</p><a href="https://www.amazon.com/dp/B00HFQQ0VU?tag=eloabder-20&linkCode=osi&th=1&psc=1">View Product</a></div><div class="product"><a href="https://www.amazon.com/dp/B000QXH4PK?tag=eloabder-20&linkCode=osi&th=1&psc=1"><img src="https://m.media-amazon.com/images/I/41BYUSQaRKL._SL500_.jpg" alt="Product Image"></a><p>Listerine PocketPaks Cool Mint Breath Strips, Portable Pocket-Sized Oral Care Mouth Freshener, Dissolving Strips Kill 99% of Bad Breath Germs, Sugar Free, 3 x 24-Strip Packs</p><p> -18% 0FF </p><p>$5.72 ($0.08 / Count)</p><a href="https://www.amazon.com/dp/B000QXH4PK?tag=eloabder-20&linkCode=osi&th=1&psc=1">View Product</a></div><div class="product"><a href="https://www.amazon.com/dp/B07LGSYTLM?tag=eloabder-20&linkCode=osi&th=1&psc=1"><img src="https://m.media-amazon.com/images/I/31YRxbr1qCL._SL500_.jpg" alt="Product Image"></a><p>DenTek Professional Oral Care Kit, Complete Set of Dental Tools Including Mirror, Dental Pick, Scaler & Stimulator</p><p> -9% 0FF </p><p>$6.39</p><a href="https://www.amazon.com/dp/B07LGSYTLM?tag=eloabder-20&linkCode=osi&th=1&psc=1">View Product</a></div><div class="product"><a href="https://www.amazon.com/dp/B01LAY47D0?tag=eloabder-20&linkCode=osi&th=1&psc=1"><img src="https://m.media-amazon.com/images/I/41y93UxXRvL._SL500_.jpg" alt="Product Image"></a><p>MasterMedi Tongue Scraper for Adults with Multicolor Travel Cases (2 Pack), 100% Stainless Steel, Reduce Bad Breath, Tongue Scrubber, Easy to Use, Tongue Cleaner for Oral Care & Hygiene</p><p> -34% 0FF </p><p>$9.95 ($4.98 / Count)</p><a href="https://www.amazon.com/dp/B01LAY47D0?tag=eloabder-20&linkCode=osi&th=1&psc=1">View Product</a></div>
<div class="product"><a href="https://www.amazon.com/dp/B09F8FZ18G?tag=eloabder-20&linkCode=osi&th=1&psc=1"><img src="https://m.media-amazon.com/images/I/51WkgqQXqCL._SL500_.jpg" alt="Product Image"></a><p>Crest 3D White Advanced Luminous Mint Teeth Whitening Toothpaste, Crest Toothpaste, 3.7 oz Pack of 4 - Helps Remove Surface Stains, Whitens Teeth, Strengthens Tooth Enamel, Protects Against Cavities</p><p> -20% 0FF </p><p>$11.99 ($0.81 / Ounce)</p><a href="https://www.amazon.com/dp/B09F8FZ18G?tag=eloabder-20&linkCode=osi&th=1&psc=1">View Product</a></div><div class="product"><a href="https://www.amazon.com/dp/B083JHCCV2?tag=eloabder-20&linkCode=osi&th=1&psc=1"><img src="https://m.media-amazon.com/images/I/31ppsn+WAqL._SL500_.jpg" alt="Product Image"></a><p>Boka Fluoride Free Toothpaste, Nano Hydroxyapatite Toothpaste, Appropriate for Sensitive Teeth - for Adult, Kids Oral Care - Ela Mint Flavor, 4 Fl Oz 1Pk US Manufactured</p><p> -10% 0FF </p><p>$11.75 ($2.94 / Ounce)</p><a href="https://www.amazon.com/dp/B083JHCCV2?tag=eloabder-20&linkCode=osi&th=1&psc=1">View Product</a></div><div class="product"><a href="https://www.amazon.com/dp/B0BLWLL3FV?tag=eloabder-20&linkCode=osi&th=1&psc=1"><img src="https://m.media-amazon.com/images/I/519IfsN7qIL._SL500_.jpg" alt="Product Image"></a><p>Colgate Total Whitening Toothpaste Paste, 5.1 oz, 4 Pack, Fluoride, Antibacterial, for Plaque, Gingivitis, Sensitivity, Stain Removal, Clinically Proven, Mint, Teeth Whitening, Stannous Fluoride</p><p> -10% 0FF </p><p>$14.38 ($0.70 / Fl Oz)</p><a href="https://www.amazon.com/dp/B0BLWLL3FV?tag=eloabder-20&linkCode=osi&th=1&psc=1">View Product</a></div>
<div class="product"><a href="https://www.amazon.com/dp/B00CC6XSRC?tag=eloabder-20&linkCode=osi&th=1&psc=1"><img src="https://m.media-amazon.com/images/I/41OKKVbMN-L._SL500_.jpg" alt="Product Image"></a><p>Colgate Extra Clean Toothbrush, Medium Toothbrush for Adults, 6 Pack</p><p> -10% 0FF </p><p>$4.96 ($0.83 / Count)</p><a href="https://www.amazon.com/dp/B00CC6XSRC?tag=eloabder-20&linkCode=osi&th=1&psc=1">View Product</a></div><div class="product"><a href="https://www.amazon.com/dp/B06XK2M3H3?tag=eloabder-20&linkCode=osi&th=1&psc=1"><img src="https://m.media-amazon.com/images/I/41tntn0c7BL._SL500_.jpg" alt="Product Image"></a><p>Oral-B 3D White Stain Eraser, 4 count SOFT manual tootbrush pack, Removes Stains, Whitens Teeth, Tongue and Cheek Cleaner</p><p> -12% 0FF </p><p>$7.92 ($1.98 / Count)</p><a href="https://www.amazon.com/dp/B06XK2M3H3?tag=eloabder-20&linkCode=osi&th=1&psc=1">View Product</a></div><div class="product"><a href="https://www.amazon.com/dp/B00H88K9EE?tag=eloabder-20&linkCode=osi&th=1&psc=1"><img src="https://m.media-amazon.com/images/I/51ah-EIUbsL._SL500_.jpg" alt="Product Image"></a><p>Colgate 360 Whole Mouth Toothbrush, Adult Toothbrushes Medium Bristles, Helps Remove Bad Breath Bacteria and Plaque, Medium Toothbrush Pack, Includes Cheek and Tongue Cleaner, 4 Pack</p><p> -18% 0FF </p><p>$8.19 ($2.05 / Count)</p><a href="https://www.amazon.com/dp/B00H88K9EE?tag=eloabder-20&linkCode=osi&th=1&psc=1">View Product</a></div><div class="product"><a href="https://www.amazon.com/dp/B003CP12QG?tag=eloabder-20&linkCode=osi&th=1&psc=1"><img src="https://m.media-amazon.com/images/I/41LPe-bdnPL._SL500_.jpg" alt="Product Image"></a><p>Oral-B Pulsar Pro-Health Expert Clean, Battery electric toothbrush, 2 count MEDIUM toothbrush pack, removes plaque, travel essentials tooth brush</p><p> -22% 0FF </p><p>$10.97 ($5.48 / Count)</p><a href="https://www.amazon.com/dp/B003CP12QG?tag=eloabder-20&linkCode=osi&th=1&psc=1">View Product</a></div>
<div class="product"><a href="https://www.amazon.com/dp/B0C881GLNM?tag=eloabder-20&linkCode=osi&th=1&psc=1"><img src="https://m.media-amazon.com/images/I/51C2ohy2RWL._SL500_.jpg" alt="Product Image"></a><p>Crest Pro-Health Advanced Mouthwash, Alcohol Free, Multi-Protection, Fresh Mint, 1 L (33.8 fl oz), Pack of 2, Blue</p><p> -9% 0FF </p><p>$10.97 ($0.16 / Fl Oz)</p><a href="https://www.amazon.com/dp/B0C881GLNM?tag=eloabder-20&linkCode=osi&th=1&psc=1">View Product</a></div><div class="product"><a href="https://www.amazon.com/dp/B005IHSPLQ?tag=eloabder-20&linkCode=osi&th=1&psc=1"><img src="https://m.media-amazon.com/images/I/31U2umAytxL._SL500_.jpg" alt="Product Image"></a><p>Listerine Alcohol-Free Mouthwash, Non Alcoholic Mint Oral Rinse Kills 99.9% of Germs That Cause Bad Breath for a Fresh Breath & Clean Mouth, Less Intense Taste, Cool Mint Flavor, 1 L</p><p> -25% 0FF </p><p>$6.99 ($0.21 / Fl Oz)</p><a href="https://www.amazon.com/dp/B005IHSPLQ?tag=eloabder-20&linkCode=osi&th=1&psc=1">View Product</a></div><div class="product"><a href="https://www.amazon.com/dp/B0126XBQK6?tag=eloabder-20&linkCode=osi&th=1&psc=1"><img src="https://m.media-amazon.com/images/I/51dT1Mhf3zL._SL500_.jpg" alt="Product Image"></a><p>Crest Pro-Health Advanced Mouthwash, Alcohol Free, Extra Whitening, Energizing Mint Flavor, 946 mL (32 fl oz)</p><p> -20% 0FF </p><p>$7.17 ($0.22 / Fl Oz)</p><a href="https://www.amazon.com/dp/B0126XBQK6?tag=eloabder-20&linkCode=osi&th=1&psc=1">View Product</a></div><div class="product"><a href="https://www.amazon.com/dp/B00495Q5OW?tag=eloabder-20&linkCode=osi&th=1&psc=1"><img src="https://m.media-amazon.com/images/I/41U0hz++OHL._SL500_.jpg" alt="Product Image"></a><p>Listerine Total Care Anticavity Fluoride Mouthwash, 6 Benefits in 1 Oral Rinse Helps Kill 99% of Bad Breath Germs, Prevents Cavities, Strengthens Teeth, ADA-Accepted, Fresh Mint, 1 L</p><p> -26% 0FF </p><p>$8.79 ($0.27 / fluid ounce(s))</p><a href="https://www.amazon.com/dp/B00495Q5OW?tag=eloabder-20&linkCode=osi&th=1&psc=1">View Product</a></div>
<div class="product"><a href="https://www.amazon.com/dp/B013OKRGWW?tag=eloabder-20&linkCode=osi&th=1&psc=1"><img src="https://m.media-amazon.com/images/I/31s8V2M+RVL._SL500_.jpg" alt="Product Image"></a><p>REACH Waxed Dental Floss, Mint, Plaque Remover for Teeth, Shred Resistant, Floss Slides Smoothly, Easy to Use, Waxed, Deep Cleaning Teeth, Oral Care, PFAS Free, for Adults & Kids, 1 Pack, 55 yd</p><p> -13% 0FF </p><p>$1.29 ($0.01 / Foot)</p><a href="https://www.amazon.com/dp/B013OKRGWW?tag=eloabder-20&linkCode=osi&th=1&psc=1">View Product</a></div><div class="product"><a href="https://www.amazon.com/dp/B014KZLWX4?tag=eloabder-20&linkCode=osi&th=1&psc=1"><img src="https://m.media-amazon.com/images/I/41GyDUKvKAL._SL500_.jpg" alt="Product Image"></a><p>REACH Waxed Dental Floss, Mint, Plaque Remover for Teeth, Shred Resistant, Floss Slides Smoothly, Easy to Use, Waxed, Deep Cleaning Teeth, Oral Care, PFAS Free, for Adults & Kids, 6 Pack, 55 yd</p><p> -13% 0FF </p><p>$10.74 ($0.01 / Foot)</p><a href="https://www.amazon.com/dp/B014KZLWX4?tag=eloabder-20&linkCode=osi&th=1&psc=1">View Product</a></div><div class="product"><a href="https://www.amazon.com/dp/B00UB7BO16?tag=eloabder-20&linkCode=osi&th=1&psc=1"><img src="https://m.media-amazon.com/images/I/41aZF2HKXrL._SL500_.jpg" alt="Product Image"></a><p>Oral-B Glide Complete Floss Picks, Dental Floss Picks, Scope Outlast, 75-ct, Toothpicks Floss Picks</p><p> -20% 0FF </p><p>$3.96 ($0.05 / Count)</p><a href="https://www.amazon.com/dp/B00UB7BO16?tag=eloabder-20&linkCode=osi&th=1&psc=1">View Product</a></div><div class="product"><a href="https://www.amazon.com/dp/B003K01BMI?tag=eloabder-20&linkCode=osi&th=1&psc=1"><img src="https://m.media-amazon.com/images/I/41r6iQVxOzL._SL500_.jpg" alt="Product Image"></a><p>DenTek Triple Clean Advanced Clean Floss Picks, No Break & No Shred Floss, 150 Count, (Packaging May Vary)</p><p> -31% 0FF </p><p>$4.15 ($0.03 / Count)</p><a href="https://www.amazon.com/dp/B003K01BMI?tag=eloabder-20&linkCode=osi&th=1&psc=1">View Product</a></div><div class="product"><a href="https://www.amazon.com/dp/B07WFX1WD2?tag=eloabder-20&linkCode=osi&th=1&psc=1"><img src="https://m.media-amazon.com/images/I/51lqCql47sL._SL500_.jpg" alt="Product Image"></a><p>Oral-B Glide Dental Floss, Scope Flavor, 40m (Pack of 6)</p><p> -20% 0FF </p><p>$15.96 ($0.02 / Foot)</p><a href="https://www.amazon.com/dp/B07WFX1WD2?tag=eloabder-20&linkCode=osi&th=1&psc=1">View Product</a></div>
<div class="product"><a href="https://www.amazon.com/dp/B0BVT76MFH?tag=eloabder-20&linkCode=osi&th=1&psc=1"><img src="https://m.media-amazon.com/images/I/419kJTfLfGL._SL500_.jpg" alt="Product Image"></a><p>Crest 3D Whitestrips Sensitive At-Home Teeth Whitening Kit, 18 Treatments, Gently Removes 15 Years of Stains, Crest Whitestrips, Teeth Whitening Kit</p><p> -44% 0FF </p><p>$27.85 ($1.55 / Count)</p><a href="https://www.amazon.com/dp/B0BVT76MFH?tag=eloabder-20&linkCode=osi&th=1&psc=1">View Product</a></div>
<div class="product"><a href="https://www.amazon.com/dp/B0CK1791MR?tag=eloabder-20&linkCode=osi&th=1&psc=1"><img src="https://m.media-amazon.com/images/I/31CZvJQAbDL._SL500_.jpg" alt="Product Image"></a><p>Her Fantasy Box | Refresh pH Balancing Shower Gel - Natural Feminine Hygiene Solution for Gentle Cleansing, Odor Control, and Skin Nourishment - pH-Balanced Formula for All Skin Types (8 oz)</p><p> -6% 0FF </p><p>$14.99 ($1.87 / Fl Oz)</p><a href="https://www.amazon.com/dp/B0CK1791MR?tag=eloabder-20&linkCode=osi&th=1&psc=1">View Product</a></div><div class="product"><a href="https://www.amazon.com/dp/B08L4Q75QP?tag=eloabder-20&linkCode=osi&th=1&psc=1"><img src="https://m.media-amazon.com/images/I/51OkbLfz-2L._SL500_.jpg" alt="Product Image"></a><p>Playtex Sport Tampons Multipack (24ct Regular/24ct Super), Fragrance-Free - 48ct | Tampons Regular and Super, Playtex Tampon Multipack, Feminine Care with 360 Leak Defense</p><p> -29% 0FF </p><p>$9.97 ($0.21 / Count)</p><a href="https://www.amazon.com/dp/B08L4Q75QP?tag=eloabder-20&linkCode=osi&th=1&psc=1">View Product</a></div><div class="product"><a href="https://www.amazon.com/dp/B083M1RG6P?tag=eloabder-20&linkCode=osi&th=1&psc=1"><img src="https://m.media-amazon.com/images/I/51AHoXPV3gL._SL500_.jpg" alt="Product Image"></a><p>U by Kotex Tampons, Click Compact, Regular Absorbency, Unscented, 45 Count</p><p> -48% 0FF </p><p>$6.97 ($0.15 / Count)</p><a href="https://www.amazon.com/dp/B083M1RG6P?tag=eloabder-20&linkCode=osi&th=1&psc=1">View Product</a></div><div class="product"><a href="https://www.amazon.com/dp/B0D5FZGY8W?tag=eloabder-20&linkCode=osi&th=1&psc=1"><img src="https://m.media-amazon.com/images/I/51gWW6a+5uL._SL500_.jpg" alt="Product Image"></a><p>O Positiv URO Vaginal Probiotics for Women pH Balance with Prebiotics & Lactobacillus Probiotic Blend - Vaginal Health Supplement - Promote Healthy Vaginal Odor & Vaginal Flora, 60 Count (Pack of 1)</p><p> -10% 0FF </p><p>$28.97 ($0.48 / Count)</p><a href="https://www.amazon.com/dp/B0D5FZGY8W?tag=eloabder-20&linkCode=osi&th=1&psc=1">View Product</a></div><div class="product"><a href="https://www.amazon.com/dp/B01M1BLRC1?tag=eloabder-20&linkCode=osi&th=1&psc=1"><img src="https://m.media-amazon.com/images/I/51CVKq4e6UL._SL500_.jpg" alt="Product Image"></a><p>Always Maxi Overnight Pads with Wings for Women, Size 5, Extra Heavy Overnight Absorbency, Unscented, 36 Count</p><p> -5% 0FF </p><p>$10.47 ($0.29 / Count)</p><a href="https://www.amazon.com/dp/B01M1BLRC1?tag=eloabder-20&linkCode=osi&th=1&psc=1">View Product</a></div>
<div class="product"><a href="https://www.amazon.com/dp/B083M24HGP?tag=eloabder-20&linkCode=osi&th=1&psc=1"><img src="https://m.media-amazon.com/images/I/51iX7-G8XnL._SL500_.jpg" alt="Product Image"></a><p>U by Kotex Tampons, Click Compact Multipack, Regular/Super Absorbency, Unscented, 45 Count</p><p> -26% 0FF </p><p>$9.97 ($0.22 / Count)</p><a href="https://www.amazon.com/dp/B083M24HGP?tag=eloabder-20&linkCode=osi&th=1&psc=1">View Product</a></div><div class="product"><a href="https://www.amazon.com/dp/B0B33LJX6N?tag=eloabder-20&linkCode=osi&th=1&psc=1"><img src="https://m.media-amazon.com/images/I/512dGlJD9nL._SL500_.jpg" alt="Product Image"></a><p>Tampax Pearl Tampons for Women Multipack, with LeakGuard Braid, Light/Regular/Super Absorbency, Unscented, 94 Count (2 Packs of 47)</p><p> -7% 0FF </p><p>$21.36 ($0.23 / Count)</p><a href="https://www.amazon.com/dp/B0B33LJX6N?tag=eloabder-20&linkCode=osi&th=1&psc=1">View Product</a></div>
<div class="product"><a href="https://www.amazon.com/dp/B01NAX7KC7?tag=eloabder-20&linkCode=osi&th=1&psc=1"><img src="https://m.media-amazon.com/images/I/51SOakjzHvL._SL500_.jpg" alt="Product Image"></a><p>Poise Overnight Incontinence & Postpartum Pads for Bladder Leaks, 8 Drop Extra Coverage, 72 Count (2 Packs of 36), Packaging May Vary</p><p> -7% 0FF </p><p>$41.99 ($0.58 / Count)</p><a href="https://www.amazon.com/dp/B01NAX7KC7?tag=eloabder-20&linkCode=osi&th=1&psc=1">View Product</a></div><div class="product"><a href="https://www.amazon.com/dp/B0BLGRQHCQ?tag=eloabder-20&linkCode=osi&th=1&psc=1"><img src="https://m.media-amazon.com/images/I/51tBxYlTu3L._SL500_.jpg" alt="Product Image"></a><p>Poise Incontinence & Postpartum Pads for Bladder Leaks, 7 Drop Ultra Absorbency, Long Length, 78 Count, Packaging May Vary</p><p> -17% 0FF </p><p>$42.96 ($0.55 / Count)</p><a href="https://www.amazon.com/dp/B0BLGRQHCQ?tag=eloabder-20&linkCode=osi&th=1&psc=1">View Product</a></div>
<div class="product"><a href="https://www.amazon.com/dp/B086JBZW48?tag=eloabder-20&linkCode=osi&th=1&psc=1"><img src="https://m.media-amazon.com/images/I/419mX5-k8XL._SL500_.jpg" alt="Product Image"></a><p>EcoBlossom Reusable Menstrual Cup Set - The Most Reliable Medical Grade Silicone Period Cups - Comfortably use for 12 Hours (Small & Large)</p><p> -20% 0FF </p><p>$15.99 ($8.00 / Count)</p><a href="https://www.amazon.com/dp/B086JBZW48?tag=eloabder-20&linkCode=osi&th=1&psc=1">View Product</a></div><div class="product"><a href="https://www.amazon.com/dp/B07QNVNDMQ?tag=eloabder-20&linkCode=osi&th=1&psc=1"><img src="https://m.media-amazon.com/images/I/41kGVRCvHnL._SL500_.jpg" alt="Product Image"></a><p>Croing Reusable Menstrual Cup Set of 4, Period Cup, 2 pcs Small and 2 pcs Large (Purple and White)</p><p> -33% 0FF </p><p>$9.99 ($2.50 / Count)</p><a href="https://www.amazon.com/dp/B07QNVNDMQ?tag=eloabder-20&linkCode=osi&th=1&psc=1">View Product</a></div><div class="product"><a href="https://www.amazon.com/dp/B08MYQJ95N?tag=eloabder-20&linkCode=osi&th=1&psc=1"><img src="https://m.media-amazon.com/images/I/41C-jls603L._SL500_.jpg" alt="Product Image"></a><p>YTYOMUR Menstrual Cup Steamer Sterilizer with 2 Reusable Menstrual Cups, Period Cups Cleaner Wash Kit</p><p> -37% 0FF </p><p>$20.24</p><a href="https://www.amazon.com/dp/B08MYQJ95N?tag=eloabder-20&linkCode=osi&th=1&psc=1">View Product</a></div><div class="product"><a href="https://www.amazon.com/dp/B081QNN9CD?tag=eloabder-20&linkCode=osi&th=1&psc=1"><img src="https://m.media-amazon.com/images/I/41vipuZyibL._SL500_.jpg" alt="Product Image"></a><p>Talisi Menstrual Cups Set of 2 with Collapsible Cleaner Silicone Sterilizer - Soft Reusable Period Kit - Tampon Pads Disc Alternative - Menstruation Feminine Cup Regular, Heavy Flow (Small & Large)</p><p> -10% 0FF </p><p>$8.99 ($2.25 / Count)</p><a href="https://www.amazon.com/dp/B081QNN9CD?tag=eloabder-20&linkCode=osi&th=1&psc=1">View Product</a></div><div class="product"><a href="https://www.amazon.com/dp/B087WK7LBS?tag=eloabder-20&linkCode=osi&th=1&psc=1"><img src="https://m.media-amazon.com/images/I/410uziY5NGL._SL500_.jpg" alt="Product Image"></a><p>Talisi Menstrual Cups - Reusable Soft Period Cups - Menstruation Feminine Hygiene Products with Silicone Collapsible Sterilizer Case - Regular & Heavy Flow - Large, Small Size Copa Menstrual Kit</p><p> -14% 0FF </p><p>$5.99 ($1.50 / Count)</p><a href="https://www.amazon.com/dp/B087WK7LBS?tag=eloabder-20&linkCode=osi&th=1&psc=1">View Product</a></div>
<div class="product"><a href="https://www.amazon.com/dp/B01ARVVTYW?tag=eloabder-20&linkCode=osi&th=1&psc=1"><img src="https://m.media-amazon.com/images/I/41sOZ7EfDGL._SL500_.jpg" alt="Product Image"></a><p>Carefree Panty Liners for Women, Regular, Wrapped, Unscented, 54ct | Pantiliners, Carefree Liners, Daily Liners for Women, Light Periods and Leaks, 8-Hour Odor Control | 54ct (Packaging May Vary)</p><p> -33% 0FF </p><p>$3.34 ($0.06 / Count)</p><a href="https://www.amazon.com/dp/B01ARVVTYW?tag=eloabder-20&linkCode=osi&th=1&psc=1">View Product</a></div><div class="product"><a href="https://www.amazon.com/dp/B00NJNJ6O6?tag=eloabder-20&linkCode=osi&th=1&psc=1"><img src="https://m.media-amazon.com/images/I/416qKSPSpOL._SL500_.jpg" alt="Product Image"></a><p>Carefree Panty Liners for Women, Regular, Unwrapped, Unscented, 120ct | Pantiliners, Carefree Liners, Daily Liners for Women, Light Periods and Leaks, 8-Hour Odor Control | 120ct (Packaging May Vary)</p><p> -37% 0FF </p><p>$5.97 ($0.05 / Count)</p><a href="https://www.amazon.com/dp/B00NJNJ6O6?tag=eloabder-20&linkCode=osi&th=1&psc=1">View Product</a></div><div class="product"><a href="https://www.amazon.com/dp/B07C99C39S?tag=eloabder-20&linkCode=osi&th=1&psc=1"><img src="https://m.media-amazon.com/images/I/410-MyDdTyL._SL500_.jpg" alt="Product Image"></a><p>U by Kotex Panty Liners, Clean & Secure, Light Absorbency, Long Length, 126 Count (Packaging May Vary)</p><p> -35% 0FF </p><p>$7.79 ($0.06 / Count)</p><a href="https://www.amazon.com/dp/B07C99C39S?tag=eloabder-20&linkCode=osi&th=1&psc=1">View Product</a></div><div class="product"><a href="https://www.amazon.com/dp/B00UASJJX6?tag=eloabder-20&linkCode=osi&th=1&psc=1"><img src="https://m.media-amazon.com/images/I/51JyBlhNEuL._SL500_.jpg" alt="Product Image"></a><p>U by Kotex Balance Wrapped Panty Liners, Regular Length, 80 Count (Packaging May Vary)</p><p> -65% 0FF </p><p>$3.50 ($0.04 / Count)</p><a href="https://www.amazon.com/dp/B00UASJJX6?tag=eloabder-20&linkCode=osi&th=1&psc=1">View Product</a></div><div class="product"><a href="https://www.amazon.com/dp/B004RSO890?tag=eloabder-20&linkCode=osi&th=1&psc=1"><img src="https://m.media-amazon.com/images/I/41wY7+hDP5L._SL500_.jpg" alt="Product Image"></a><p>Carefree Thong Regular 49 Count Unscented Liner</p><p> -28% 0FF </p><p>$3.58 ($0.07 / Count)</p><a href="https://www.amazon.com/dp/B004RSO890?tag=eloabder-20&linkCode=osi&th=1&psc=1">View Product</a></div><div class="product"><a href="https://www.amazon.com/dp/B0DR3579J9?tag=eloabder-20&linkCode=osi&th=1&psc=1"><img src="https://m.media-amazon.com/images/I/51NcGafWnNL._SL500_.jpg" alt="Product Image"></a><p>Always Daily Protect Liners, Regular Length, Unscented, 96 Count</p><p> -10% 0FF </p><p>$7.17 ($0.07 / Count)</p><a href="https://www.amazon.com/dp/B0DR3579J9?tag=eloabder-20&linkCode=osi&th=1&psc=1">View Product</a></div><div class="product"><a href="https://www.amazon.com/dp/B09VMHGQFG?tag=eloabder-20&linkCode=osi&th=1&psc=1"><img src="https://m.media-amazon.com/images/I/4141Nw-Z01L._SL500_.jpg" alt="Product Image"></a><p>Carefree Panty Liners for Women, Extra Long, Unwrapped, Unscented, 100ct | Pantiliners, Carefree, Daily for Women, Light Periods and Leaks, 8-Hour Odor Control|100ct (Packaging May Vary)</p><p> -32% 0FF </p><p>$6.78 ($0.07 / Count)</p><a href="https://www.amazon.com/dp/B09VMHGQFG?tag=eloabder-20&linkCode=osi&th=1&psc=1">View Product</a></div>
<div class="product"><a href="https://www.amazon.com/dp/B0DSLZWGDN?tag=eloabder-20&linkCode=osi&th=1&psc=1"><img src="https://m.media-amazon.com/images/I/41wmZddDUXL._SL500_.jpg" alt="Product Image"></a><p>Summer's Eve Ultimate Odor Protection Daily Feminine Wipes, Gentle pH-Balanced Formula with Boric Acid Cleanses & Removes Vaginal Odor, Resealable Pack, 32 Body Wipes</p><p> -29% 0FF </p><p>$4.98 ($0.16 / Count)</p><a href="https://www.amazon.com/dp/B0DSLZWGDN?tag=eloabder-20&linkCode=osi&th=1&psc=1">View Product</a></div><div class="product"><a href="https://www.amazon.com/dp/B0D1KXV9ZS?tag=eloabder-20&linkCode=osi&th=1&psc=1"><img src="https://m.media-amazon.com/images/I/311Liu9BWoL._SL500_.jpg" alt="Product Image"></a><p>Vagisil pH Balance Daily Freshening Wipes for Feminine Hygiene in Resealable Pouch, Gynecologist Tested & Hypoallergenic, 20 Wipes (Pack of 1)</p><p> -40% 0FF </p><p>$2.97 ($0.15 / Count)</p><a href="https://www.amazon.com/dp/B0D1KXV9ZS?tag=eloabder-20&linkCode=osi&th=1&psc=1">View Product</a></div><div class="product"><a href="https://www.amazon.com/dp/B07DVY2PDZ?tag=eloabder-20&linkCode=osi&th=1&psc=1"><img src="https://m.media-amazon.com/images/I/51m-hobgS9L._SL500_.jpg" alt="Product Image"></a><p>Charmin Flushable Wipes, 160 Total Wipes (4 Packs of 40)</p><p> -28% 0FF </p><p>$7.96 ($4.98 / 100 Sheets)</p><a href="https://www.amazon.com/dp/B07DVY2PDZ?tag=eloabder-20&linkCode=osi&th=1&psc=1">View Product</a></div>
<div class="product"><a href="https://www.amazon.com/dp/B0735Q681B?tag=eloabder-20&linkCode=osi&th=1&psc=1"><img src="https://m.media-amazon.com/images/I/41UQXD2pkLL._SL500_.jpg" alt="Product Image"></a><p>SKYN Elite – 36 Count – Ultra-Thin, Lubricated Latex-Free Condoms</p><p> -5% 0FF </p><p>$18.97 ($0.53 / Count)</p><a href="https://www.amazon.com/dp/B0735Q681B?tag=eloabder-20&linkCode=osi&th=1&psc=1">View Product</a></div><div class="product"><a href="https://www.amazon.com/dp/B004TTXA8C?tag=eloabder-20&linkCode=osi&th=1&psc=1"><img src="https://m.media-amazon.com/images/I/51gr4F37KPL._SL500_.jpg" alt="Product Image"></a><p>LifeStyles Ultra Sensitive Natural Feeling Lubricated Latex Condoms, 40 Count</p><p> -43% 0FF </p><p>$12.58 ($0.31 / Count)</p><a href="https://www.amazon.com/dp/B004TTXA8C?tag=eloabder-20&linkCode=osi&th=1&psc=1">View Product</a></div>
<div class="product"><a href="https://www.amazon.com/dp/B075SN1MY9?tag=eloabder-20&linkCode=osi&th=1&psc=1"><img src="https://m.media-amazon.com/images/I/319iqKV2u8L._SL500_.jpg" alt="Product Image"></a><p>LubeLife Water-Based Lube – Personal Lubricant for Men, Women & Couples, Travel Size, Non-Staining, Easy Clean-Up, Toy-Safe, 8 Fl Oz</p><p> -9% 0FF </p><p>$9.99 ($1.25 / Fl Oz)</p><a href="https://www.amazon.com/dp/B075SN1MY9?tag=eloabder-20&linkCode=osi&th=1&psc=1">View Product</a></div><div class="product"><a href="https://www.amazon.com/dp/B004GW9GXU?tag=eloabder-20&linkCode=osi&th=1&psc=1"><img src="https://m.media-amazon.com/images/I/41ubL2N3JBL._SL500_.jpg" alt="Product Image"></a><p>K-Y Ultragel Water Based Personal Lubricant, pH Balanced Lube, Paraben Free, Non-Sticky, Non-Staining, 4.5 fl oz</p><p> -18% 0FF </p><p>$9.79 ($2.18 / Ounce)</p><a href="https://www.amazon.com/dp/B004GW9GXU?tag=eloabder-20&linkCode=osi&th=1&psc=1">View Product</a></div><div class="product"><a href="https://www.amazon.com/dp/B000ZPN1TC?tag=eloabder-20&linkCode=osi&th=1&psc=1"><img src="https://m.media-amazon.com/images/I/41vi+SxqxdL._SL500_.jpg" alt="Product Image"></a><p>Astroglide Water Based Lube (2.5oz), Liquid Personal Lubricant for Long-Lasting Pleasure for Men, Women and Couples, Safe for Toys, Travel-Friendly Size</p><p> -25% 0FF </p><p>$5.98 ($2.39 / Fl Oz)</p><a href="https://www.amazon.com/dp/B000ZPN1TC?tag=eloabder-20&linkCode=osi&th=1&psc=1">View Product</a></div><div class="product"><a href="https://www.amazon.com/dp/B0D8R1MBBP?tag=eloabder-20&linkCode=osi&th=1&psc=1"><img src="https://m.media-amazon.com/images/I/41w1UikOx8L._SL500_.jpg" alt="Product Image"></a><p>Astroglide Water Based Lube (7oz), Ultra Gentle Gel Personal Lubricant for Vaginal and Anal Sex, Stays Put with No Drip, Sex Lube, Long-Lasting for Men, Women and Couples, Safe for Toys</p><p> -46% 0FF </p><p>$6.98 ($1.00 / Ounce)</p><a href="https://www.amazon.com/dp/B0D8R1MBBP?tag=eloabder-20&linkCode=osi&th=1&psc=1">View Product</a></div>
<div class="product"><a href="https://www.amazon.com/dp/B07BGLT25K?tag=eloabder-20&linkCode=osi&th=1&psc=1"><img src="https://m.media-amazon.com/images/I/51NpHDcaw8L._SL500_.jpg" alt="Product Image"></a><p>Scott ComfortPlus Toilet Paper, 12 Double Rolls, 231 Sheets per Roll, Septic-Safe, 1-Ply Toilet Tissue</p><p> -12% 0FF </p><p>$5.68 ($0.20 / 100 Sheets)</p><a href="https://www.amazon.com/dp/B07BGLT25K?tag=eloabder-20&linkCode=osi&th=1&psc=1">View Product</a></div><div class="product"><a href="https://www.amazon.com/dp/B0CDZJ9JJC?tag=eloabder-20&linkCode=osi&th=1&psc=1"><img src="https://m.media-amazon.com/images/I/51Er7PSBqML._SL500_.jpg" alt="Product Image"></a><p>Charmin Ultra Soft Toilet Paper 6 Mega Rolls = 24 Regular Rolls</p><p> -27% 0FF </p><p>$7.97 ($0.59 / 100 Sheets)</p><a href="https://www.amazon.com/dp/B0CDZJ9JJC?tag=eloabder-20&linkCode=osi&th=1&psc=1">View Product</a></div><div class="product"><a href="https://www.amazon.com/dp/B000VCFB0G?tag=eloabder-20&linkCode=osi&th=1&psc=1"><img src="https://m.media-amazon.com/images/I/419yTBsVOFL._SL500_.jpg" alt="Product Image"></a><p>Bounty Quilted Napkins 1-Ply 12 1/10 x 12 White 200/Pack (96595PK)</p><p> -19% 0FF </p><p>$3.48 ($0.02 / Count)</p><a href="https://www.amazon.com/dp/B000VCFB0G?tag=eloabder-20&linkCode=osi&th=1&psc=1">View Product</a></div>


<div class="product"><a href="https://www.amazon.com/dp/B07BHCB9Y2?tag=eloabder-20&linkCode=osi&th=1&psc=1"><img src="https://m.media-amazon.com/images/I/51syx3ENHSL._SL500_.jpg" alt="Product Image"></a><p>PURA D'OR Anti-Thinning Biotin Shampoo & Deep Moisturizing Conditioner Original Gold Label Set (16oz x2) Natural Earthy Scent, CLINICALLY TESTED Effective Results, Hair Thickening Product, Women & Men</p><p> -15% 0FF </p><p>$33.99 ($1.06 / Fl Oz)</p><a href="https://www.amazon.com/dp/B07BHCB9Y2?tag=eloabder-20&linkCode=osi&th=1&psc=1">View Product</a></div><div class="product"><a href="https://www.amazon.com/dp/B0DVBKH321?tag=eloabder-20&linkCode=osi&th=1&psc=1"><img src="https://m.media-amazon.com/images/I/41QgluZ4kwL._SL500_.jpg" alt="Product Image"></a><p>Nature Made Hair Growth Softgels with Lustriva, Biotin, Vitamin C & A, Support Healthy Hair as You Age, 30 Softgels, 30 Day Supply</p><p> -23% 0FF </p><p>$26.99 ($0.90 / Count)</p><a href="https://www.amazon.com/dp/B0DVBKH321?tag=eloabder-20&linkCode=osi&th=1&psc=1">View Product</a></div><div class="product"><a href="https://www.amazon.com/dp/B00M6I5SNI?tag=eloabder-20&linkCode=osi&th=1&psc=1"><img src="https://m.media-amazon.com/images/I/51f-YmwJOfL._SL500_.jpg" alt="Product Image"></a><p>Rogaine for Women 5% Minoxidil Foam, Growth Treatment for Thinning & Hair Loss, Once-A-Day Unscented Topical Foam, Regrow Fuller Thicker Hair, Dermatologist Recommended, 4-Month Supply, 2 x 2.11 oz</p><p> -11% 0FF </p><p>$39.99 ($18.95 / Ounce)</p><a href="https://www.amazon.com/dp/B00M6I5SNI?tag=eloabder-20&linkCode=osi&th=1&psc=1">View Product</a></div>
<div class="product"><a href="https://www.amazon.com/dp/B00H5PJ0HW?tag=eloabder-20&linkCode=osi&th=1&psc=1"><img src="https://m.media-amazon.com/images/I/414mKN9ZjbL._SL500_.jpg" alt="Product Image"></a><p>Nature's Bounty Magnesium 500 mg Tablets, High Potency Magnesium Supplement for Bone & Muscle Health, Whole Body Support, 200 Count (Pack of 1)</p><p> -48% 0FF </p><p>$6.80 ($0.03 / Count)</p><a href="https://www.amazon.com/dp/B00H5PJ0HW?tag=eloabder-20&linkCode=osi&th=1&psc=1">View Product</a></div><div class="product"><a href="https://www.amazon.com/dp/B07DX89ZHN?tag=eloabder-20&linkCode=osi&th=1&psc=1"><img src="https://m.media-amazon.com/images/I/41jImYlR69L._SL500_.jpg" alt="Product Image"></a><p>Sports Research Triple Strength Omega 3 Fish Oil - Burpless Fish Oil Supplement w/EPA & DHA Fatty Acids from Single-Source Wild Alaskan Pollock - 1250 mg, 90 ct</p><p> -7% 0FF </p><p>$27.95 ($0.31 / Count)</p><a href="https://www.amazon.com/dp/B07DX89ZHN?tag=eloabder-20&linkCode=osi&th=1&psc=1">View Product</a></div><div class="product"><a href="https://www.amazon.com/dp/B08YLTCDTN?tag=eloabder-20&linkCode=osi&th=1&psc=1"><img src="https://m.media-amazon.com/images/I/41JTF+RdOhL._SL500_.jpg" alt="Product Image"></a><p>Nature’s Bounty Zinc 50mg, Immune Support & Antioxidant Supplement, Promotes Skin Health, 1 Caplet Per Day, Gluten Free, 250 Vegetarian Caplets</p><p> -20% 0FF </p><p>$8.68 ($0.03 / Count)</p><a href="https://www.amazon.com/dp/B08YLTCDTN?tag=eloabder-20&linkCode=osi&th=1&psc=1">View Product</a></div><div class="product"><a href="https://www.amazon.com/dp/B000NPYY04?tag=eloabder-20&linkCode=osi&th=1&psc=1"><img src="https://m.media-amazon.com/images/I/41v2o7pl8fL._SL500_.jpg" alt="Product Image"></a><p>Nature's Bounty Fish Oil Omega 3 Supplements - Supports Heart Health, 1200 Mg Fish Oil, Omega-3, 200 Softgels (Pack of 1)</p><p> -48% 0FF </p><p>$11.84 ($0.06 / Count)</p><a href="https://www.amazon.com/dp/B000NPYY04?tag=eloabder-20&linkCode=osi&th=1&psc=1">View Product</a></div><div class="product"><a href="https://www.amazon.com/dp/B01BMDAVIY?tag=eloabder-20&linkCode=osi&th=1&psc=1"><img src="https://m.media-amazon.com/images/I/411R4B52c2L._SL500_.jpg" alt="Product Image"></a><p>NatureWise Curcumin Turmeric 2250mg - 95% Curcuminoids & BioPerine Black Pepper Extract for Advanced Absorption - Daily Joint and Immune Health Support - Vegan, Non-GMO, 180 Count[60-Day Supply]</p><p> -19% 0FF </p><p>$19.37 ($0.11 / Count)</p><a href="https://www.amazon.com/dp/B01BMDAVIY?tag=eloabder-20&linkCode=osi&th=1&psc=1">View Product</a></div><div class="product"><a href="https://www.amazon.com/dp/B00DYSUQR2?tag=eloabder-20&linkCode=osi&th=1&psc=1"><img src="https://m.media-amazon.com/images/I/41+1qFufxjL._SL500_.jpg" alt="Product Image"></a><p>Nature's Bounty Vitamin B12 1000 mcg Supplements, Supports Energy Metabolism, 200 Ct</p><p> -55% 0FF </p><p>$8.53 ($0.04 / Count)</p><a href="https://www.amazon.com/dp/B00DYSUQR2?tag=eloabder-20&linkCode=osi&th=1&psc=1">View Product</a></div><div class="product"><a href="https://www.amazon.com/dp/B009SZXM4E?tag=eloabder-20&linkCode=osi&th=1&psc=1"><img src="https://m.media-amazon.com/images/I/41VHR1TpCqL._SL500_.jpg" alt="Product Image"></a><p>Nature's Bounty Biotin Hair Skin and Nails Vitamins, Supports Healthy Hair, Skin and Nails, 10,000 mcg, 120 Softgels (Pack of 1)</p><p> -15% 0FF </p><p>$7.54 ($0.06 / Count)</p><a href="https://www.amazon.com/dp/B009SZXM4E?tag=eloabder-20&linkCode=osi&th=1&psc=1">View Product</a></div><div class="product"><a href="https://www.amazon.com/dp/B07255MPRN?tag=eloabder-20&linkCode=osi&th=1&psc=1"><img src="https://m.media-amazon.com/images/I/4196YWIeLtL._SL500_.jpg" alt="Product Image"></a><p>Sports Research® Vitamin D3 + K2 w/ Coconut Oil - Vegan Vitamin D 5000iu & Mk7 Vitamin K 100mcg for Bone & Immune Support - Vegan Certified · Non-GMO · Soy Free - 60 Softgels</p><p> -30% 0FF </p><p>$16.77 ($0.28 / Count)</p><a href="https://www.amazon.com/dp/B07255MPRN?tag=eloabder-20&linkCode=osi&th=1&psc=1">View Product</a></div>
<div class="product"><a href="https://www.amazon.com/dp/B01LXX5Z8Q?tag=eloabder-20&linkCode=osi&th=1&psc=1"><img src="https://m.media-amazon.com/images/I/41c3JvCwflL._SL500_.jpg" alt="Product Image"></a><p>OLLY Daily Energy Gummy, Caffeine Free, Vitamin B12, CoQ10, Goji Berry, Adult Chewable Supplement, Tropical Flavor - 60 Count</p><p> -18% 0FF </p><p>$11.47 ($0.19 / Count)</p><a href="https://www.amazon.com/dp/B01LXX5Z8Q?tag=eloabder-20&linkCode=osi&th=1&psc=1">View Product</a></div><div class="product"><a href="https://www.amazon.com/dp/B00772C0ES?tag=eloabder-20&linkCode=osi&th=1&psc=1"><img src="https://m.media-amazon.com/images/I/41mL6jfQ48L._SL500_.jpg" alt="Product Image"></a><p>NOW Foods Supplements, Energy Dietary Supplement (lncludes B Vitamins, Green tea, Panax Ginseng and Rhodiola), 90 Capsules</p><p> -37% 0FF </p><p>$15.10 ($0.17 / Count)</p><a href="https://www.amazon.com/dp/B00772C0ES?tag=eloabder-20&linkCode=osi&th=1&psc=1">View Product</a></div><div class="product"><a href="https://www.amazon.com/dp/B008PQDCG0?tag=eloabder-20&linkCode=osi&th=1&psc=1"><img src="https://m.media-amazon.com/images/I/41JebaFqLTL._SL500_.jpg" alt="Product Image"></a><p>Nature Made Super B Energy Complex, Dietary Supplement for Brain Cell Function Support, 60 Softgels, 60 Day Supply</p><p> -35% 0FF </p><p>$9.34 ($0.16 / Count)</p><a href="https://www.amazon.com/dp/B008PQDCG0?tag=eloabder-20&linkCode=osi&th=1&psc=1">View Product</a></div>

<div class="product"><a href="https://www.amazon.com/dp/B0FS2XTBJW?tag=eloabder-20&linkCode=osi&th=1&psc=1"><img src="https://m.media-amazon.com/images/I/413BHekXfiL._SL500_.jpg" alt="Product Image"></a><p>ZHIXJIA Knee Massager with Heat, 3-in-1 Smart Portable, 3 Vibration Modes and 3 Heating Levels LED Vitality Joints Knee Massager, Gift for Men and Women, Black</p><p> -78% 0FF </p><p>$99.99 ($99.99 / Count)</p><a href="https://www.amazon.com/dp/B0FS2XTBJW?tag=eloabder-20&linkCode=osi&th=1&psc=1">View Product</a></div><div class="product"><a href="https://www.amazon.com/dp/B0FHQ3WV4L?tag=eloabder-20&linkCode=osi&th=1&psc=1"><img src="https://m.media-amazon.com/images/I/412JLGi0PiL._SL500_.jpg" alt="Product Image"></a><p>DUBSTAR 3-in-1 Pill Crusher Pill Grinder, Pill Crusher Fine Powder with Brush, Pill Crushers for Elderly with Pill Cutter and Storage, Pill Cutter Splitter for Small or Large Pills (Green)</p><p> -29% 0FF </p><p>$9.99 ($9.99 / Count)</p><a href="https://www.amazon.com/dp/B0FHQ3WV4L?tag=eloabder-20&linkCode=osi&th=1&psc=1">View Product</a></div><div class="product"><a href="https://www.amazon.com/dp/B0FR4SPYFK?tag=eloabder-20&linkCode=osi&th=1&psc=1"><img src="https://m.media-amazon.com/images/I/41+owzP2llL._SL500_.jpg" alt="Product Image"></a><p>DEPAD Adjustable Pill Cutters Splitter for Small and Tiny Pills with Accurate Alignment, Pill Cutters for Small or Large Pills with Sharp Safe Blade</p><p> -23% 0FF </p><p>$9.99</p><a href="https://www.amazon.com/dp/B0FR4SPYFK?tag=eloabder-20&linkCode=osi&th=1&psc=1">View Product</a></div><div class="product"><a href="https://www.amazon.com/dp/B0F9NTTCWX?tag=eloabder-20&linkCode=osi&th=1&psc=1"><img src="https://m.media-amazon.com/images/I/51rTYaWSgtL._SL500_.jpg" alt="Product Image"></a><p>AUVON Dual Channel TENS Unit Muscle Stimulator Machine with 20 Modes, 2" and 2"x4" TENS Unit Electrode Pads (Red)</p><p> -28% 0FF </p><p>$25.99</p><a href="https://www.amazon.com/dp/B0F9NTTCWX?tag=eloabder-20&linkCode=osi&th=1&psc=1">View Product</a></div><div class="product"><a href="https://www.amazon.com/dp/B0D63FTHH4?tag=eloabder-20&linkCode=osi&th=1&psc=1"><img src="https://m.media-amazon.com/images/I/41Gu1013yRL._SL500_.jpg" alt="Product Image"></a><p>Yicotira 4 Pack Reusable Microfiber Mop Pads Compatible with Swiffer Sweeper - Dry Sweeping Cloths & Wet Pad Refills for Wet & Dry, Washable Pads Refills for Household Cleaning (Mop is not Included)</p><p> -34% 0FF </p><p>$8.54 ($2.14 / Count)</p><a href="https://www.amazon.com/dp/B0D63FTHH4?tag=eloabder-20&linkCode=osi&th=1&psc=1">View Product</a></div>
<div class="product"><a href="https://www.amazon.com/dp/B000ZLVUYO?tag=eloabder-20&linkCode=osi&th=1&psc=1"><img src="https://m.media-amazon.com/images/I/41CNAwwnEqL._SL500_.jpg" alt="Product Image"></a><p>It's A 10 Miracle Hair Mask, 8-Ounce</p><p> -16% 0FF </p><p>$25.99 ($3.25 / Fl Oz)</p><a href="https://www.amazon.com/dp/B000ZLVUYO?tag=eloabder-20&linkCode=osi&th=1&psc=1">View Product</a></div><div class="product"><a href="https://www.amazon.com/dp/B07VCGRBGT?tag=eloabder-20&linkCode=osi&th=1&psc=1"><img src="https://m.media-amazon.com/images/I/51QprRDhFoL._SL500_.jpg" alt="Product Image"></a><p>Palmer's Coconut Oil Formula Moisture Boost Protein Pack, Hair Treatment for Dry, Damaged, Over-Processed and Colored Hair, 2.1 Ounce (Pack of 12)</p><p> -67% 0FF </p><p>$11.09 ($0.92 / Ounce)</p><a href="https://www.amazon.com/dp/B07VCGRBGT?tag=eloabder-20&linkCode=osi&th=1&psc=1">View Product</a></div>
<div class="product"><a href="https://www.amazon.com/dp/B01A74442I?tag=eloabder-20&linkCode=osi&th=1&psc=1"><img src="https://m.media-amazon.com/images/I/51crUDqQzIL._SL500_.jpg" alt="Product Image"></a><p>Cliganic Organic Jojoba Oil, 100% Pure (4oz) | Moisturizing for Face, Hair, Skin & Nails | Natural Cold Pressed Hexane Free | Base Carrier Oil</p><p> -27% 0FF </p><p>$9.48 ($2.37 / Fl Oz)</p><a href="https://www.amazon.com/dp/B01A74442I?tag=eloabder-20&linkCode=osi&th=1&psc=1">View Product</a></div><div class="product"><a href="https://www.amazon.com/dp/B09PR9R9SL?tag=eloabder-20&linkCode=osi&th=1&psc=1"><img src="https://m.media-amazon.com/images/I/51EyKsoMSlL._SL500_.jpg" alt="Product Image"></a><p>KUKKA Rosemary Essential Oils - 4 Fl Oz - for Hair, Skin, Diffuser, Aromatherapy & DIY Soap Making Scent</p><p> -33% 0FF </p><p>$12.99 ($3.25 / Fl Oz)</p><a href="https://www.amazon.com/dp/B09PR9R9SL?tag=eloabder-20&linkCode=osi&th=1&psc=1">View Product</a></div><div class="product"><a href="https://www.amazon.com/dp/B004Z209HS?tag=eloabder-20&linkCode=osi&th=1&psc=1"><img src="https://m.media-amazon.com/images/I/41h5nZqdm+L._SL500_.jpg" alt="Product Image"></a><p>PURA D'OR 4 Oz ORGANIC Moroccan Argan Oil - USDA Certified 100% Pure & Cold Pressed Virgin Premium Grade Natural Moisturizer Treatment For Dry, Damaged Skin, Hair, Face, Body & Scalp - Men & Women</p><p> -12% 0FF </p><p>$14.99 ($3.75 / Fl Oz)</p><a href="https://www.amazon.com/dp/B004Z209HS?tag=eloabder-20&linkCode=osi&th=1&psc=1">View Product</a></div>
<div class="product"><a href="https://www.amazon.com/dp/B004YVDIAU?tag=eloabder-20&linkCode=osi&th=1&psc=1"><img src="https://m.media-amazon.com/images/I/313PkUEQj5L._SL500_.jpg" alt="Product Image"></a><p>Garnier Fructis Style Curl Sculpt Conditioning Cream Gel for Bounce & Moisture, 5.1 Fl Oz, 1 Count (Packaging May Vary)</p><p> -21% 0FF </p><p>$4.73 ($0.93 / Ounce)</p><a href="https://www.amazon.com/dp/B004YVDIAU?tag=eloabder-20&linkCode=osi&th=1&psc=1">View Product</a></div><div class="product"><a href="https://www.amazon.com/dp/B0002Z90RM?tag=eloabder-20&linkCode=osi&th=1&psc=1"><img src="https://m.media-amazon.com/images/I/31xKcrbq12L._SL500_.jpg" alt="Product Image"></a><p>RUSK Designer Collection Thick Body and Texture Amplifier Spray, 6 Oz, For Fine, Limp, Flat or Lazy Hair Types - Contains Wheat Protein, Adds Strength, Texture, Volume & Moisture</p><p> -5% 0FF </p><p>$17.50 ($2.92 / Fl Oz)</p><a href="https://www.amazon.com/dp/B0002Z90RM?tag=eloabder-20&linkCode=osi&th=1&psc=1">View Product</a></div><div class="product"><a href="https://www.amazon.com/dp/B0013NE2Y8?tag=eloabder-20&linkCode=osi&th=1&psc=1"><img src="https://m.media-amazon.com/images/I/31A8kEJJlIL._SL500_.jpg" alt="Product Image"></a><p>John Frieda Frizz Ease Original Hair Serum, Protecting Against Frizz, Heat, and Humidity While Adding Shine, Smooths Strands and Hydrates Parched Hair with Argan, Coconut, and Moringa Oil, 1.69 Oz</p><p> -33% 0FF </p><p>$8.01 ($4.74 / Fl Oz)</p><a href="https://www.amazon.com/dp/B0013NE2Y8?tag=eloabder-20&linkCode=osi&th=1&psc=1">View Product</a></div>
<div class="product"><a href="https://www.amazon.com/dp/B004BYSR6K?tag=eloabder-20&linkCode=osi&th=1&psc=1"><img src="https://m.media-amazon.com/images/I/41RMAGucP7L._SL500_.jpg" alt="Product Image"></a><p>L'Oreal Paris Excellence Crème Permanent Hair Dye, Triple Care Hair Color with Pro-Keratine Complex for 100% Gray Hair Coverage, 5 Medium Brown, 1 Kit</p><p> -23% 0FF </p><p>$9.98</p><a href="https://www.amazon.com/dp/B004BYSR6K?tag=eloabder-20&linkCode=osi&th=1&psc=1">View Product</a></div><div class="product"><a href="https://www.amazon.com/dp/B00006JN4P?tag=eloabder-20&linkCode=osi&th=1&psc=1"><img src="https://m.media-amazon.com/images/I/51mGD8V4I7L._SL500_.jpg" alt="Product Image"></a><p>L'Oreal Paris Superior Preference Fade-Defying + Shine Permanent Hair Color, 8 Medium Blonde, Pack of 1, Hair Dye</p><p> -36% 0FF </p><p>$8.97</p><a href="https://www.amazon.com/dp/B00006JN4P?tag=eloabder-20&linkCode=osi&th=1&psc=1">View Product</a></div><div class="product"><a href="https://www.amazon.com/dp/B000KOU7FE?tag=eloabder-20&linkCode=osi&th=1&psc=1"><img src="https://m.media-amazon.com/images/I/51BV0dgoMnL._SL500_.jpg" alt="Product Image"></a><p>L'Oreal Paris Feria Multi-Faceted Shimmering Permanent Hair Color, B61 Downtown Brown (Hi-Lift Cool Brown), Pack of 1, Hair Dye</p><p> -7% 0FF </p><p>$12.97</p><a href="https://www.amazon.com/dp/B000KOU7FE?tag=eloabder-20&linkCode=osi&th=1&psc=1">View Product</a></div><div class="product"><a href="https://www.amazon.com/dp/B003AYEGGW?tag=eloabder-20&linkCode=osi&th=1&psc=1"><img src="https://m.media-amazon.com/images/I/41usJCtVqUL._SL500_.jpg" alt="Product Image"></a><p>Clairol Root Touch-Up by Nice'n Easy Permanent Hair Dye, 2 Black Hair Color, Pack of 2</p><p> -6% 0FF </p><p>$15.96 ($7.25 / Fl Oz)</p><a href="https://www.amazon.com/dp/B003AYEGGW?tag=eloabder-20&linkCode=osi&th=1&psc=1">View Product</a></div><div class="product"><a href="https://www.amazon.com/dp/B000NSW0EI?tag=eloabder-20&linkCode=osi&th=1&psc=1"><img src="https://m.media-amazon.com/images/I/51ZOUeoIXAS._SL500_.jpg" alt="Product Image"></a><p>Just For Men Shampoo In Color, Hair Color for Men with Keratin and Vitamin E for Stronger Hair, Restores Natural Hair Color, Medium Brown, H-35, Pack of 3</p><p> -10% 0FF </p><p>$26.88</p><a href="https://www.amazon.com/dp/B000NSW0EI?tag=eloabder-20&linkCode=osi&th=1&psc=1">View Product</a></div><div class="product"><a href="https://www.amazon.com/dp/B004DKB08E?tag=eloabder-20&linkCode=osi&th=1&psc=1"><img src="https://m.media-amazon.com/images/I/41dA53oe85L._SL500_.jpg" alt="Product Image"></a><p>John Frieda Precision Foam Colour, Medium Natural Brown 5N, Full-coverage Hair Color Kit, Anti-Fade Gray Coverage, Deep Color Saturation Hair Dye, 1 Application</p><p> -8% 0FF </p><p>$11.92</p><a href="https://www.amazon.com/dp/B004DKB08E?tag=eloabder-20&linkCode=osi&th=1&psc=1">View Product</a></div><div class="product"><a href="https://www.amazon.com/dp/B000KOHSQA?tag=eloabder-20&linkCode=osi&th=1&psc=1"><img src="https://m.media-amazon.com/images/I/51voB2QwdLL._SL500_.jpg" alt="Product Image"></a><p>L'Oreal Paris Couleur Experte 2-Step Home Hair Color and Highlights Kit, French Éclair</p><p> -18% 0FF </p><p>$13.97</p><a href="https://www.amazon.com/dp/B000KOHSQA?tag=eloabder-20&linkCode=osi&th=1&psc=1">View Product</a></div>
<div class="product"><a href="https://www.amazon.com/dp/B005CSYTCU?tag=eloabder-20&linkCode=osi&th=1&psc=1"><img src="https://m.media-amazon.com/images/I/41og7wvl2GL._SL500_.jpg" alt="Product Image"></a><p>Goody Ouchless Polyband Hair Ties - 250 Ct, Clear, Latex Hair Bands for Women's Hair, Easy Glide, Ultra-Strong Hold Hair Accessories for Women & Men, Secure Hold Ridge Design, All Hair Types</p><p> -19% 0FF </p><p>$3.19 ($0.01 / Count)</p><a href="https://www.amazon.com/dp/B005CSYTCU?tag=eloabder-20&linkCode=osi&th=1&psc=1">View Product</a></div><div class="product"><a href="https://www.amazon.com/dp/B00CGN9LQ8?tag=eloabder-20&linkCode=osi&th=1&psc=1"><img src="https://m.media-amazon.com/images/I/41LhEO75hIL._SL500_.jpg" alt="Product Image"></a><p>Crave Naturals Glide Thru Hair Brush - Detangler Brush for Curly, Straight, Wet or Dry Hair - Gentle Detangling Brushes for Adults, Kids, Toddlers - Hair Accessories for Women, 7.5x3 - Pink</p><p> -47% 0FF </p><p>$8.49</p><a href="https://www.amazon.com/dp/B00CGN9LQ8?tag=eloabder-20&linkCode=osi&th=1&psc=1">View Product</a></div><div class="product"><a href="https://www.amazon.com/dp/B00DLWO7D0?tag=eloabder-20&linkCode=osi&th=1&psc=1"><img src="https://m.media-amazon.com/images/I/31ISZI2zfzL._SL500_.jpg" alt="Product Image"></a><p>Goody Smooth and Sleek Wood Styling Brush with Natural Boar Bristles, Flyaway Free Finish, For All Hair Types, Brown, 1CT</p><p> -20% 0FF </p><p>$4.62</p><a href="https://www.amazon.com/dp/B00DLWO7D0?tag=eloabder-20&linkCode=osi&th=1&psc=1">View Product</a></div>
<div class="product"><a href="https://www.amazon.com/dp/B00HFQQ0VU?tag=eloabder-20&linkCode=osi&th=1&psc=1"><img src="https://m.media-amazon.com/images/I/41J4CJ+ERsL._SL500_.jpg" alt="Product Image"></a><p>Waterpik Aquarius Water Flosser For Teeth Cleaning, Gums, Braces, Dental Care, Electric Power With 10 Settings, 7 Tips For Multiple Users And Needs, ADA Accepted, White WP-660, Packaging May Vary</p><p> -20% 0FF </p><p>$79.99</p><a href="https://www.amazon.com/dp/B00HFQQ0VU?tag=eloabder-20&linkCode=osi&th=1&psc=1">View Product</a></div><div class="product"><a href="https://www.amazon.com/dp/B000QXH4PK?tag=eloabder-20&linkCode=osi&th=1&psc=1"><img src="https://m.media-amazon.com/images/I/41BYUSQaRKL._SL500_.jpg" alt="Product Image"></a><p>Listerine PocketPaks Cool Mint Breath Strips, Portable Pocket-Sized Oral Care Mouth Freshener, Dissolving Strips Kill 99% of Bad Breath Germs, Sugar Free, 3 x 24-Strip Packs</p><p> -18% 0FF </p><p>$5.72 ($0.08 / Count)</p><a href="https://www.amazon.com/dp/B000QXH4PK?tag=eloabder-20&linkCode=osi&th=1&psc=1">View Product</a></div><div class="product"><a href="https://www.amazon.com/dp/B07LGSYTLM?tag=eloabder-20&linkCode=osi&th=1&psc=1"><img src="https://m.media-amazon.com/images/I/31YRxbr1qCL._SL500_.jpg" alt="Product Image"></a><p>DenTek Professional Oral Care Kit, Complete Set of Dental Tools Including Mirror, Dental Pick, Scaler & Stimulator</p><p> -9% 0FF </p><p>$6.39</p><a href="https://www.amazon.com/dp/B07LGSYTLM?tag=eloabder-20&linkCode=osi&th=1&psc=1">View Product</a></div><div class="product"><a href="https://www.amazon.com/dp/B01LAY47D0?tag=eloabder-20&linkCode=osi&th=1&psc=1"><img src="https://m.media-amazon.com/images/I/41y93UxXRvL._SL500_.jpg" alt="Product Image"></a><p>MasterMedi Tongue Scraper for Adults with Multicolor Travel Cases (2 Pack), 100% Stainless Steel, Reduce Bad Breath, Tongue Scrubber, Easy to Use, Tongue Cleaner for Oral Care & Hygiene</p><p> -34% 0FF </p><p>$9.95 ($4.98 / Count)</p><a href="https://www.amazon.com/dp/B01LAY47D0?tag=eloabder-20&linkCode=osi&th=1&psc=1">View Product</a></div>
<div class="product"><a href="https://www.amazon.com/dp/B09F8FZ18G?tag=eloabder-20&linkCode=osi&th=1&psc=1"><img src="https://m.media-amazon.com/images/I/51WkgqQXqCL._SL500_.jpg" alt="Product Image"></a><p>Crest 3D White Advanced Luminous Mint Teeth Whitening Toothpaste, Crest Toothpaste, 3.7 oz Pack of 4 - Helps Remove Surface Stains, Whitens Teeth, Strengthens Tooth Enamel, Protects Against Cavities</p><p> -20% 0FF </p><p>$11.99 ($0.81 / Ounce)</p><a href="https://www.amazon.com/dp/B09F8FZ18G?tag=eloabder-20&linkCode=osi&th=1&psc=1">View Product</a></div><div class="product"><a href="https://www.amazon.com/dp/B083JHCCV2?tag=eloabder-20&linkCode=osi&th=1&psc=1"><img src="https://m.media-amazon.com/images/I/31ppsn+WAqL._SL500_.jpg" alt="Product Image"></a><p>Boka Fluoride Free Toothpaste, Nano Hydroxyapatite Toothpaste, Appropriate for Sensitive Teeth - for Adult, Kids Oral Care - Ela Mint Flavor, 4 Fl Oz 1Pk US Manufactured</p><p> -10% 0FF </p><p>$11.75 ($2.94 / Ounce)</p><a href="https://www.amazon.com/dp/B083JHCCV2?tag=eloabder-20&linkCode=osi&th=1&psc=1">View Product</a></div><div class="product"><a href="https://www.amazon.com/dp/B0BLWLL3FV?tag=eloabder-20&linkCode=osi&th=1&psc=1"><img src="https://m.media-amazon.com/images/I/519IfsN7qIL._SL500_.jpg" alt="Product Image"></a><p>Colgate Total Whitening Toothpaste Paste, 5.1 oz, 4 Pack, Fluoride, Antibacterial, for Plaque, Gingivitis, Sensitivity, Stain Removal, Clinically Proven, Mint, Teeth Whitening, Stannous Fluoride</p><p> -10% 0FF </p><p>$14.38 ($0.70 / Fl Oz)</p><a href="https://www.amazon.com/dp/B0BLWLL3FV?tag=eloabder-20&linkCode=osi&th=1&psc=1">View Product</a></div>
<div class="product"><a href="https://www.amazon.com/dp/B00CC6XSRC?tag=eloabder-20&linkCode=osi&th=1&psc=1"><img src="https://m.media-amazon.com/images/I/41OKKVbMN-L._SL500_.jpg" alt="Product Image"></a><p>Colgate Extra Clean Toothbrush, Medium Toothbrush for Adults, 6 Pack</p><p> -10% 0FF </p><p>$4.96 ($0.83 / Count)</p><a href="https://www.amazon.com/dp/B00CC6XSRC?tag=eloabder-20&linkCode=osi&th=1&psc=1">View Product</a></div><div class="product"><a href="https://www.amazon.com/dp/B06XK2M3H3?tag=eloabder-20&linkCode=osi&th=1&psc=1"><img src="https://m.media-amazon.com/images/I/41tntn0c7BL._SL500_.jpg" alt="Product Image"></a><p>Oral-B 3D White Stain Eraser, 4 count SOFT manual tootbrush pack, Removes Stains, Whitens Teeth, Tongue and Cheek Cleaner</p><p> -12% 0FF </p><p>$7.92 ($1.98 / Count)</p><a href="https://www.amazon.com/dp/B06XK2M3H3?tag=eloabder-20&linkCode=osi&th=1&psc=1">View Product</a></div><div class="product"><a href="https://www.amazon.com/dp/B00H88K9EE?tag=eloabder-20&linkCode=osi&th=1&psc=1"><img src="https://m.media-amazon.com/images/I/51ah-EIUbsL._SL500_.jpg" alt="Product Image"></a><p>Colgate 360 Whole Mouth Toothbrush, Adult Toothbrushes Medium Bristles, Helps Remove Bad Breath Bacteria and Plaque, Medium Toothbrush Pack, Includes Cheek and Tongue Cleaner, 4 Pack</p><p> -18% 0FF </p><p>$8.19 ($2.05 / Count)</p><a href="https://www.amazon.com/dp/B00H88K9EE?tag=eloabder-20&linkCode=osi&th=1&psc=1">View Product</a></div><div class="product"><a href="https://www.amazon.com/dp/B003CP12QG?tag=eloabder-20&linkCode=osi&th=1&psc=1"><img src="https://m.media-amazon.com/images/I/41LPe-bdnPL._SL500_.jpg" alt="Product Image"></a><p>Oral-B Pulsar Pro-Health Expert Clean, Battery electric toothbrush, 2 count MEDIUM toothbrush pack, removes plaque, travel essentials tooth brush</p><p> -22% 0FF </p><p>$10.97 ($5.48 / Count)</p><a href="https://www.amazon.com/dp/B003CP12QG?tag=eloabder-20&linkCode=osi&th=1&psc=1">View Product</a></div>
<div class="product"><a href="https://www.amazon.com/dp/B0C881GLNM?tag=eloabder-20&linkCode=osi&th=1&psc=1"><img src="https://m.media-amazon.com/images/I/51C2ohy2RWL._SL500_.jpg" alt="Product Image"></a><p>Crest Pro-Health Advanced Mouthwash, Alcohol Free, Multi-Protection, Fresh Mint, 1 L (33.8 fl oz), Pack of 2, Blue</p><p> -9% 0FF </p><p>$10.97 ($0.16 / Fl Oz)</p><a href="https://www.amazon.com/dp/B0C881GLNM?tag=eloabder-20&linkCode=osi&th=1&psc=1">View Product</a></div><div class="product"><a href="https://www.amazon.com/dp/B005IHSPLQ?tag=eloabder-20&linkCode=osi&th=1&psc=1"><img src="https://m.media-amazon.com/images/I/31U2umAytxL._SL500_.jpg" alt="Product Image"></a><p>Listerine Alcohol-Free Mouthwash, Non Alcoholic Mint Oral Rinse Kills 99.9% of Germs That Cause Bad Breath for a Fresh Breath & Clean Mouth, Less Intense Taste, Cool Mint Flavor, 1 L</p><p> -25% 0FF </p><p>$6.99 ($0.21 / Fl Oz)</p><a href="https://www.amazon.com/dp/B005IHSPLQ?tag=eloabder-20&linkCode=osi&th=1&psc=1">View Product</a></div><div class="product"><a href="https://www.amazon.com/dp/B0126XBQK6?tag=eloabder-20&linkCode=osi&th=1&psc=1"><img src="https://m.media-amazon.com/images/I/51dT1Mhf3zL._SL500_.jpg" alt="Product Image"></a><p>Crest Pro-Health Advanced Mouthwash, Alcohol Free, Extra Whitening, Energizing Mint Flavor, 946 mL (32 fl oz)</p><p> -20% 0FF </p><p>$7.17 ($0.22 / Fl Oz)</p><a href="https://www.amazon.com/dp/B0126XBQK6?tag=eloabder-20&linkCode=osi&th=1&psc=1">View Product</a></div><div class="product"><a href="https://www.amazon.com/dp/B00495Q5OW?tag=eloabder-20&linkCode=osi&th=1&psc=1"><img src="https://m.media-amazon.com/images/I/41U0hz++OHL._SL500_.jpg" alt="Product Image"></a><p>Listerine Total Care Anticavity Fluoride Mouthwash, 6 Benefits in 1 Oral Rinse Helps Kill 99% of Bad Breath Germs, Prevents Cavities, Strengthens Teeth, ADA-Accepted, Fresh Mint, 1 L</p><p> -26% 0FF </p><p>$8.79 ($0.27 / fluid ounce(s))</p><a href="https://www.amazon.com/dp/B00495Q5OW?tag=eloabder-20&linkCode=osi&th=1&psc=1">View Product</a></div>
<div class="product"><a href="https://www.amazon.com/dp/B013OKRGWW?tag=eloabder-20&linkCode=osi&th=1&psc=1"><img src="https://m.media-amazon.com/images/I/31s8V2M+RVL._SL500_.jpg" alt="Product Image"></a><p>REACH Waxed Dental Floss, Mint, Plaque Remover for Teeth, Shred Resistant, Floss Slides Smoothly, Easy to Use, Waxed, Deep Cleaning Teeth, Oral Care, PFAS Free, for Adults & Kids, 1 Pack, 55 yd</p><p> -13% 0FF </p><p>$1.29 ($0.01 / Foot)</p><a href="https://www.amazon.com/dp/B013OKRGWW?tag=eloabder-20&linkCode=osi&th=1&psc=1">View Product</a></div><div class="product"><a href="https://www.amazon.com/dp/B014KZLWX4?tag=eloabder-20&linkCode=osi&th=1&psc=1"><img src="https://m.media-amazon.com/images/I/41GyDUKvKAL._SL500_.jpg" alt="Product Image"></a><p>REACH Waxed Dental Floss, Mint, Plaque Remover for Teeth, Shred Resistant, Floss Slides Smoothly, Easy to Use, Waxed, Deep Cleaning Teeth, Oral Care, PFAS Free, for Adults & Kids, 6 Pack, 55 yd</p><p> -13% 0FF </p><p>$10.74 ($0.01 / Foot)</p><a href="https://www.amazon.com/dp/B014KZLWX4?tag=eloabder-20&linkCode=osi&th=1&psc=1">View Product</a></div><div class="product"><a href="https://www.amazon.com/dp/B00UB7BO16?tag=eloabder-20&linkCode=osi&th=1&psc=1"><img src="https://m.media-amazon.com/images/I/41aZF2HKXrL._SL500_.jpg" alt="Product Image"></a><p>Oral-B Glide Complete Floss Picks, Dental Floss Picks, Scope Outlast, 75-ct, Toothpicks Floss Picks</p><p> -20% 0FF </p><p>$3.96 ($0.05 / Count)</p><a href="https://www.amazon.com/dp/B00UB7BO16?tag=eloabder-20&linkCode=osi&th=1&psc=1">View Product</a></div><div class="product"><a href="https://www.amazon.com/dp/B003K01BMI?tag=eloabder-20&linkCode=osi&th=1&psc=1"><img src="https://m.media-amazon.com/images/I/41r6iQVxOzL._SL500_.jpg" alt="Product Image"></a><p>DenTek Triple Clean Advanced Clean Floss Picks, No Break & No Shred Floss, 150 Count, (Packaging May Vary)</p><p> -31% 0FF </p><p>$4.15 ($0.03 / Count)</p><a href="https://www.amazon.com/dp/B003K01BMI?tag=eloabder-20&linkCode=osi&th=1&psc=1">View Product</a></div><div class="product"><a href="https://www.amazon.com/dp/B07WFX1WD2?tag=eloabder-20&linkCode=osi&th=1&psc=1"><img src="https://m.media-amazon.com/images/I/51lqCql47sL._SL500_.jpg" alt="Product Image"></a><p>Oral-B Glide Dental Floss, Scope Flavor, 40m (Pack of 6)</p><p> -20% 0FF </p><p>$15.96 ($0.02 / Foot)</p><a href="https://www.amazon.com/dp/B07WFX1WD2?tag=eloabder-20&linkCode=osi&th=1&psc=1">View Product</a></div>
<div class="product"><a href="https://www.amazon.com/dp/B0BVT76MFH?tag=eloabder-20&linkCode=osi&th=1&psc=1"><img src="https://m.media-amazon.com/images/I/419kJTfLfGL._SL500_.jpg" alt="Product Image"></a><p>Crest 3D Whitestrips Sensitive At-Home Teeth Whitening Kit, 18 Treatments, Gently Removes 15 Years of Stains, Crest Whitestrips, Teeth Whitening Kit</p><p> -44% 0FF </p><p>$27.85 ($1.55 / Count)</p><a href="https://www.amazon.com/dp/B0BVT76MFH?tag=eloabder-20&linkCode=osi&th=1&psc=1">View Product</a></div>
<div class="product"><a href="https://www.amazon.com/dp/B0CK1791MR?tag=eloabder-20&linkCode=osi&th=1&psc=1"><img src="https://m.media-amazon.com/images/I/31CZvJQAbDL._SL500_.jpg" alt="Product Image"></a><p>Her Fantasy Box | Refresh pH Balancing Shower Gel - Natural Feminine Hygiene Solution for Gentle Cleansing, Odor Control, and Skin Nourishment - pH-Balanced Formula for All Skin Types (8 oz)</p><p> -6% 0FF </p><p>$14.99 ($1.87 / Fl Oz)</p><a href="https://www.amazon.com/dp/B0CK1791MR?tag=eloabder-20&linkCode=osi&th=1&psc=1">View Product</a></div><div class="product"><a href="https://www.amazon.com/dp/B08L4Q75QP?tag=eloabder-20&linkCode=osi&th=1&psc=1"><img src="https://m.media-amazon.com/images/I/51OkbLfz-2L._SL500_.jpg" alt="Product Image"></a><p>Playtex Sport Tampons Multipack (24ct Regular/24ct Super), Fragrance-Free - 48ct | Tampons Regular and Super, Playtex Tampon Multipack, Feminine Care with 360 Leak Defense</p><p> -29% 0FF </p><p>$9.97 ($0.21 / Count)</p><a href="https://www.amazon.com/dp/B08L4Q75QP?tag=eloabder-20&linkCode=osi&th=1&psc=1">View Product</a></div><div class="product"><a href="https://www.amazon.com/dp/B083M1RG6P?tag=eloabder-20&linkCode=osi&th=1&psc=1"><img src="https://m.media-amazon.com/images/I/51AHoXPV3gL._SL500_.jpg" alt="Product Image"></a><p>U by Kotex Tampons, Click Compact, Regular Absorbency, Unscented, 45 Count</p><p> -48% 0FF </p><p>$6.97 ($0.15 / Count)</p><a href="https://www.amazon.com/dp/B083M1RG6P?tag=eloabder-20&linkCode=osi&th=1&psc=1">View Product</a></div><div class="product"><a href="https://www.amazon.com/dp/B0D5FZGY8W?tag=eloabder-20&linkCode=osi&th=1&psc=1"><img src="https://m.media-amazon.com/images/I/51gWW6a+5uL._SL500_.jpg" alt="Product Image"></a><p>O Positiv URO Vaginal Probiotics for Women pH Balance with Prebiotics & Lactobacillus Probiotic Blend - Vaginal Health Supplement - Promote Healthy Vaginal Odor & Vaginal Flora, 60 Count (Pack of 1)</p><p> -10% 0FF </p><p>$28.97 ($0.48 / Count)</p><a href="https://www.amazon.com/dp/B0D5FZGY8W?tag=eloabder-20&linkCode=osi&th=1&psc=1">View Product</a></div><div class="product"><a href="https://www.amazon.com/dp/B01M1BLRC1?tag=eloabder-20&linkCode=osi&th=1&psc=1"><img src="https://m.media-amazon.com/images/I/51CVKq4e6UL._SL500_.jpg" alt="Product Image"></a><p>Always Maxi Overnight Pads with Wings for Women, Size 5, Extra Heavy Overnight Absorbency, Unscented, 36 Count</p><p> -5% 0FF </p><p>$10.47 ($0.29 / Count)</p><a href="https://www.amazon.com/dp/B01M1BLRC1?tag=eloabder-20&linkCode=osi&th=1&psc=1">View Product</a></div>
<div class="product"><a href="https://www.amazon.com/dp/B083M24HGP?tag=eloabder-20&linkCode=osi&th=1&psc=1"><img src="https://m.media-amazon.com/images/I/51iX7-G8XnL._SL500_.jpg" alt="Product Image"></a><p>U by Kotex Tampons, Click Compact Multipack, Regular/Super Absorbency, Unscented, 45 Count</p><p> -26% 0FF </p><p>$9.97 ($0.22 / Count)</p><a href="https://www.amazon.com/dp/B083M24HGP?tag=eloabder-20&linkCode=osi&th=1&psc=1">View Product</a></div><div class="product"><a href="https://www.amazon.com/dp/B0B33LJX6N?tag=eloabder-20&linkCode=osi&th=1&psc=1"><img src="https://m.media-amazon.com/images/I/512dGlJD9nL._SL500_.jpg" alt="Product Image"></a><p>Tampax Pearl Tampons for Women Multipack, with LeakGuard Braid, Light/Regular/Super Absorbency, Unscented, 94 Count (2 Packs of 47)</p><p> -7% 0FF </p><p>$21.36 ($0.23 / Count)</p><a href="https://www.amazon.com/dp/B0B33LJX6N?tag=eloabder-20&linkCode=osi&th=1&psc=1">View Product</a></div>
<div class="product"><a href="https://www.amazon.com/dp/B01NAX7KC7?tag=eloabder-20&linkCode=osi&th=1&psc=1"><img src="https://m.media-amazon.com/images/I/51SOakjzHvL._SL500_.jpg" alt="Product Image"></a><p>Poise Overnight Incontinence & Postpartum Pads for Bladder Leaks, 8 Drop Extra Coverage, 72 Count (2 Packs of 36), Packaging May Vary</p><p> -7% 0FF </p><p>$41.99 ($0.58 / Count)</p><a href="https://www.amazon.com/dp/B01NAX7KC7?tag=eloabder-20&linkCode=osi&th=1&psc=1">View Product</a></div><div class="product"><a href="https://www.amazon.com/dp/B0BLGRQHCQ?tag=eloabder-20&linkCode=osi&th=1&psc=1"><img src="https://m.media-amazon.com/images/I/51tBxYlTu3L._SL500_.jpg" alt="Product Image"></a><p>Poise Incontinence & Postpartum Pads for Bladder Leaks, 7 Drop Ultra Absorbency, Long Length, 78 Count, Packaging May Vary</p><p> -17% 0FF </p><p>$42.96 ($0.55 / Count)</p><a href="https://www.amazon.com/dp/B0BLGRQHCQ?tag=eloabder-20&linkCode=osi&th=1&psc=1">View Product</a></div>
<div class="product"><a href="https://www.amazon.com/dp/B086JBZW48?tag=eloabder-20&linkCode=osi&th=1&psc=1"><img src="https://m.media-amazon.com/images/I/419mX5-k8XL._SL500_.jpg" alt="Product Image"></a><p>EcoBlossom Reusable Menstrual Cup Set - The Most Reliable Medical Grade Silicone Period Cups - Comfortably use for 12 Hours (Small & Large)</p><p> -20% 0FF </p><p>$15.99 ($8.00 / Count)</p><a href="https://www.amazon.com/dp/B086JBZW48?tag=eloabder-20&linkCode=osi&th=1&psc=1">View Product</a></div><div class="product"><a href="https://www.amazon.com/dp/B07QNVNDMQ?tag=eloabder-20&linkCode=osi&th=1&psc=1"><img src="https://m.media-amazon.com/images/I/41kGVRCvHnL._SL500_.jpg" alt="Product Image"></a><p>Croing Reusable Menstrual Cup Set of 4, Period Cup, 2 pcs Small and 2 pcs Large (Purple and White)</p><p> -33% 0FF </p><p>$9.99 ($2.50 / Count)</p><a href="https://www.amazon.com/dp/B07QNVNDMQ?tag=eloabder-20&linkCode=osi&th=1&psc=1">View Product</a></div><div class="product"><a href="https://www.amazon.com/dp/B08MYQJ95N?tag=eloabder-20&linkCode=osi&th=1&psc=1"><img src="https://m.media-amazon.com/images/I/41C-jls603L._SL500_.jpg" alt="Product Image"></a><p>YTYOMUR Menstrual Cup Steamer Sterilizer with 2 Reusable Menstrual Cups, Period Cups Cleaner Wash Kit</p><p> -37% 0FF </p><p>$20.24</p><a href="https://www.amazon.com/dp/B08MYQJ95N?tag=eloabder-20&linkCode=osi&th=1&psc=1">View Product</a></div><div class="product"><a href="https://www.amazon.com/dp/B081QNN9CD?tag=eloabder-20&linkCode=osi&th=1&psc=1"><img src="https://m.media-amazon.com/images/I/41vipuZyibL._SL500_.jpg" alt="Product Image"></a><p>Talisi Menstrual Cups Set of 2 with Collapsible Cleaner Silicone Sterilizer - Soft Reusable Period Kit - Tampon Pads Disc Alternative - Menstruation Feminine Cup Regular, Heavy Flow (Small & Large)</p><p> -10% 0FF </p><p>$8.99 ($2.25 / Count)</p><a href="https://www.amazon.com/dp/B081QNN9CD?tag=eloabder-20&linkCode=osi&th=1&psc=1">View Product</a></div><div class="product"><a href="https://www.amazon.com/dp/B087WK7LBS?tag=eloabder-20&linkCode=osi&th=1&psc=1"><img src="https://m.media-amazon.com/images/I/410uziY5NGL._SL500_.jpg" alt="Product Image"></a><p>Talisi Menstrual Cups - Reusable Soft Period Cups - Menstruation Feminine Hygiene Products with Silicone Collapsible Sterilizer Case - Regular & Heavy Flow - Large, Small Size Copa Menstrual Kit</p><p> -14% 0FF </p><p>$5.99 ($1.50 / Count)</p><a href="https://www.amazon.com/dp/B087WK7LBS?tag=eloabder-20&linkCode=osi&th=1&psc=1">View Product</a></div>
<div class="product"><a href="https://www.amazon.com/dp/B01ARVVTYW?tag=eloabder-20&linkCode=osi&th=1&psc=1"><img src="https://m.media-amazon.com/images/I/41sOZ7EfDGL._SL500_.jpg" alt="Product Image"></a><p>Carefree Panty Liners for Women, Regular, Wrapped, Unscented, 54ct | Pantiliners, Carefree Liners, Daily Liners for Women, Light Periods and Leaks, 8-Hour Odor Control | 54ct (Packaging May Vary)</p><p> -33% 0FF </p><p>$3.34 ($0.06 / Count)</p><a href="https://www.amazon.com/dp/B01ARVVTYW?tag=eloabder-20&linkCode=osi&th=1&psc=1">View Product</a></div><div class="product"><a href="https://www.amazon.com/dp/B00NJNJ6O6?tag=eloabder-20&linkCode=osi&th=1&psc=1"><img src="https://m.media-amazon.com/images/I/416qKSPSpOL._SL500_.jpg" alt="Product Image"></a><p>Carefree Panty Liners for Women, Regular, Unwrapped, Unscented, 120ct | Pantiliners, Carefree Liners, Daily Liners for Women, Light Periods and Leaks, 8-Hour Odor Control | 120ct (Packaging May Vary)</p><p> -37% 0FF </p><p>$5.97 ($0.05 / Count)</p><a href="https://www.amazon.com/dp/B00NJNJ6O6?tag=eloabder-20&linkCode=osi&th=1&psc=1">View Product</a></div><div class="product"><a href="https://www.amazon.com/dp/B07C99C39S?tag=eloabder-20&linkCode=osi&th=1&psc=1"><img src="https://m.media-amazon.com/images/I/410-MyDdTyL._SL500_.jpg" alt="Product Image"></a><p>U by Kotex Panty Liners, Clean & Secure, Light Absorbency, Long Length, 126 Count (Packaging May Vary)</p><p> -35% 0FF </p><p>$7.79 ($0.06 / Count)</p><a href="https://www.amazon.com/dp/B07C99C39S?tag=eloabder-20&linkCode=osi&th=1&psc=1">View Product</a></div><div class="product"><a href="https://www.amazon.com/dp/B00UASJJX6?tag=eloabder-20&linkCode=osi&th=1&psc=1"><img src="https://m.media-amazon.com/images/I/51JyBlhNEuL._SL500_.jpg" alt="Product Image"></a><p>U by Kotex Balance Wrapped Panty Liners, Regular Length, 80 Count (Packaging May Vary)</p><p> -65% 0FF </p><p>$3.50 ($0.04 / Count)</p><a href="https://www.amazon.com/dp/B00UASJJX6?tag=eloabder-20&linkCode=osi&th=1&psc=1">View Product</a></div><div class="product"><a href="https://www.amazon.com/dp/B004RSO890?tag=eloabder-20&linkCode=osi&th=1&psc=1"><img src="https://m.media-amazon.com/images/I/41wY7+hDP5L._SL500_.jpg" alt="Product Image"></a><p>Carefree Thong Regular 49 Count Unscented Liner</p><p> -28% 0FF </p><p>$3.58 ($0.07 / Count)</p><a href="https://www.amazon.com/dp/B004RSO890?tag=eloabder-20&linkCode=osi&th=1&psc=1">View Product</a></div><div class="product"><a href="https://www.amazon.com/dp/B0DR3579J9?tag=eloabder-20&linkCode=osi&th=1&psc=1"><img src="https://m.media-amazon.com/images/I/51NcGafWnNL._SL500_.jpg" alt="Product Image"></a><p>Always Daily Protect Liners, Regular Length, Unscented, 96 Count</p><p> -10% 0FF </p><p>$7.17 ($0.07 / Count)</p><a href="https://www.amazon.com/dp/B0DR3579J9?tag=eloabder-20&linkCode=osi&th=1&psc=1">View Product</a></div><div class="product"><a href="https://www.amazon.com/dp/B09VMHGQFG?tag=eloabder-20&linkCode=osi&th=1&psc=1"><img src="https://m.media-amazon.com/images/I/4141Nw-Z01L._SL500_.jpg" alt="Product Image"></a><p>Carefree Panty Liners for Women, Extra Long, Unwrapped, Unscented, 100ct | Pantiliners, Carefree, Daily for Women, Light Periods and Leaks, 8-Hour Odor Control|100ct (Packaging May Vary)</p><p> -32% 0FF </p><p>$6.78 ($0.07 / Count)</p><a href="https://www.amazon.com/dp/B09VMHGQFG?tag=eloabder-20&linkCode=osi&th=1&psc=1">View Product</a></div>
<div class="product"><a href="https://www.amazon.com/dp/B0DSLZWGDN?tag=eloabder-20&linkCode=osi&th=1&psc=1"><img src="https://m.media-amazon.com/images/I/41wmZddDUXL._SL500_.jpg" alt="Product Image"></a><p>Summer's Eve Ultimate Odor Protection Daily Feminine Wipes, Gentle pH-Balanced Formula with Boric Acid Cleanses & Removes Vaginal Odor, Resealable Pack, 32 Body Wipes</p><p> -29% 0FF </p><p>$4.98 ($0.16 / Count)</p><a href="https://www.amazon.com/dp/B0DSLZWGDN?tag=eloabder-20&linkCode=osi&th=1&psc=1">View Product</a></div><div class="product"><a href="https://www.amazon.com/dp/B0D1KXV9ZS?tag=eloabder-20&linkCode=osi&th=1&psc=1"><img src="https://m.media-amazon.com/images/I/311Liu9BWoL._SL500_.jpg" alt="Product Image"></a><p>Vagisil pH Balance Daily Freshening Wipes for Feminine Hygiene in Resealable Pouch, Gynecologist Tested & Hypoallergenic, 20 Wipes (Pack of 1)</p><p> -40% 0FF </p><p>$2.97 ($0.15 / Count)</p><a href="https://www.amazon.com/dp/B0D1KXV9ZS?tag=eloabder-20&linkCode=osi&th=1&psc=1">View Product</a></div><div class="product"><a href="https://www.amazon.com/dp/B07DVY2PDZ?tag=eloabder-20&linkCode=osi&th=1&psc=1"><img src="https://m.media-amazon.com/images/I/51m-hobgS9L._SL500_.jpg" alt="Product Image"></a><p>Charmin Flushable Wipes, 160 Total Wipes (4 Packs of 40)</p><p> -28% 0FF </p><p>$7.96 ($4.98 / 100 Sheets)</p><a href="https://www.amazon.com/dp/B07DVY2PDZ?tag=eloabder-20&linkCode=osi&th=1&psc=1">View Product</a></div>
<div class="product"><a href="https://www.amazon.com/dp/B0735Q681B?tag=eloabder-20&linkCode=osi&th=1&psc=1"><img src="https://m.media-amazon.com/images/I/41UQXD2pkLL._SL500_.jpg" alt="Product Image"></a><p>SKYN Elite – 36 Count – Ultra-Thin, Lubricated Latex-Free Condoms</p><p> -5% 0FF </p><p>$18.97 ($0.53 / Count)</p><a href="https://www.amazon.com/dp/B0735Q681B?tag=eloabder-20&linkCode=osi&th=1&psc=1">View Product</a></div><div class="product"><a href="https://www.amazon.com/dp/B004TTXA8C?tag=eloabder-20&linkCode=osi&th=1&psc=1"><img src="https://m.media-amazon.com/images/I/51gr4F37KPL._SL500_.jpg" alt="Product Image"></a><p>LifeStyles Ultra Sensitive Natural Feeling Lubricated Latex Condoms, 40 Count</p><p> -43% 0FF </p><p>$12.58 ($0.31 / Count)</p><a href="https://www.amazon.com/dp/B004TTXA8C?tag=eloabder-20&linkCode=osi&th=1&psc=1">View Product</a></div>
<div class="product"><a href="https://www.amazon.com/dp/B075SN1MY9?tag=eloabder-20&linkCode=osi&th=1&psc=1"><img src="https://m.media-amazon.com/images/I/319iqKV2u8L._SL500_.jpg" alt="Product Image"></a><p>LubeLife Water-Based Lube – Personal Lubricant for Men, Women & Couples, Travel Size, Non-Staining, Easy Clean-Up, Toy-Safe, 8 Fl Oz</p><p> -9% 0FF </p><p>$9.99 ($1.25 / Fl Oz)</p><a href="https://www.amazon.com/dp/B075SN1MY9?tag=eloabder-20&linkCode=osi&th=1&psc=1">View Product</a></div><div class="product"><a href="https://www.amazon.com/dp/B004GW9GXU?tag=eloabder-20&linkCode=osi&th=1&psc=1"><img src="https://m.media-amazon.com/images/I/41ubL2N3JBL._SL500_.jpg" alt="Product Image"></a><p>K-Y Ultragel Water Based Personal Lubricant, pH Balanced Lube, Paraben Free, Non-Sticky, Non-Staining, 4.5 fl oz</p><p> -18% 0FF </p><p>$9.79 ($2.18 / Ounce)</p><a href="https://www.amazon.com/dp/B004GW9GXU?tag=eloabder-20&linkCode=osi&th=1&psc=1">View Product</a></div><div class="product"><a href="https://www.amazon.com/dp/B000ZPN1TC?tag=eloabder-20&linkCode=osi&th=1&psc=1"><img src="https://m.media-amazon.com/images/I/41vi+SxqxdL._SL500_.jpg" alt="Product Image"></a><p>Astroglide Water Based Lube (2.5oz), Liquid Personal Lubricant for Long-Lasting Pleasure for Men, Women and Couples, Safe for Toys, Travel-Friendly Size</p><p> -25% 0FF </p><p>$5.98 ($2.39 / Fl Oz)</p><a href="https://www.amazon.com/dp/B000ZPN1TC?tag=eloabder-20&linkCode=osi&th=1&psc=1">View Product</a></div><div class="product"><a href="https://www.amazon.com/dp/B0D8R1MBBP?tag=eloabder-20&linkCode=osi&th=1&psc=1"><img src="https://m.media-amazon.com/images/I/41w1UikOx8L._SL500_.jpg" alt="Product Image"></a><p>Astroglide Water Based Lube (7oz), Ultra Gentle Gel Personal Lubricant for Vaginal and Anal Sex, Stays Put with No Drip, Sex Lube, Long-Lasting for Men, Women and Couples, Safe for Toys</p><p> -46% 0FF </p><p>$6.98 ($1.00 / Ounce)</p><a href="https://www.amazon.com/dp/B0D8R1MBBP?tag=eloabder-20&linkCode=osi&th=1&psc=1">View Product</a></div>
<div class="product"><a href="https://www.amazon.com/dp/B07BGLT25K?tag=eloabder-20&linkCode=osi&th=1&psc=1"><img src="https://m.media-amazon.com/images/I/51NpHDcaw8L._SL500_.jpg" alt="Product Image"></a><p>Scott ComfortPlus Toilet Paper, 12 Double Rolls, 231 Sheets per Roll, Septic-Safe, 1-Ply Toilet Tissue</p><p> -12% 0FF </p><p>$5.68 ($0.20 / 100 Sheets)</p><a href="https://www.amazon.com/dp/B07BGLT25K?tag=eloabder-20&linkCode=osi&th=1&psc=1">View Product</a></div><div class="product"><a href="https://www.amazon.com/dp/B0CDZJ9JJC?tag=eloabder-20&linkCode=osi&th=1&psc=1"><img src="https://m.media-amazon.com/images/I/51Er7PSBqML._SL500_.jpg" alt="Product Image"></a><p>Charmin Ultra Soft Toilet Paper 6 Mega Rolls = 24 Regular Rolls</p><p> -27% 0FF </p><p>$7.97 ($0.59 / 100 Sheets)</p><a href="https://www.amazon.com/dp/B0CDZJ9JJC?tag=eloabder-20&linkCode=osi&th=1&psc=1">View Product</a></div><div class="product"><a href="https://www.amazon.com/dp/B000VCFB0G?tag=eloabder-20&linkCode=osi&th=1&psc=1"><img src="https://m.media-amazon.com/images/I/419yTBsVOFL._SL500_.jpg" alt="Product Image"></a><p>Bounty Quilted Napkins 1-Ply 12 1/10 x 12 White 200/Pack (96595PK)</p><p> -19% 0FF </p><p>$3.48 ($0.02 / Count)</p><a href="https://www.amazon.com/dp/B000VCFB0G?tag=eloabder-20&linkCode=osi&th=1&psc=1">View Product</a></div>


<div class="product"><a href="https://www.amazon.com/dp/B07BHCB9Y2?tag=eloabder-20&linkCode=osi&th=1&psc=1"><img src="https://m.media-amazon.com/images/I/51syx3ENHSL._SL500_.jpg" alt="Product Image"></a><p>PURA D'OR Anti-Thinning Biotin Shampoo & Deep Moisturizing Conditioner Original Gold Label Set (16oz x2) Natural Earthy Scent, CLINICALLY TESTED Effective Results, Hair Thickening Product, Women & Men</p><p> -15% 0FF </p><p>$33.99 ($1.06 / Fl Oz)</p><a href="https://www.amazon.com/dp/B07BHCB9Y2?tag=eloabder-20&linkCode=osi&th=1&psc=1">View Product</a></div><div class="product"><a href="https://www.amazon.com/dp/B0DVBKH321?tag=eloabder-20&linkCode=osi&th=1&psc=1"><img src="https://m.media-amazon.com/images/I/41QgluZ4kwL._SL500_.jpg" alt="Product Image"></a><p>Nature Made Hair Growth Softgels with Lustriva, Biotin, Vitamin C & A, Support Healthy Hair as You Age, 30 Softgels, 30 Day Supply</p><p> -23% 0FF </p><p>$26.99 ($0.90 / Count)</p><a href="https://www.amazon.com/dp/B0DVBKH321?tag=eloabder-20&linkCode=osi&th=1&psc=1">View Product</a></div><div class="product"><a href="https://www.amazon.com/dp/B00M6I5SNI?tag=eloabder-20&linkCode=osi&th=1&psc=1"><img src="https://m.media-amazon.com/images/I/51f-YmwJOfL._SL500_.jpg" alt="Product Image"></a><p>Rogaine for Women 5% Minoxidil Foam, Growth Treatment for Thinning & Hair Loss, Once-A-Day Unscented Topical Foam, Regrow Fuller Thicker Hair, Dermatologist Recommended, 4-Month Supply, 2 x 2.11 oz</p><p> -11% 0FF </p><p>$39.99 ($18.95 / Ounce)</p><a href="https://www.amazon.com/dp/B00M6I5SNI?tag=eloabder-20&linkCode=osi&th=1&psc=1">View Product</a></div>
<div class="product"><a href="https://www.amazon.com/dp/B00H5PJ0HW?tag=eloabder-20&linkCode=osi&th=1&psc=1"><img src="https://m.media-amazon.com/images/I/414mKN9ZjbL._SL500_.jpg" alt="Product Image"></a><p>Nature's Bounty Magnesium 500 mg Tablets, High Potency Magnesium Supplement for Bone & Muscle Health, Whole Body Support, 200 Count (Pack of 1)</p><p> -48% 0FF </p><p>$6.80 ($0.03 / Count)</p><a href="https://www.amazon.com/dp/B00H5PJ0HW?tag=eloabder-20&linkCode=osi&th=1&psc=1">View Product</a></div><div class="product"><a href="https://www.amazon.com/dp/B07DX89ZHN?tag=eloabder-20&linkCode=osi&th=1&psc=1"><img src="https://m.media-amazon.com/images/I/41jImYlR69L._SL500_.jpg" alt="Product Image"></a><p>Sports Research Triple Strength Omega 3 Fish Oil - Burpless Fish Oil Supplement w/EPA & DHA Fatty Acids from Single-Source Wild Alaskan Pollock - 1250 mg, 90 ct</p><p> -7% 0FF </p><p>$27.95 ($0.31 / Count)</p><a href="https://www.amazon.com/dp/B07DX89ZHN?tag=eloabder-20&linkCode=osi&th=1&psc=1">View Product</a></div><div class="product"><a href="https://www.amazon.com/dp/B08YLTCDTN?tag=eloabder-20&linkCode=osi&th=1&psc=1"><img src="https://m.media-amazon.com/images/I/41JTF+RdOhL._SL500_.jpg" alt="Product Image"></a><p>Nature’s Bounty Zinc 50mg, Immune Support & Antioxidant Supplement, Promotes Skin Health, 1 Caplet Per Day, Gluten Free, 250 Vegetarian Caplets</p><p> -20% 0FF </p><p>$8.68 ($0.03 / Count)</p><a href="https://www.amazon.com/dp/B08YLTCDTN?tag=eloabder-20&linkCode=osi&th=1&psc=1">View Product</a></div><div class="product"><a href="https://www.amazon.com/dp/B000NPYY04?tag=eloabder-20&linkCode=osi&th=1&psc=1"><img src="https://m.media-amazon.com/images/I/41v2o7pl8fL._SL500_.jpg" alt="Product Image"></a><p>Nature's Bounty Fish Oil Omega 3 Supplements - Supports Heart Health, 1200 Mg Fish Oil, Omega-3, 200 Softgels (Pack of 1)</p><p> -48% 0FF </p><p>$11.84 ($0.06 / Count)</p><a href="https://www.amazon.com/dp/B000NPYY04?tag=eloabder-20&linkCode=osi&th=1&psc=1">View Product</a></div><div class="product"><a href="https://www.amazon.com/dp/B01BMDAVIY?tag=eloabder-20&linkCode=osi&th=1&psc=1"><img src="https://m.media-amazon.com/images/I/411R4B52c2L._SL500_.jpg" alt="Product Image"></a><p>NatureWise Curcumin Turmeric 2250mg - 95% Curcuminoids & BioPerine Black Pepper Extract for Advanced Absorption - Daily Joint and Immune Health Support - Vegan, Non-GMO, 180 Count[60-Day Supply]</p><p> -19% 0FF </p><p>$19.37 ($0.11 / Count)</p><a href="https://www.amazon.com/dp/B01BMDAVIY?tag=eloabder-20&linkCode=osi&th=1&psc=1">View Product</a></div><div class="product"><a href="https://www.amazon.com/dp/B00DYSUQR2?tag=eloabder-20&linkCode=osi&th=1&psc=1"><img src="https://m.media-amazon.com/images/I/41+1qFufxjL._SL500_.jpg" alt="Product Image"></a><p>Nature's Bounty Vitamin B12 1000 mcg Supplements, Supports Energy Metabolism, 200 Ct</p><p> -55% 0FF </p><p>$8.53 ($0.04 / Count)</p><a href="https://www.amazon.com/dp/B00DYSUQR2?tag=eloabder-20&linkCode=osi&th=1&psc=1">View Product</a></div><div class="product"><a href="https://www.amazon.com/dp/B009SZXM4E?tag=eloabder-20&linkCode=osi&th=1&psc=1"><img src="https://m.media-amazon.com/images/I/41VHR1TpCqL._SL500_.jpg" alt="Product Image"></a><p>Nature's Bounty Biotin Hair Skin and Nails Vitamins, Supports Healthy Hair, Skin and Nails, 10,000 mcg, 120 Softgels (Pack of 1)</p><p> -15% 0FF </p><p>$7.54 ($0.06 / Count)</p><a href="https://www.amazon.com/dp/B009SZXM4E?tag=eloabder-20&linkCode=osi&th=1&psc=1">View Product</a></div><div class="product"><a href="https://www.amazon.com/dp/B07255MPRN?tag=eloabder-20&linkCode=osi&th=1&psc=1"><img src="https://m.media-amazon.com/images/I/4196YWIeLtL._SL500_.jpg" alt="Product Image"></a><p>Sports Research® Vitamin D3 + K2 w/ Coconut Oil - Vegan Vitamin D 5000iu & Mk7 Vitamin K 100mcg for Bone & Immune Support - Vegan Certified · Non-GMO · Soy Free - 60 Softgels</p><p> -30% 0FF </p><p>$16.77 ($0.28 / Count)</p><a href="https://www.amazon.com/dp/B07255MPRN?tag=eloabder-20&linkCode=osi&th=1&psc=1">View Product</a></div>
<div class="product"><a href="https://www.amazon.com/dp/B01LXX5Z8Q?tag=eloabder-20&linkCode=osi&th=1&psc=1"><img src="https://m.media-amazon.com/images/I/41c3JvCwflL._SL500_.jpg" alt="Product Image"></a><p>OLLY Daily Energy Gummy, Caffeine Free, Vitamin B12, CoQ10, Goji Berry, Adult Chewable Supplement, Tropical Flavor - 60 Count</p><p> -18% 0FF </p><p>$11.47 ($0.19 / Count)</p><a href="https://www.amazon.com/dp/B01LXX5Z8Q?tag=eloabder-20&linkCode=osi&th=1&psc=1">View Product</a></div><div class="product"><a href="https://www.amazon.com/dp/B00772C0ES?tag=eloabder-20&linkCode=osi&th=1&psc=1"><img src="https://m.media-amazon.com/images/I/41mL6jfQ48L._SL500_.jpg" alt="Product Image"></a><p>NOW Foods Supplements, Energy Dietary Supplement (lncludes B Vitamins, Green tea, Panax Ginseng and Rhodiola), 90 Capsules</p><p> -37% 0FF </p><p>$15.10 ($0.17 / Count)</p><a href="https://www.amazon.com/dp/B00772C0ES?tag=eloabder-20&linkCode=osi&th=1&psc=1">View Product</a></div><div class="product"><a href="https://www.amazon.com/dp/B008PQDCG0?tag=eloabder-20&linkCode=osi&th=1&psc=1"><img src="https://m.media-amazon.com/images/I/41JebaFqLTL._SL500_.jpg" alt="Product Image"></a><p>Nature Made Super B Energy Complex, Dietary Supplement for Brain Cell Function Support, 60 Softgels, 60 Day Supply</p><p> -35% 0FF </p><p>$9.34 ($0.16 / Count)</p><a href="https://www.amazon.com/dp/B008PQDCG0?tag=eloabder-20&linkCode=osi&th=1&psc=1">View Product</a></div>
<div class="product"><a href="https://www.amazon.com/dp/B014G4AY1A?tag=eloabder-20&linkCode=osi&th=1&psc=1"><img src="https://m.media-amazon.com/images/I/41l5p862HBL._SL500_.jpg" alt="Product Image"></a><p>OLLY Women's Multivitamin Gummy, Vitamins A, D, C, E, Biotin, Folic Acid, Adult Chewable Vitamin, Berry Flavor, 45 Day Supply - 90 Count</p><p> -33% 0FF </p><p>$9.42 ($0.10 / Count)</p><a href="https://www.amazon.com/dp/B014G4AY1A?tag=eloabder-20&linkCode=osi&th=1&psc=1">View Product</a></div><div class="product"><a href="https://www.amazon.com/dp/B092CS29NR?tag=eloabder-20&linkCode=osi&th=1&psc=1"><img src="https://m.media-amazon.com/images/I/41IHhWIKqEL._SL500_.jpg" alt="Product Image"></a><p>OLLY Happy Hoo-Ha Capsules, Probiotic for Women, Vaginal Health and pH Balance, 10 Billion CFU, Gluten Free - 25 Count</p><p> -40% 0FF </p><p>$11.97 ($0.48 / Count)</p><a href="https://www.amazon.com/dp/B092CS29NR?tag=eloabder-20&linkCode=osi&th=1&psc=1">View Product</a></div><div class="product"><a href="https://www.amazon.com/dp/B07B8BSGPL?tag=eloabder-20&linkCode=osi&th=1&psc=1"><img src="https://m.media-amazon.com/images/I/51uLTVCUI7L._SL500_.jpg" alt="Product Image"></a><p>Physician's CHOICE Probiotics for Women - PH Balance, Digestive, UT, & Feminine Health - 50 Billion CFU - 6 Unique Strains for Her - Organic Prebiotics, Cranberry Extract+ - Women Probiotic - 30 CT</p><p> -18% 0FF </p><p>$23.97 ($0.80 / Count)</p><a href="https://www.amazon.com/dp/B07B8BSGPL?tag=eloabder-20&linkCode=osi&th=1&psc=1">View Product</a></div><div class="product"><a href="https://www.amazon.com/dp/B0CJX1HK52?tag=eloabder-20&linkCode=osi&th=1&psc=1"><img src="https://m.media-amazon.com/images/I/41RkFie9-aL._SL500_.jpg" alt="Product Image"></a><p>Bloom Nutrition Superfood Greens Powder, Digestive Enzymes with Probiotics and Prebiotics, Gut Health, Bloating Relief for Women, Chlorella, Juice Mix w/Beet Root Powder, 30 SVG, Orange Passionfruit</p><p> -13% 0FF </p><p>$34.99 ($4.73 / Ounce)</p><a href="https://www.amazon.com/dp/B0CJX1HK52?tag=eloabder-20&linkCode=osi&th=1&psc=1">View Product</a></div><div class="product"><a href="https://www.amazon.com/dp/B004RR1FF6?tag=eloabder-20&linkCode=osi&th=1&psc=1"><img src="https://m.media-amazon.com/images/I/31sw8vzVL3L._SL500_.jpg" alt="Product Image"></a><p>AZO Cranberry Supplement, Made with Concentrated Whole Fruit Cranberry Powder to Help Cleanse and Protect the Urinary Tract*, Sugar Free Cranberry Pills, Non-GMO, 100 Softgels</p><p> -12% 0FF </p><p>$12.13 ($0.12 / Count)</p><a href="https://www.amazon.com/dp/B004RR1FF6?tag=eloabder-20&linkCode=osi&th=1&psc=1">View Product</a></div>

<div class="product"><a href="https://www.amazon.com/dp/B0FS2XTBJW?tag=eloabder-20&linkCode=osi&th=1&psc=1"><img src="https://m.media-amazon.com/images/I/413BHekXfiL._SL500_.jpg" alt="Product Image"></a><p>ZHIXJIA Knee Massager with Heat, 3-in-1 Smart Portable, 3 Vibration Modes and 3 Heating Levels LED Vitality Joints Knee Massager, Gift for Men and Women, Black</p><p> -78% 0FF </p><p>$99.99 ($99.99 / Count)</p><a href="https://www.amazon.com/dp/B0FS2XTBJW?tag=eloabder-20&linkCode=osi&th=1&psc=1">View Product</a></div><div class="product"><a href="https://www.amazon.com/dp/B0FHQ3WV4L?tag=eloabder-20&linkCode=osi&th=1&psc=1"><img src="https://m.media-amazon.com/images/I/412JLGi0PiL._SL500_.jpg" alt="Product Image"></a><p>DUBSTAR 3-in-1 Pill Crusher Pill Grinder, Pill Crusher Fine Powder with Brush, Pill Crushers for Elderly with Pill Cutter and Storage, Pill Cutter Splitter for Small or Large Pills (Green)</p><p> -29% 0FF </p><p>$9.99 ($9.99 / Count)</p><a href="https://www.amazon.com/dp/B0FHQ3WV4L?tag=eloabder-20&linkCode=osi&th=1&psc=1">View Product</a></div><div class="product"><a href="https://www.amazon.com/dp/B0FR4SPYFK?tag=eloabder-20&linkCode=osi&th=1&psc=1"><img src="https://m.media-amazon.com/images/I/41+owzP2llL._SL500_.jpg" alt="Product Image"></a><p>DEPAD Adjustable Pill Cutters Splitter for Small and Tiny Pills with Accurate Alignment, Pill Cutters for Small or Large Pills with Sharp Safe Blade</p><p> -23% 0FF </p><p>$9.99</p><a href="https://www.amazon.com/dp/B0FR4SPYFK?tag=eloabder-20&linkCode=osi&th=1&psc=1">View Product</a></div><div class="product"><a href="https://www.amazon.com/dp/B0F9NTTCWX?tag=eloabder-20&linkCode=osi&th=1&psc=1"><img src="https://m.media-amazon.com/images/I/51rTYaWSgtL._SL500_.jpg" alt="Product Image"></a><p>AUVON Dual Channel TENS Unit Muscle Stimulator Machine with 20 Modes, 2" and 2"x4" TENS Unit Electrode Pads (Red)</p><p> -28% 0FF </p><p>$25.99</p><a href="https://www.amazon.com/dp/B0F9NTTCWX?tag=eloabder-20&linkCode=osi&th=1&psc=1">View Product</a></div><div class="product"><a href="https://www.amazon.com/dp/B0D63FTHH4?tag=eloabder-20&linkCode=osi&th=1&psc=1"><img src="https://m.media-amazon.com/images/I/41Gu1013yRL._SL500_.jpg" alt="Product Image"></a><p>Yicotira 4 Pack Reusable Microfiber Mop Pads Compatible with Swiffer Sweeper - Dry Sweeping Cloths & Wet Pad Refills for Wet & Dry, Washable Pads Refills for Household Cleaning (Mop is not Included)</p><p> -34% 0FF </p><p>$8.54 ($2.14 / Count)</p><a href="https://www.amazon.com/dp/B0D63FTHH4?tag=eloabder-20&linkCode=osi&th=1&psc=1">View Product</a></div>
<div class="product"><a href="https://www.amazon.com/dp/B000ZLVUYO?tag=eloabder-20&linkCode=osi&th=1&psc=1"><img src="https://m.media-amazon.com/images/I/41CNAwwnEqL._SL500_.jpg" alt="Product Image"></a><p>It's A 10 Miracle Hair Mask, 8-Ounce</p><p> -16% 0FF </p><p>$25.99 ($3.25 / Fl Oz)</p><a href="https://www.amazon.com/dp/B000ZLVUYO?tag=eloabder-20&linkCode=osi&th=1&psc=1">View Product</a></div><div class="product"><a href="https://www.amazon.com/dp/B07VCGRBGT?tag=eloabder-20&linkCode=osi&th=1&psc=1"><img src="https://m.media-amazon.com/images/I/51QprRDhFoL._SL500_.jpg" alt="Product Image"></a><p>Palmer's Coconut Oil Formula Moisture Boost Protein Pack, Hair Treatment for Dry, Damaged, Over-Processed and Colored Hair, 2.1 Ounce (Pack of 12)</p><p> -67% 0FF </p><p>$11.09 ($0.92 / Ounce)</p><a href="https://www.amazon.com/dp/B07VCGRBGT?tag=eloabder-20&linkCode=osi&th=1&psc=1">View Product</a></div>
<div class="product"><a href="https://www.amazon.com/dp/B01A74442I?tag=eloabder-20&linkCode=osi&th=1&psc=1"><img src="https://m.media-amazon.com/images/I/51crUDqQzIL._SL500_.jpg" alt="Product Image"></a><p>Cliganic Organic Jojoba Oil, 100% Pure (4oz) | Moisturizing for Face, Hair, Skin & Nails | Natural Cold Pressed Hexane Free | Base Carrier Oil</p><p> -27% 0FF </p><p>$9.48 ($2.37 / Fl Oz)</p><a href="https://www.amazon.com/dp/B01A74442I?tag=eloabder-20&linkCode=osi&th=1&psc=1">View Product</a></div><div class="product"><a href="https://www.amazon.com/dp/B09PR9R9SL?tag=eloabder-20&linkCode=osi&th=1&psc=1"><img src="https://m.media-amazon.com/images/I/51EyKsoMSlL._SL500_.jpg" alt="Product Image"></a><p>KUKKA Rosemary Essential Oils - 4 Fl Oz - for Hair, Skin, Diffuser, Aromatherapy & DIY Soap Making Scent</p><p> -33% 0FF </p><p>$12.99 ($3.25 / Fl Oz)</p><a href="https://www.amazon.com/dp/B09PR9R9SL?tag=eloabder-20&linkCode=osi&th=1&psc=1">View Product</a></div><div class="product"><a href="https://www.amazon.com/dp/B004Z209HS?tag=eloabder-20&linkCode=osi&th=1&psc=1"><img src="https://m.media-amazon.com/images/I/41h5nZqdm+L._SL500_.jpg" alt="Product Image"></a><p>PURA D'OR 4 Oz ORGANIC Moroccan Argan Oil - USDA Certified 100% Pure & Cold Pressed Virgin Premium Grade Natural Moisturizer Treatment For Dry, Damaged Skin, Hair, Face, Body & Scalp - Men & Women</p><p> -12% 0FF </p><p>$14.99 ($3.75 / Fl Oz)</p><a href="https://www.amazon.com/dp/B004Z209HS?tag=eloabder-20&linkCode=osi&th=1&psc=1">View Product</a></div>
<div class="product"><a href="https://www.amazon.com/dp/B004YVDIAU?tag=eloabder-20&linkCode=osi&th=1&psc=1"><img src="https://m.media-amazon.com/images/I/313PkUEQj5L._SL500_.jpg" alt="Product Image"></a><p>Garnier Fructis Style Curl Sculpt Conditioning Cream Gel for Bounce & Moisture, 5.1 Fl Oz, 1 Count (Packaging May Vary)</p><p> -21% 0FF </p><p>$4.73 ($0.93 / Ounce)</p><a href="https://www.amazon.com/dp/B004YVDIAU?tag=eloabder-20&linkCode=osi&th=1&psc=1">View Product</a></div><div class="product"><a href="https://www.amazon.com/dp/B0002Z90RM?tag=eloabder-20&linkCode=osi&th=1&psc=1"><img src="https://m.media-amazon.com/images/I/31xKcrbq12L._SL500_.jpg" alt="Product Image"></a><p>RUSK Designer Collection Thick Body and Texture Amplifier Spray, 6 Oz, For Fine, Limp, Flat or Lazy Hair Types - Contains Wheat Protein, Adds Strength, Texture, Volume & Moisture</p><p> -5% 0FF </p><p>$17.50 ($2.92 / Fl Oz)</p><a href="https://www.amazon.com/dp/B0002Z90RM?tag=eloabder-20&linkCode=osi&th=1&psc=1">View Product</a></div><div class="product"><a href="https://www.amazon.com/dp/B0013NE2Y8?tag=eloabder-20&linkCode=osi&th=1&psc=1"><img src="https://m.media-amazon.com/images/I/31A8kEJJlIL._SL500_.jpg" alt="Product Image"></a><p>John Frieda Frizz Ease Original Hair Serum, Protecting Against Frizz, Heat, and Humidity While Adding Shine, Smooths Strands and Hydrates Parched Hair with Argan, Coconut, and Moringa Oil, 1.69 Oz</p><p> -33% 0FF </p><p>$8.01 ($4.74 / Fl Oz)</p><a href="https://www.amazon.com/dp/B0013NE2Y8?tag=eloabder-20&linkCode=osi&th=1&psc=1">View Product</a></div>
<div class="product"><a href="https://www.amazon.com/dp/B004BYSR6K?tag=eloabder-20&linkCode=osi&th=1&psc=1"><img src="https://m.media-amazon.com/images/I/41RMAGucP7L._SL500_.jpg" alt="Product Image"></a><p>L'Oreal Paris Excellence Crème Permanent Hair Dye, Triple Care Hair Color with Pro-Keratine Complex for 100% Gray Hair Coverage, 5 Medium Brown, 1 Kit</p><p> -23% 0FF </p><p>$9.98</p><a href="https://www.amazon.com/dp/B004BYSR6K?tag=eloabder-20&linkCode=osi&th=1&psc=1">View Product</a></div><div class="product"><a href="https://www.amazon.com/dp/B00006JN4P?tag=eloabder-20&linkCode=osi&th=1&psc=1"><img src="https://m.media-amazon.com/images/I/51mGD8V4I7L._SL500_.jpg" alt="Product Image"></a><p>L'Oreal Paris Superior Preference Fade-Defying + Shine Permanent Hair Color, 8 Medium Blonde, Pack of 1, Hair Dye</p><p> -36% 0FF </p><p>$8.97</p><a href="https://www.amazon.com/dp/B00006JN4P?tag=eloabder-20&linkCode=osi&th=1&psc=1">View Product</a></div><div class="product"><a href="https://www.amazon.com/dp/B000KOU7FE?tag=eloabder-20&linkCode=osi&th=1&psc=1"><img src="https://m.media-amazon.com/images/I/51BV0dgoMnL._SL500_.jpg" alt="Product Image"></a><p>L'Oreal Paris Feria Multi-Faceted Shimmering Permanent Hair Color, B61 Downtown Brown (Hi-Lift Cool Brown), Pack of 1, Hair Dye</p><p> -7% 0FF </p><p>$12.97</p><a href="https://www.amazon.com/dp/B000KOU7FE?tag=eloabder-20&linkCode=osi&th=1&psc=1">View Product</a></div><div class="product"><a href="https://www.amazon.com/dp/B003AYEGGW?tag=eloabder-20&linkCode=osi&th=1&psc=1"><img src="https://m.media-amazon.com/images/I/41usJCtVqUL._SL500_.jpg" alt="Product Image"></a><p>Clairol Root Touch-Up by Nice'n Easy Permanent Hair Dye, 2 Black Hair Color, Pack of 2</p><p> -6% 0FF </p><p>$15.96 ($7.25 / Fl Oz)</p><a href="https://www.amazon.com/dp/B003AYEGGW?tag=eloabder-20&linkCode=osi&th=1&psc=1">View Product</a></div><div class="product"><a href="https://www.amazon.com/dp/B000NSW0EI?tag=eloabder-20&linkCode=osi&th=1&psc=1"><img src="https://m.media-amazon.com/images/I/51ZOUeoIXAS._SL500_.jpg" alt="Product Image"></a><p>Just For Men Shampoo In Color, Hair Color for Men with Keratin and Vitamin E for Stronger Hair, Restores Natural Hair Color, Medium Brown, H-35, Pack of 3</p><p> -10% 0FF </p><p>$26.88</p><a href="https://www.amazon.com/dp/B000NSW0EI?tag=eloabder-20&linkCode=osi&th=1&psc=1">View Product</a></div><div class="product"><a href="https://www.amazon.com/dp/B004DKB08E?tag=eloabder-20&linkCode=osi&th=1&psc=1"><img src="https://m.media-amazon.com/images/I/41dA53oe85L._SL500_.jpg" alt="Product Image"></a><p>John Frieda Precision Foam Colour, Medium Natural Brown 5N, Full-coverage Hair Color Kit, Anti-Fade Gray Coverage, Deep Color Saturation Hair Dye, 1 Application</p><p> -8% 0FF </p><p>$11.92</p><a href="https://www.amazon.com/dp/B004DKB08E?tag=eloabder-20&linkCode=osi&th=1&psc=1">View Product</a></div><div class="product"><a href="https://www.amazon.com/dp/B000KOHSQA?tag=eloabder-20&linkCode=osi&th=1&psc=1"><img src="https://m.media-amazon.com/images/I/51voB2QwdLL._SL500_.jpg" alt="Product Image"></a><p>L'Oreal Paris Couleur Experte 2-Step Home Hair Color and Highlights Kit, French Éclair</p><p> -18% 0FF </p><p>$13.97</p><a href="https://www.amazon.com/dp/B000KOHSQA?tag=eloabder-20&linkCode=osi&th=1&psc=1">View Product</a></div>
<div class="product"><a href="https://www.amazon.com/dp/B005CSYTCU?tag=eloabder-20&linkCode=osi&th=1&psc=1"><img src="https://m.media-amazon.com/images/I/41og7wvl2GL._SL500_.jpg" alt="Product Image"></a><p>Goody Ouchless Polyband Hair Ties - 250 Ct, Clear, Latex Hair Bands for Women's Hair, Easy Glide, Ultra-Strong Hold Hair Accessories for Women & Men, Secure Hold Ridge Design, All Hair Types</p><p> -19% 0FF </p><p>$3.19 ($0.01 / Count)</p><a href="https://www.amazon.com/dp/B005CSYTCU?tag=eloabder-20&linkCode=osi&th=1&psc=1">View Product</a></div><div class="product"><a href="https://www.amazon.com/dp/B00CGN9LQ8?tag=eloabder-20&linkCode=osi&th=1&psc=1"><img src="https://m.media-amazon.com/images/I/41LhEO75hIL._SL500_.jpg" alt="Product Image"></a><p>Crave Naturals Glide Thru Hair Brush - Detangler Brush for Curly, Straight, Wet or Dry Hair - Gentle Detangling Brushes for Adults, Kids, Toddlers - Hair Accessories for Women, 7.5x3 - Pink</p><p> -47% 0FF </p><p>$8.49</p><a href="https://www.amazon.com/dp/B00CGN9LQ8?tag=eloabder-20&linkCode=osi&th=1&psc=1">View Product</a></div><div class="product"><a href="https://www.amazon.com/dp/B00DLWO7D0?tag=eloabder-20&linkCode=osi&th=1&psc=1"><img src="https://m.media-amazon.com/images/I/31ISZI2zfzL._SL500_.jpg" alt="Product Image"></a><p>Goody Smooth and Sleek Wood Styling Brush with Natural Boar Bristles, Flyaway Free Finish, For All Hair Types, Brown, 1CT</p><p> -20% 0FF </p><p>$4.62</p><a href="https://www.amazon.com/dp/B00DLWO7D0?tag=eloabder-20&linkCode=osi&th=1&psc=1">View Product</a></div>
<div class="product"><a href="https://www.amazon.com/dp/B00HFQQ0VU?tag=eloabder-20&linkCode=osi&th=1&psc=1"><img src="https://m.media-amazon.com/images/I/41J4CJ+ERsL._SL500_.jpg" alt="Product Image"></a><p>Waterpik Aquarius Water Flosser For Teeth Cleaning, Gums, Braces, Dental Care, Electric Power With 10 Settings, 7 Tips For Multiple Users And Needs, ADA Accepted, White WP-660, Packaging May Vary</p><p> -20% 0FF </p><p>$79.99</p><a href="https://www.amazon.com/dp/B00HFQQ0VU?tag=eloabder-20&linkCode=osi&th=1&psc=1">View Product</a></div><div class="product"><a href="https://www.amazon.com/dp/B000QXH4PK?tag=eloabder-20&linkCode=osi&th=1&psc=1"><img src="https://m.media-amazon.com/images/I/41BYUSQaRKL._SL500_.jpg" alt="Product Image"></a><p>Listerine PocketPaks Cool Mint Breath Strips, Portable Pocket-Sized Oral Care Mouth Freshener, Dissolving Strips Kill 99% of Bad Breath Germs, Sugar Free, 3 x 24-Strip Packs</p><p> -18% 0FF </p><p>$5.72 ($0.08 / Count)</p><a href="https://www.amazon.com/dp/B000QXH4PK?tag=eloabder-20&linkCode=osi&th=1&psc=1">View Product</a></div><div class="product"><a href="https://www.amazon.com/dp/B07LGSYTLM?tag=eloabder-20&linkCode=osi&th=1&psc=1"><img src="https://m.media-amazon.com/images/I/31YRxbr1qCL._SL500_.jpg" alt="Product Image"></a><p>DenTek Professional Oral Care Kit, Complete Set of Dental Tools Including Mirror, Dental Pick, Scaler & Stimulator</p><p> -9% 0FF </p><p>$6.39</p><a href="https://www.amazon.com/dp/B07LGSYTLM?tag=eloabder-20&linkCode=osi&th=1&psc=1">View Product</a></div><div class="product"><a href="https://www.amazon.com/dp/B01LAY47D0?tag=eloabder-20&linkCode=osi&th=1&psc=1"><img src="https://m.media-amazon.com/images/I/41y93UxXRvL._SL500_.jpg" alt="Product Image"></a><p>MasterMedi Tongue Scraper for Adults with Multicolor Travel Cases (2 Pack), 100% Stainless Steel, Reduce Bad Breath, Tongue Scrubber, Easy to Use, Tongue Cleaner for Oral Care & Hygiene</p><p> -34% 0FF </p><p>$9.95 ($4.98 / Count)</p><a href="https://www.amazon.com/dp/B01LAY47D0?tag=eloabder-20&linkCode=osi&th=1&psc=1">View Product</a></div>
<div class="product"><a href="https://www.amazon.com/dp/B09F8FZ18G?tag=eloabder-20&linkCode=osi&th=1&psc=1"><img src="https://m.media-amazon.com/images/I/51WkgqQXqCL._SL500_.jpg" alt="Product Image"></a><p>Crest 3D White Advanced Luminous Mint Teeth Whitening Toothpaste, Crest Toothpaste, 3.7 oz Pack of 4 - Helps Remove Surface Stains, Whitens Teeth, Strengthens Tooth Enamel, Protects Against Cavities</p><p> -20% 0FF </p><p>$11.99 ($0.81 / Ounce)</p><a href="https://www.amazon.com/dp/B09F8FZ18G?tag=eloabder-20&linkCode=osi&th=1&psc=1">View Product</a></div><div class="product"><a href="https://www.amazon.com/dp/B083JHCCV2?tag=eloabder-20&linkCode=osi&th=1&psc=1"><img src="https://m.media-amazon.com/images/I/31ppsn+WAqL._SL500_.jpg" alt="Product Image"></a><p>Boka Fluoride Free Toothpaste, Nano Hydroxyapatite Toothpaste, Appropriate for Sensitive Teeth - for Adult, Kids Oral Care - Ela Mint Flavor, 4 Fl Oz 1Pk US Manufactured</p><p> -10% 0FF </p><p>$11.75 ($2.94 / Ounce)</p><a href="https://www.amazon.com/dp/B083JHCCV2?tag=eloabder-20&linkCode=osi&th=1&psc=1">View Product</a></div><div class="product"><a href="https://www.amazon.com/dp/B0BLWLL3FV?tag=eloabder-20&linkCode=osi&th=1&psc=1"><img src="https://m.media-amazon.com/images/I/519IfsN7qIL._SL500_.jpg" alt="Product Image"></a><p>Colgate Total Whitening Toothpaste Paste, 5.1 oz, 4 Pack, Fluoride, Antibacterial, for Plaque, Gingivitis, Sensitivity, Stain Removal, Clinically Proven, Mint, Teeth Whitening, Stannous Fluoride</p><p> -10% 0FF </p><p>$14.38 ($0.70 / Fl Oz)</p><a href="https://www.amazon.com/dp/B0BLWLL3FV?tag=eloabder-20&linkCode=osi&th=1&psc=1">View Product</a></div>
<div class="product"><a href="https://www.amazon.com/dp/B00CC6XSRC?tag=eloabder-20&linkCode=osi&th=1&psc=1"><img src="https://m.media-amazon.com/images/I/41OKKVbMN-L._SL500_.jpg" alt="Product Image"></a><p>Colgate Extra Clean Toothbrush, Medium Toothbrush for Adults, 6 Pack</p><p> -10% 0FF </p><p>$4.96 ($0.83 / Count)</p><a href="https://www.amazon.com/dp/B00CC6XSRC?tag=eloabder-20&linkCode=osi&th=1&psc=1">View Product</a></div><div class="product"><a href="https://www.amazon.com/dp/B06XK2M3H3?tag=eloabder-20&linkCode=osi&th=1&psc=1"><img src="https://m.media-amazon.com/images/I/41tntn0c7BL._SL500_.jpg" alt="Product Image"></a><p>Oral-B 3D White Stain Eraser, 4 count SOFT manual tootbrush pack, Removes Stains, Whitens Teeth, Tongue and Cheek Cleaner</p><p> -12% 0FF </p><p>$7.92 ($1.98 / Count)</p><a href="https://www.amazon.com/dp/B06XK2M3H3?tag=eloabder-20&linkCode=osi&th=1&psc=1">View Product</a></div><div class="product"><a href="https://www.amazon.com/dp/B00H88K9EE?tag=eloabder-20&linkCode=osi&th=1&psc=1"><img src="https://m.media-amazon.com/images/I/51ah-EIUbsL._SL500_.jpg" alt="Product Image"></a><p>Colgate 360 Whole Mouth Toothbrush, Adult Toothbrushes Medium Bristles, Helps Remove Bad Breath Bacteria and Plaque, Medium Toothbrush Pack, Includes Cheek and Tongue Cleaner, 4 Pack</p><p> -18% 0FF </p><p>$8.19 ($2.05 / Count)</p><a href="https://www.amazon.com/dp/B00H88K9EE?tag=eloabder-20&linkCode=osi&th=1&psc=1">View Product</a></div><div class="product"><a href="https://www.amazon.com/dp/B003CP12QG?tag=eloabder-20&linkCode=osi&th=1&psc=1"><img src="https://m.media-amazon.com/images/I/41LPe-bdnPL._SL500_.jpg" alt="Product Image"></a><p>Oral-B Pulsar Pro-Health Expert Clean, Battery electric toothbrush, 2 count MEDIUM toothbrush pack, removes plaque, travel essentials tooth brush</p><p> -22% 0FF </p><p>$10.97 ($5.48 / Count)</p><a href="https://www.amazon.com/dp/B003CP12QG?tag=eloabder-20&linkCode=osi&th=1&psc=1">View Product</a></div>
<div class="product"><a href="https://www.amazon.com/dp/B0C881GLNM?tag=eloabder-20&linkCode=osi&th=1&psc=1"><img src="https://m.media-amazon.com/images/I/51C2ohy2RWL._SL500_.jpg" alt="Product Image"></a><p>Crest Pro-Health Advanced Mouthwash, Alcohol Free, Multi-Protection, Fresh Mint, 1 L (33.8 fl oz), Pack of 2, Blue</p><p> -9% 0FF </p><p>$10.97 ($0.16 / Fl Oz)</p><a href="https://www.amazon.com/dp/B0C881GLNM?tag=eloabder-20&linkCode=osi&th=1&psc=1">View Product</a></div><div class="product"><a href="https://www.amazon.com/dp/B005IHSPLQ?tag=eloabder-20&linkCode=osi&th=1&psc=1"><img src="https://m.media-amazon.com/images/I/31U2umAytxL._SL500_.jpg" alt="Product Image"></a><p>Listerine Alcohol-Free Mouthwash, Non Alcoholic Mint Oral Rinse Kills 99.9% of Germs That Cause Bad Breath for a Fresh Breath & Clean Mouth, Less Intense Taste, Cool Mint Flavor, 1 L</p><p> -25% 0FF </p><p>$6.99 ($0.21 / Fl Oz)</p><a href="https://www.amazon.com/dp/B005IHSPLQ?tag=eloabder-20&linkCode=osi&th=1&psc=1">View Product</a></div><div class="product"><a href="https://www.amazon.com/dp/B0126XBQK6?tag=eloabder-20&linkCode=osi&th=1&psc=1"><img src="https://m.media-amazon.com/images/I/51dT1Mhf3zL._SL500_.jpg" alt="Product Image"></a><p>Crest Pro-Health Advanced Mouthwash, Alcohol Free, Extra Whitening, Energizing Mint Flavor, 946 mL (32 fl oz)</p><p> -20% 0FF </p><p>$7.17 ($0.22 / Fl Oz)</p><a href="https://www.amazon.com/dp/B0126XBQK6?tag=eloabder-20&linkCode=osi&th=1&psc=1">View Product</a></div><div class="product"><a href="https://www.amazon.com/dp/B00495Q5OW?tag=eloabder-20&linkCode=osi&th=1&psc=1"><img src="https://m.media-amazon.com/images/I/41U0hz++OHL._SL500_.jpg" alt="Product Image"></a><p>Listerine Total Care Anticavity Fluoride Mouthwash, 6 Benefits in 1 Oral Rinse Helps Kill 99% of Bad Breath Germs, Prevents Cavities, Strengthens Teeth, ADA-Accepted, Fresh Mint, 1 L</p><p> -26% 0FF </p><p>$8.79 ($0.27 / fluid ounce(s))</p><a href="https://www.amazon.com/dp/B00495Q5OW?tag=eloabder-20&linkCode=osi&th=1&psc=1">View Product</a></div>
<div class="product"><a href="https://www.amazon.com/dp/B013OKRGWW?tag=eloabder-20&linkCode=osi&th=1&psc=1"><img src="https://m.media-amazon.com/images/I/31s8V2M+RVL._SL500_.jpg" alt="Product Image"></a><p>REACH Waxed Dental Floss, Mint, Plaque Remover for Teeth, Shred Resistant, Floss Slides Smoothly, Easy to Use, Waxed, Deep Cleaning Teeth, Oral Care, PFAS Free, for Adults & Kids, 1 Pack, 55 yd</p><p> -13% 0FF </p><p>$1.29 ($0.01 / Foot)</p><a href="https://www.amazon.com/dp/B013OKRGWW?tag=eloabder-20&linkCode=osi&th=1&psc=1">View Product</a></div><div class="product"><a href="https://www.amazon.com/dp/B014KZLWX4?tag=eloabder-20&linkCode=osi&th=1&psc=1"><img src="https://m.media-amazon.com/images/I/41GyDUKvKAL._SL500_.jpg" alt="Product Image"></a><p>REACH Waxed Dental Floss, Mint, Plaque Remover for Teeth, Shred Resistant, Floss Slides Smoothly, Easy to Use, Waxed, Deep Cleaning Teeth, Oral Care, PFAS Free, for Adults & Kids, 6 Pack, 55 yd</p><p> -13% 0FF </p><p>$10.74 ($0.01 / Foot)</p><a href="https://www.amazon.com/dp/B014KZLWX4?tag=eloabder-20&linkCode=osi&th=1&psc=1">View Product</a></div><div class="product"><a href="https://www.amazon.com/dp/B00UB7BO16?tag=eloabder-20&linkCode=osi&th=1&psc=1"><img src="https://m.media-amazon.com/images/I/41aZF2HKXrL._SL500_.jpg" alt="Product Image"></a><p>Oral-B Glide Complete Floss Picks, Dental Floss Picks, Scope Outlast, 75-ct, Toothpicks Floss Picks</p><p> -20% 0FF </p><p>$3.96 ($0.05 / Count)</p><a href="https://www.amazon.com/dp/B00UB7BO16?tag=eloabder-20&linkCode=osi&th=1&psc=1">View Product</a></div><div class="product"><a href="https://www.amazon.com/dp/B003K01BMI?tag=eloabder-20&linkCode=osi&th=1&psc=1"><img src="https://m.media-amazon.com/images/I/41r6iQVxOzL._SL500_.jpg" alt="Product Image"></a><p>DenTek Triple Clean Advanced Clean Floss Picks, No Break & No Shred Floss, 150 Count, (Packaging May Vary)</p><p> -31% 0FF </p><p>$4.15 ($0.03 / Count)</p><a href="https://www.amazon.com/dp/B003K01BMI?tag=eloabder-20&linkCode=osi&th=1&psc=1">View Product</a></div><div class="product"><a href="https://www.amazon.com/dp/B07WFX1WD2?tag=eloabder-20&linkCode=osi&th=1&psc=1"><img src="https://m.media-amazon.com/images/I/51lqCql47sL._SL500_.jpg" alt="Product Image"></a><p>Oral-B Glide Dental Floss, Scope Flavor, 40m (Pack of 6)</p><p> -20% 0FF </p><p>$15.96 ($0.02 / Foot)</p><a href="https://www.amazon.com/dp/B07WFX1WD2?tag=eloabder-20&linkCode=osi&th=1&psc=1">View Product</a></div>
<div class="product"><a href="https://www.amazon.com/dp/B0BVT76MFH?tag=eloabder-20&linkCode=osi&th=1&psc=1"><img src="https://m.media-amazon.com/images/I/419kJTfLfGL._SL500_.jpg" alt="Product Image"></a><p>Crest 3D Whitestrips Sensitive At-Home Teeth Whitening Kit, 18 Treatments, Gently Removes 15 Years of Stains, Crest Whitestrips, Teeth Whitening Kit</p><p> -44% 0FF </p><p>$27.85 ($1.55 / Count)</p><a href="https://www.amazon.com/dp/B0BVT76MFH?tag=eloabder-20&linkCode=osi&th=1&psc=1">View Product</a></div>
<div class="product"><a href="https://www.amazon.com/dp/B0CK1791MR?tag=eloabder-20&linkCode=osi&th=1&psc=1"><img src="https://m.media-amazon.com/images/I/31CZvJQAbDL._SL500_.jpg" alt="Product Image"></a><p>Her Fantasy Box | Refresh pH Balancing Shower Gel - Natural Feminine Hygiene Solution for Gentle Cleansing, Odor Control, and Skin Nourishment - pH-Balanced Formula for All Skin Types (8 oz)</p><p> -6% 0FF </p><p>$14.99 ($1.87 / Fl Oz)</p><a href="https://www.amazon.com/dp/B0CK1791MR?tag=eloabder-20&linkCode=osi&th=1&psc=1">View Product</a></div><div class="product"><a href="https://www.amazon.com/dp/B08L4Q75QP?tag=eloabder-20&linkCode=osi&th=1&psc=1"><img src="https://m.media-amazon.com/images/I/51OkbLfz-2L._SL500_.jpg" alt="Product Image"></a><p>Playtex Sport Tampons Multipack (24ct Regular/24ct Super), Fragrance-Free - 48ct | Tampons Regular and Super, Playtex Tampon Multipack, Feminine Care with 360 Leak Defense</p><p> -29% 0FF </p><p>$9.97 ($0.21 / Count)</p><a href="https://www.amazon.com/dp/B08L4Q75QP?tag=eloabder-20&linkCode=osi&th=1&psc=1">View Product</a></div><div class="product"><a href="https://www.amazon.com/dp/B083M1RG6P?tag=eloabder-20&linkCode=osi&th=1&psc=1"><img src="https://m.media-amazon.com/images/I/51AHoXPV3gL._SL500_.jpg" alt="Product Image"></a><p>U by Kotex Tampons, Click Compact, Regular Absorbency, Unscented, 45 Count</p><p> -48% 0FF </p><p>$6.97 ($0.15 / Count)</p><a href="https://www.amazon.com/dp/B083M1RG6P?tag=eloabder-20&linkCode=osi&th=1&psc=1">View Product</a></div><div class="product"><a href="https://www.amazon.com/dp/B0D5FZGY8W?tag=eloabder-20&linkCode=osi&th=1&psc=1"><img src="https://m.media-amazon.com/images/I/51gWW6a+5uL._SL500_.jpg" alt="Product Image"></a><p>O Positiv URO Vaginal Probiotics for Women pH Balance with Prebiotics & Lactobacillus Probiotic Blend - Vaginal Health Supplement - Promote Healthy Vaginal Odor & Vaginal Flora, 60 Count (Pack of 1)</p><p> -10% 0FF </p><p>$28.97 ($0.48 / Count)</p><a href="https://www.amazon.com/dp/B0D5FZGY8W?tag=eloabder-20&linkCode=osi&th=1&psc=1">View Product</a></div><div class="product"><a href="https://www.amazon.com/dp/B01M1BLRC1?tag=eloabder-20&linkCode=osi&th=1&psc=1"><img src="https://m.media-amazon.com/images/I/51CVKq4e6UL._SL500_.jpg" alt="Product Image"></a><p>Always Maxi Overnight Pads with Wings for Women, Size 5, Extra Heavy Overnight Absorbency, Unscented, 36 Count</p><p> -5% 0FF </p><p>$10.47 ($0.29 / Count)</p><a href="https://www.amazon.com/dp/B01M1BLRC1?tag=eloabder-20&linkCode=osi&th=1&psc=1">View Product</a></div>
<div class="product"><a href="https://www.amazon.com/dp/B083M24HGP?tag=eloabder-20&linkCode=osi&th=1&psc=1"><img src="https://m.media-amazon.com/images/I/51iX7-G8XnL._SL500_.jpg" alt="Product Image"></a><p>U by Kotex Tampons, Click Compact Multipack, Regular/Super Absorbency, Unscented, 45 Count</p><p> -26% 0FF </p><p>$9.97 ($0.22 / Count)</p><a href="https://www.amazon.com/dp/B083M24HGP?tag=eloabder-20&linkCode=osi&th=1&psc=1">View Product</a></div><div class="product"><a href="https://www.amazon.com/dp/B0B33LJX6N?tag=eloabder-20&linkCode=osi&th=1&psc=1"><img src="https://m.media-amazon.com/images/I/512dGlJD9nL._SL500_.jpg" alt="Product Image"></a><p>Tampax Pearl Tampons for Women Multipack, with LeakGuard Braid, Light/Regular/Super Absorbency, Unscented, 94 Count (2 Packs of 47)</p><p> -7% 0FF </p><p>$21.36 ($0.23 / Count)</p><a href="https://www.amazon.com/dp/B0B33LJX6N?tag=eloabder-20&linkCode=osi&th=1&psc=1">View Product</a></div>
<div class="product"><a href="https://www.amazon.com/dp/B01NAX7KC7?tag=eloabder-20&linkCode=osi&th=1&psc=1"><img src="https://m.media-amazon.com/images/I/51SOakjzHvL._SL500_.jpg" alt="Product Image"></a><p>Poise Overnight Incontinence & Postpartum Pads for Bladder Leaks, 8 Drop Extra Coverage, 72 Count (2 Packs of 36), Packaging May Vary</p><p> -7% 0FF </p><p>$41.99 ($0.58 / Count)</p><a href="https://www.amazon.com/dp/B01NAX7KC7?tag=eloabder-20&linkCode=osi&th=1&psc=1">View Product</a></div><div class="product"><a href="https://www.amazon.com/dp/B0BLGRQHCQ?tag=eloabder-20&linkCode=osi&th=1&psc=1"><img src="https://m.media-amazon.com/images/I/51tBxYlTu3L._SL500_.jpg" alt="Product Image"></a><p>Poise Incontinence & Postpartum Pads for Bladder Leaks, 7 Drop Ultra Absorbency, Long Length, 78 Count, Packaging May Vary</p><p> -17% 0FF </p><p>$42.96 ($0.55 / Count)</p><a href="https://www.amazon.com/dp/B0BLGRQHCQ?tag=eloabder-20&linkCode=osi&th=1&psc=1">View Product</a></div>
<div class="product"><a href="https://www.amazon.com/dp/B086JBZW48?tag=eloabder-20&linkCode=osi&th=1&psc=1"><img src="https://m.media-amazon.com/images/I/419mX5-k8XL._SL500_.jpg" alt="Product Image"></a><p>EcoBlossom Reusable Menstrual Cup Set - The Most Reliable Medical Grade Silicone Period Cups - Comfortably use for 12 Hours (Small & Large)</p><p> -20% 0FF </p><p>$15.99 ($8.00 / Count)</p><a href="https://www.amazon.com/dp/B086JBZW48?tag=eloabder-20&linkCode=osi&th=1&psc=1">View Product</a></div><div class="product"><a href="https://www.amazon.com/dp/B07QNVNDMQ?tag=eloabder-20&linkCode=osi&th=1&psc=1"><img src="https://m.media-amazon.com/images/I/41kGVRCvHnL._SL500_.jpg" alt="Product Image"></a><p>Croing Reusable Menstrual Cup Set of 4, Period Cup, 2 pcs Small and 2 pcs Large (Purple and White)</p><p> -33% 0FF </p><p>$9.99 ($2.50 / Count)</p><a href="https://www.amazon.com/dp/B07QNVNDMQ?tag=eloabder-20&linkCode=osi&th=1&psc=1">View Product</a></div><div class="product"><a href="https://www.amazon.com/dp/B08MYQJ95N?tag=eloabder-20&linkCode=osi&th=1&psc=1"><img src="https://m.media-amazon.com/images/I/41C-jls603L._SL500_.jpg" alt="Product Image"></a><p>YTYOMUR Menstrual Cup Steamer Sterilizer with 2 Reusable Menstrual Cups, Period Cups Cleaner Wash Kit</p><p> -37% 0FF </p><p>$20.24</p><a href="https://www.amazon.com/dp/B08MYQJ95N?tag=eloabder-20&linkCode=osi&th=1&psc=1">View Product</a></div><div class="product"><a href="https://www.amazon.com/dp/B081QNN9CD?tag=eloabder-20&linkCode=osi&th=1&psc=1"><img src="https://m.media-amazon.com/images/I/41vipuZyibL._SL500_.jpg" alt="Product Image"></a><p>Talisi Menstrual Cups Set of 2 with Collapsible Cleaner Silicone Sterilizer - Soft Reusable Period Kit - Tampon Pads Disc Alternative - Menstruation Feminine Cup Regular, Heavy Flow (Small & Large)</p><p> -10% 0FF </p><p>$8.99 ($2.25 / Count)</p><a href="https://www.amazon.com/dp/B081QNN9CD?tag=eloabder-20&linkCode=osi&th=1&psc=1">View Product</a></div><div class="product"><a href="https://www.amazon.com/dp/B087WK7LBS?tag=eloabder-20&linkCode=osi&th=1&psc=1"><img src="https://m.media-amazon.com/images/I/410uziY5NGL._SL500_.jpg" alt="Product Image"></a><p>Talisi Menstrual Cups - Reusable Soft Period Cups - Menstruation Feminine Hygiene Products with Silicone Collapsible Sterilizer Case - Regular & Heavy Flow - Large, Small Size Copa Menstrual Kit</p><p> -14% 0FF </p><p>$5.99 ($1.50 / Count)</p><a href="https://www.amazon.com/dp/B087WK7LBS?tag=eloabder-20&linkCode=osi&th=1&psc=1">View Product</a></div>
<div class="product"><a href="https://www.amazon.com/dp/B01ARVVTYW?tag=eloabder-20&linkCode=osi&th=1&psc=1"><img src="https://m.media-amazon.com/images/I/41sOZ7EfDGL._SL500_.jpg" alt="Product Image"></a><p>Carefree Panty Liners for Women, Regular, Wrapped, Unscented, 54ct | Pantiliners, Carefree Liners, Daily Liners for Women, Light Periods and Leaks, 8-Hour Odor Control | 54ct (Packaging May Vary)</p><p> -33% 0FF </p><p>$3.34 ($0.06 / Count)</p><a href="https://www.amazon.com/dp/B01ARVVTYW?tag=eloabder-20&linkCode=osi&th=1&psc=1">View Product</a></div><div class="product"><a href="https://www.amazon.com/dp/B00NJNJ6O6?tag=eloabder-20&linkCode=osi&th=1&psc=1"><img src="https://m.media-amazon.com/images/I/416qKSPSpOL._SL500_.jpg" alt="Product Image"></a><p>Carefree Panty Liners for Women, Regular, Unwrapped, Unscented, 120ct | Pantiliners, Carefree Liners, Daily Liners for Women, Light Periods and Leaks, 8-Hour Odor Control | 120ct (Packaging May Vary)</p><p> -37% 0FF </p><p>$5.97 ($0.05 / Count)</p><a href="https://www.amazon.com/dp/B00NJNJ6O6?tag=eloabder-20&linkCode=osi&th=1&psc=1">View Product</a></div><div class="product"><a href="https://www.amazon.com/dp/B07C99C39S?tag=eloabder-20&linkCode=osi&th=1&psc=1"><img src="https://m.media-amazon.com/images/I/410-MyDdTyL._SL500_.jpg" alt="Product Image"></a><p>U by Kotex Panty Liners, Clean & Secure, Light Absorbency, Long Length, 126 Count (Packaging May Vary)</p><p> -35% 0FF </p><p>$7.79 ($0.06 / Count)</p><a href="https://www.amazon.com/dp/B07C99C39S?tag=eloabder-20&linkCode=osi&th=1&psc=1">View Product</a></div><div class="product"><a href="https://www.amazon.com/dp/B00UASJJX6?tag=eloabder-20&linkCode=osi&th=1&psc=1"><img src="https://m.media-amazon.com/images/I/51JyBlhNEuL._SL500_.jpg" alt="Product Image"></a><p>U by Kotex Balance Wrapped Panty Liners, Regular Length, 80 Count (Packaging May Vary)</p><p> -65% 0FF </p><p>$3.50 ($0.04 / Count)</p><a href="https://www.amazon.com/dp/B00UASJJX6?tag=eloabder-20&linkCode=osi&th=1&psc=1">View Product</a></div><div class="product"><a href="https://www.amazon.com/dp/B004RSO890?tag=eloabder-20&linkCode=osi&th=1&psc=1"><img src="https://m.media-amazon.com/images/I/41wY7+hDP5L._SL500_.jpg" alt="Product Image"></a><p>Carefree Thong Regular 49 Count Unscented Liner</p><p> -28% 0FF </p><p>$3.58 ($0.07 / Count)</p><a href="https://www.amazon.com/dp/B004RSO890?tag=eloabder-20&linkCode=osi&th=1&psc=1">View Product</a></div><div class="product"><a href="https://www.amazon.com/dp/B0DR3579J9?tag=eloabder-20&linkCode=osi&th=1&psc=1"><img src="https://m.media-amazon.com/images/I/51NcGafWnNL._SL500_.jpg" alt="Product Image"></a><p>Always Daily Protect Liners, Regular Length, Unscented, 96 Count</p><p> -10% 0FF </p><p>$7.17 ($0.07 / Count)</p><a href="https://www.amazon.com/dp/B0DR3579J9?tag=eloabder-20&linkCode=osi&th=1&psc=1">View Product</a></div><div class="product"><a href="https://www.amazon.com/dp/B09VMHGQFG?tag=eloabder-20&linkCode=osi&th=1&psc=1"><img src="https://m.media-amazon.com/images/I/4141Nw-Z01L._SL500_.jpg" alt="Product Image"></a><p>Carefree Panty Liners for Women, Extra Long, Unwrapped, Unscented, 100ct | Pantiliners, Carefree, Daily for Women, Light Periods and Leaks, 8-Hour Odor Control|100ct (Packaging May Vary)</p><p> -32% 0FF </p><p>$6.78 ($0.07 / Count)</p><a href="https://www.amazon.com/dp/B09VMHGQFG?tag=eloabder-20&linkCode=osi&th=1&psc=1">View Product</a></div>
<div class="product"><a href="https://www.amazon.com/dp/B0DSLZWGDN?tag=eloabder-20&linkCode=osi&th=1&psc=1"><img src="https://m.media-amazon.com/images/I/41wmZddDUXL._SL500_.jpg" alt="Product Image"></a><p>Summer's Eve Ultimate Odor Protection Daily Feminine Wipes, Gentle pH-Balanced Formula with Boric Acid Cleanses & Removes Vaginal Odor, Resealable Pack, 32 Body Wipes</p><p> -29% 0FF </p><p>$4.98 ($0.16 / Count)</p><a href="https://www.amazon.com/dp/B0DSLZWGDN?tag=eloabder-20&linkCode=osi&th=1&psc=1">View Product</a></div><div class="product"><a href="https://www.amazon.com/dp/B0D1KXV9ZS?tag=eloabder-20&linkCode=osi&th=1&psc=1"><img src="https://m.media-amazon.com/images/I/311Liu9BWoL._SL500_.jpg" alt="Product Image"></a><p>Vagisil pH Balance Daily Freshening Wipes for Feminine Hygiene in Resealable Pouch, Gynecologist Tested & Hypoallergenic, 20 Wipes (Pack of 1)</p><p> -40% 0FF </p><p>$2.97 ($0.15 / Count)</p><a href="https://www.amazon.com/dp/B0D1KXV9ZS?tag=eloabder-20&linkCode=osi&th=1&psc=1">View Product</a></div><div class="product"><a href="https://www.amazon.com/dp/B07DVY2PDZ?tag=eloabder-20&linkCode=osi&th=1&psc=1"><img src="https://m.media-amazon.com/images/I/51m-hobgS9L._SL500_.jpg" alt="Product Image"></a><p>Charmin Flushable Wipes, 160 Total Wipes (4 Packs of 40)</p><p> -28% 0FF </p><p>$7.96 ($4.98 / 100 Sheets)</p><a href="https://www.amazon.com/dp/B07DVY2PDZ?tag=eloabder-20&linkCode=osi&th=1&psc=1">View Product</a></div>
<div class="product"><a href="https://www.amazon.com/dp/B0735Q681B?tag=eloabder-20&linkCode=osi&th=1&psc=1"><img src="https://m.media-amazon.com/images/I/41UQXD2pkLL._SL500_.jpg" alt="Product Image"></a><p>SKYN Elite – 36 Count – Ultra-Thin, Lubricated Latex-Free Condoms</p><p> -5% 0FF </p><p>$18.97 ($0.53 / Count)</p><a href="https://www.amazon.com/dp/B0735Q681B?tag=eloabder-20&linkCode=osi&th=1&psc=1">View Product</a></div><div class="product"><a href="https://www.amazon.com/dp/B004TTXA8C?tag=eloabder-20&linkCode=osi&th=1&psc=1"><img src="https://m.media-amazon.com/images/I/51gr4F37KPL._SL500_.jpg" alt="Product Image"></a><p>LifeStyles Ultra Sensitive Natural Feeling Lubricated Latex Condoms, 40 Count</p><p> -43% 0FF </p><p>$12.58 ($0.31 / Count)</p><a href="https://www.amazon.com/dp/B004TTXA8C?tag=eloabder-20&linkCode=osi&th=1&psc=1">View Product</a></div>
<div class="product"><a href="https://www.amazon.com/dp/B075SN1MY9?tag=eloabder-20&linkCode=osi&th=1&psc=1"><img src="https://m.media-amazon.com/images/I/319iqKV2u8L._SL500_.jpg" alt="Product Image"></a><p>LubeLife Water-Based Lube – Personal Lubricant for Men, Women & Couples, Travel Size, Non-Staining, Easy Clean-Up, Toy-Safe, 8 Fl Oz</p><p> -9% 0FF </p><p>$9.99 ($1.25 / Fl Oz)</p><a href="https://www.amazon.com/dp/B075SN1MY9?tag=eloabder-20&linkCode=osi&th=1&psc=1">View Product</a></div><div class="product"><a href="https://www.amazon.com/dp/B004GW9GXU?tag=eloabder-20&linkCode=osi&th=1&psc=1"><img src="https://m.media-amazon.com/images/I/41ubL2N3JBL._SL500_.jpg" alt="Product Image"></a><p>K-Y Ultragel Water Based Personal Lubricant, pH Balanced Lube, Paraben Free, Non-Sticky, Non-Staining, 4.5 fl oz</p><p> -18% 0FF </p><p>$9.79 ($2.18 / Ounce)</p><a href="https://www.amazon.com/dp/B004GW9GXU?tag=eloabder-20&linkCode=osi&th=1&psc=1">View Product</a></div><div class="product"><a href="https://www.amazon.com/dp/B000ZPN1TC?tag=eloabder-20&linkCode=osi&th=1&psc=1"><img src="https://m.media-amazon.com/images/I/41vi+SxqxdL._SL500_.jpg" alt="Product Image"></a><p>Astroglide Water Based Lube (2.5oz), Liquid Personal Lubricant for Long-Lasting Pleasure for Men, Women and Couples, Safe for Toys, Travel-Friendly Size</p><p> -25% 0FF </p><p>$5.98 ($2.39 / Fl Oz)</p><a href="https://www.amazon.com/dp/B000ZPN1TC?tag=eloabder-20&linkCode=osi&th=1&psc=1">View Product</a></div><div class="product"><a href="https://www.amazon.com/dp/B0D8R1MBBP?tag=eloabder-20&linkCode=osi&th=1&psc=1"><img src="https://m.media-amazon.com/images/I/41w1UikOx8L._SL500_.jpg" alt="Product Image"></a><p>Astroglide Water Based Lube (7oz), Ultra Gentle Gel Personal Lubricant for Vaginal and Anal Sex, Stays Put with No Drip, Sex Lube, Long-Lasting for Men, Women and Couples, Safe for Toys</p><p> -46% 0FF </p><p>$6.98 ($1.00 / Ounce)</p><a href="https://www.amazon.com/dp/B0D8R1MBBP?tag=eloabder-20&linkCode=osi&th=1&psc=1">View Product</a></div>
<div class="product"><a href="https://www.amazon.com/dp/B07BGLT25K?tag=eloabder-20&linkCode=osi&th=1&psc=1"><img src="https://m.media-amazon.com/images/I/51NpHDcaw8L._SL500_.jpg" alt="Product Image"></a><p>Scott ComfortPlus Toilet Paper, 12 Double Rolls, 231 Sheets per Roll, Septic-Safe, 1-Ply Toilet Tissue</p><p> -12% 0FF </p><p>$5.68 ($0.20 / 100 Sheets)</p><a href="https://www.amazon.com/dp/B07BGLT25K?tag=eloabder-20&linkCode=osi&th=1&psc=1">View Product</a></div><div class="product"><a href="https://www.amazon.com/dp/B0CDZJ9JJC?tag=eloabder-20&linkCode=osi&th=1&psc=1"><img src="https://m.media-amazon.com/images/I/51Er7PSBqML._SL500_.jpg" alt="Product Image"></a><p>Charmin Ultra Soft Toilet Paper 6 Mega Rolls = 24 Regular Rolls</p><p> -27% 0FF </p><p>$7.97 ($0.59 / 100 Sheets)</p><a href="https://www.amazon.com/dp/B0CDZJ9JJC?tag=eloabder-20&linkCode=osi&th=1&psc=1">View Product</a></div><div class="product"><a href="https://www.amazon.com/dp/B000VCFB0G?tag=eloabder-20&linkCode=osi&th=1&psc=1"><img src="https://m.media-amazon.com/images/I/419yTBsVOFL._SL500_.jpg" alt="Product Image"></a><p>Bounty Quilted Napkins 1-Ply 12 1/10 x 12 White 200/Pack (96595PK)</p><p> -19% 0FF </p><p>$3.48 ($0.02 / Count)</p><a href="https://www.amazon.com/dp/B000VCFB0G?tag=eloabder-20&linkCode=osi&th=1&psc=1">View Product</a></div>


<div class="product"><a href="https://www.amazon.com/dp/B07BHCB9Y2?tag=eloabder-20&linkCode=osi&th=1&psc=1"><img src="https://m.media-amazon.com/images/I/51syx3ENHSL._SL500_.jpg" alt="Product Image"></a><p>PURA D'OR Anti-Thinning Biotin Shampoo & Deep Moisturizing Conditioner Original Gold Label Set (16oz x2) Natural Earthy Scent, CLINICALLY TESTED Effective Results, Hair Thickening Product, Women & Men</p><p> -15% 0FF </p><p>$33.99 ($1.06 / Fl Oz)</p><a href="https://www.amazon.com/dp/B07BHCB9Y2?tag=eloabder-20&linkCode=osi&th=1&psc=1">View Product</a></div><div class="product"><a href="https://www.amazon.com/dp/B0DVBKH321?tag=eloabder-20&linkCode=osi&th=1&psc=1"><img src="https://m.media-amazon.com/images/I/41QgluZ4kwL._SL500_.jpg" alt="Product Image"></a><p>Nature Made Hair Growth Softgels with Lustriva, Biotin, Vitamin C & A, Support Healthy Hair as You Age, 30 Softgels, 30 Day Supply</p><p> -23% 0FF </p><p>$26.99 ($0.90 / Count)</p><a href="https://www.amazon.com/dp/B0DVBKH321?tag=eloabder-20&linkCode=osi&th=1&psc=1">View Product</a></div><div class="product"><a href="https://www.amazon.com/dp/B00M6I5SNI?tag=eloabder-20&linkCode=osi&th=1&psc=1"><img src="https://m.media-amazon.com/images/I/51f-YmwJOfL._SL500_.jpg" alt="Product Image"></a><p>Rogaine for Women 5% Minoxidil Foam, Growth Treatment for Thinning & Hair Loss, Once-A-Day Unscented Topical Foam, Regrow Fuller Thicker Hair, Dermatologist Recommended, 4-Month Supply, 2 x 2.11 oz</p><p> -11% 0FF </p><p>$39.99 ($18.95 / Ounce)</p><a href="https://www.amazon.com/dp/B00M6I5SNI?tag=eloabder-20&linkCode=osi&th=1&psc=1">View Product</a></div>
<div class="product"><a href="https://www.amazon.com/dp/B00H5PJ0HW?tag=eloabder-20&linkCode=osi&th=1&psc=1"><img src="https://m.media-amazon.com/images/I/414mKN9ZjbL._SL500_.jpg" alt="Product Image"></a><p>Nature's Bounty Magnesium 500 mg Tablets, High Potency Magnesium Supplement for Bone & Muscle Health, Whole Body Support, 200 Count (Pack of 1)</p><p> -48% 0FF </p><p>$6.80 ($0.03 / Count)</p><a href="https://www.amazon.com/dp/B00H5PJ0HW?tag=eloabder-20&linkCode=osi&th=1&psc=1">View Product</a></div><div class="product"><a href="https://www.amazon.com/dp/B07DX89ZHN?tag=eloabder-20&linkCode=osi&th=1&psc=1"><img src="https://m.media-amazon.com/images/I/41jImYlR69L._SL500_.jpg" alt="Product Image"></a><p>Sports Research Triple Strength Omega 3 Fish Oil - Burpless Fish Oil Supplement w/EPA & DHA Fatty Acids from Single-Source Wild Alaskan Pollock - 1250 mg, 90 ct</p><p> -7% 0FF </p><p>$27.95 ($0.31 / Count)</p><a href="https://www.amazon.com/dp/B07DX89ZHN?tag=eloabder-20&linkCode=osi&th=1&psc=1">View Product</a></div><div class="product"><a href="https://www.amazon.com/dp/B08YLTCDTN?tag=eloabder-20&linkCode=osi&th=1&psc=1"><img src="https://m.media-amazon.com/images/I/41JTF+RdOhL._SL500_.jpg" alt="Product Image"></a><p>Nature’s Bounty Zinc 50mg, Immune Support & Antioxidant Supplement, Promotes Skin Health, 1 Caplet Per Day, Gluten Free, 250 Vegetarian Caplets</p><p> -20% 0FF </p><p>$8.68 ($0.03 / Count)</p><a href="https://www.amazon.com/dp/B08YLTCDTN?tag=eloabder-20&linkCode=osi&th=1&psc=1">View Product</a></div><div class="product"><a href="https://www.amazon.com/dp/B000NPYY04?tag=eloabder-20&linkCode=osi&th=1&psc=1"><img src="https://m.media-amazon.com/images/I/41v2o7pl8fL._SL500_.jpg" alt="Product Image"></a><p>Nature's Bounty Fish Oil Omega 3 Supplements - Supports Heart Health, 1200 Mg Fish Oil, Omega-3, 200 Softgels (Pack of 1)</p><p> -48% 0FF </p><p>$11.84 ($0.06 / Count)</p><a href="https://www.amazon.com/dp/B000NPYY04?tag=eloabder-20&linkCode=osi&th=1&psc=1">View Product</a></div><div class="product"><a href="https://www.amazon.com/dp/B01BMDAVIY?tag=eloabder-20&linkCode=osi&th=1&psc=1"><img src="https://m.media-amazon.com/images/I/411R4B52c2L._SL500_.jpg" alt="Product Image"></a><p>NatureWise Curcumin Turmeric 2250mg - 95% Curcuminoids & BioPerine Black Pepper Extract for Advanced Absorption - Daily Joint and Immune Health Support - Vegan, Non-GMO, 180 Count[60-Day Supply]</p><p> -19% 0FF </p><p>$19.37 ($0.11 / Count)</p><a href="https://www.amazon.com/dp/B01BMDAVIY?tag=eloabder-20&linkCode=osi&th=1&psc=1">View Product</a></div><div class="product"><a href="https://www.amazon.com/dp/B00DYSUQR2?tag=eloabder-20&linkCode=osi&th=1&psc=1"><img src="https://m.media-amazon.com/images/I/41+1qFufxjL._SL500_.jpg" alt="Product Image"></a><p>Nature's Bounty Vitamin B12 1000 mcg Supplements, Supports Energy Metabolism, 200 Ct</p><p> -55% 0FF </p><p>$8.53 ($0.04 / Count)</p><a href="https://www.amazon.com/dp/B00DYSUQR2?tag=eloabder-20&linkCode=osi&th=1&psc=1">View Product</a></div><div class="product"><a href="https://www.amazon.com/dp/B009SZXM4E?tag=eloabder-20&linkCode=osi&th=1&psc=1"><img src="https://m.media-amazon.com/images/I/41VHR1TpCqL._SL500_.jpg" alt="Product Image"></a><p>Nature's Bounty Biotin Hair Skin and Nails Vitamins, Supports Healthy Hair, Skin and Nails, 10,000 mcg, 120 Softgels (Pack of 1)</p><p> -15% 0FF </p><p>$7.54 ($0.06 / Count)</p><a href="https://www.amazon.com/dp/B009SZXM4E?tag=eloabder-20&linkCode=osi&th=1&psc=1">View Product</a></div><div class="product"><a href="https://www.amazon.com/dp/B07255MPRN?tag=eloabder-20&linkCode=osi&th=1&psc=1"><img src="https://m.media-amazon.com/images/I/4196YWIeLtL._SL500_.jpg" alt="Product Image"></a><p>Sports Research® Vitamin D3 + K2 w/ Coconut Oil - Vegan Vitamin D 5000iu & Mk7 Vitamin K 100mcg for Bone & Immune Support - Vegan Certified · Non-GMO · Soy Free - 60 Softgels</p><p> -30% 0FF </p><p>$16.77 ($0.28 / Count)</p><a href="https://www.amazon.com/dp/B07255MPRN?tag=eloabder-20&linkCode=osi&th=1&psc=1">View Product</a></div>
<div class="product"><a href="https://www.amazon.com/dp/B01LXX5Z8Q?tag=eloabder-20&linkCode=osi&th=1&psc=1"><img src="https://m.media-amazon.com/images/I/41c3JvCwflL._SL500_.jpg" alt="Product Image"></a><p>OLLY Daily Energy Gummy, Caffeine Free, Vitamin B12, CoQ10, Goji Berry, Adult Chewable Supplement, Tropical Flavor - 60 Count</p><p> -18% 0FF </p><p>$11.47 ($0.19 / Count)</p><a href="https://www.amazon.com/dp/B01LXX5Z8Q?tag=eloabder-20&linkCode=osi&th=1&psc=1">View Product</a></div><div class="product"><a href="https://www.amazon.com/dp/B00772C0ES?tag=eloabder-20&linkCode=osi&th=1&psc=1"><img src="https://m.media-amazon.com/images/I/41mL6jfQ48L._SL500_.jpg" alt="Product Image"></a><p>NOW Foods Supplements, Energy Dietary Supplement (lncludes B Vitamins, Green tea, Panax Ginseng and Rhodiola), 90 Capsules</p><p> -37% 0FF </p><p>$15.10 ($0.17 / Count)</p><a href="https://www.amazon.com/dp/B00772C0ES?tag=eloabder-20&linkCode=osi&th=1&psc=1">View Product</a></div><div class="product"><a href="https://www.amazon.com/dp/B008PQDCG0?tag=eloabder-20&linkCode=osi&th=1&psc=1"><img src="https://m.media-amazon.com/images/I/41JebaFqLTL._SL500_.jpg" alt="Product Image"></a><p>Nature Made Super B Energy Complex, Dietary Supplement for Brain Cell Function Support, 60 Softgels, 60 Day Supply</p><p> -35% 0FF </p><p>$9.34 ($0.16 / Count)</p><a href="https://www.amazon.com/dp/B008PQDCG0?tag=eloabder-20&linkCode=osi&th=1&psc=1">View Product</a></div>
<div class="product"><a href="https://www.amazon.com/dp/B014G4AY1A?tag=eloabder-20&linkCode=osi&th=1&psc=1"><img src="https://m.media-amazon.com/images/I/41l5p862HBL._SL500_.jpg" alt="Product Image"></a><p>OLLY Women's Multivitamin Gummy, Vitamins A, D, C, E, Biotin, Folic Acid, Adult Chewable Vitamin, Berry Flavor, 45 Day Supply - 90 Count</p><p> -33% 0FF </p><p>$9.42 ($0.10 / Count)</p><a href="https://www.amazon.com/dp/B014G4AY1A?tag=eloabder-20&linkCode=osi&th=1&psc=1">View Product</a></div><div class="product"><a href="https://www.amazon.com/dp/B092CS29NR?tag=eloabder-20&linkCode=osi&th=1&psc=1"><img src="https://m.media-amazon.com/images/I/41IHhWIKqEL._SL500_.jpg" alt="Product Image"></a><p>OLLY Happy Hoo-Ha Capsules, Probiotic for Women, Vaginal Health and pH Balance, 10 Billion CFU, Gluten Free - 25 Count</p><p> -40% 0FF </p><p>$11.97 ($0.48 / Count)</p><a href="https://www.amazon.com/dp/B092CS29NR?tag=eloabder-20&linkCode=osi&th=1&psc=1">View Product</a></div><div class="product"><a href="https://www.amazon.com/dp/B07B8BSGPL?tag=eloabder-20&linkCode=osi&th=1&psc=1"><img src="https://m.media-amazon.com/images/I/51uLTVCUI7L._SL500_.jpg" alt="Product Image"></a><p>Physician's CHOICE Probiotics for Women - PH Balance, Digestive, UT, & Feminine Health - 50 Billion CFU - 6 Unique Strains for Her - Organic Prebiotics, Cranberry Extract+ - Women Probiotic - 30 CT</p><p> -18% 0FF </p><p>$23.97 ($0.80 / Count)</p><a href="https://www.amazon.com/dp/B07B8BSGPL?tag=eloabder-20&linkCode=osi&th=1&psc=1">View Product</a></div><div class="product"><a href="https://www.amazon.com/dp/B0CJX1HK52?tag=eloabder-20&linkCode=osi&th=1&psc=1"><img src="https://m.media-amazon.com/images/I/41RkFie9-aL._SL500_.jpg" alt="Product Image"></a><p>Bloom Nutrition Superfood Greens Powder, Digestive Enzymes with Probiotics and Prebiotics, Gut Health, Bloating Relief for Women, Chlorella, Juice Mix w/Beet Root Powder, 30 SVG, Orange Passionfruit</p><p> -13% 0FF </p><p>$34.99 ($4.73 / Ounce)</p><a href="https://www.amazon.com/dp/B0CJX1HK52?tag=eloabder-20&linkCode=osi&th=1&psc=1">View Product</a></div><div class="product"><a href="https://www.amazon.com/dp/B004RR1FF6?tag=eloabder-20&linkCode=osi&th=1&psc=1"><img src="https://m.media-amazon.com/images/I/31sw8vzVL3L._SL500_.jpg" alt="Product Image"></a><p>AZO Cranberry Supplement, Made with Concentrated Whole Fruit Cranberry Powder to Help Cleanse and Protect the Urinary Tract*, Sugar Free Cranberry Pills, Non-GMO, 100 Softgels</p><p> -12% 0FF </p><p>$12.13 ($0.12 / Count)</p><a href="https://www.amazon.com/dp/B004RR1FF6?tag=eloabder-20&linkCode=osi&th=1&psc=1">View Product</a></div>
<div class="product"><a href="https://www.amazon.com/dp/B06Y2FFQB9?tag=eloabder-20&linkCode=osi&th=1&psc=1"><img src="https://m.media-amazon.com/images/I/41j6aDaoGaL._SL500_.jpg" alt="Product Image"></a><p>Zacurate 500BL Fingertip Pulse Oximeter Blood Oxygen Saturation Monitor with Batteries Included (Navy Blue)</p><p> -7% 0FF </p><p>$12.99</p><a href="https://www.amazon.com/dp/B06Y2FFQB9?tag=eloabder-20&linkCode=osi&th=1&psc=1">View Product</a></div><div class="product"><a href="https://www.amazon.com/dp/B08QFK6QV3?tag=eloabder-20&linkCode=osi&th=1&psc=1"><img src="https://m.media-amazon.com/images/I/515RQS4jG7L._SL500_.jpg" alt="Product Image"></a><p>Fingertip Pulse Oximeter Blood Oxygen Saturation Monitor Pulse Ox, Heart Rate and Fast Spo2 Reading Oxygen Meter with OLED Screen Included Lanyard and 2 X AAA Batteries</p><p> -29% 0FF </p><p>$9.99</p><a href="https://www.amazon.com/dp/B08QFK6QV3?tag=eloabder-20&linkCode=osi&th=1&psc=1">View Product</a></div><div class="product"><a href="https://www.amazon.com/dp/B08R1GPJ4M?tag=eloabder-20&linkCode=osi&th=1&psc=1"><img src="https://m.media-amazon.com/images/I/41-Q4v8gwFL._SL500_.jpg" alt="Product Image"></a><p>Fingertip Pulse Oximeter Blood Oxygen Monitor Pulse Ox, Heart Rate and Fast Spo2 Reading Oxygen Meter with OLED Screen Included Batteries and Lanyard</p><p> -29% 0FF </p><p>$9.99</p><a href="https://www.amazon.com/dp/B08R1GPJ4M?tag=eloabder-20&linkCode=osi&th=1&psc=1">View Product</a></div><div class="product"><a href="https://www.amazon.com/dp/B0BYD34DYV?tag=eloabder-20&linkCode=osi&th=1&psc=1"><img src="https://m.media-amazon.com/images/I/410RNN-2DoL._SL500_.jpg" alt="Product Image"></a><p>Alecaremed Pulse Oximeter, 4 Color OLED Display Oxygen Monitor Fingertip with 20 × Memory, Blood Oxygen Saturation Monitor (SpO2), Alarm & Brightness Adjustable, Batteries & Lanyard (White)</p><p> -34% 0FF </p><p>$19.79</p><a href="https://www.amazon.com/dp/B0BYD34DYV?tag=eloabder-20&linkCode=osi&th=1&psc=1">View Product</a></div>                </div>

                <!-- Bouton flottant -->
                <button class="floating-button" onclick="window.location.href='https://www.iasmarket.us'">HOME</button>
            
                <!-- Pagination -->
                <div class="pagination">
                        </div>

            <script>
                function updateTime() {
                    const optionsDate = {
                        timeZone: 'America/Los_Angeles',
                        year: 'numeric',
                        month: 'long',
                        day: 'numeric',
                        weekday: 'long'
                    };
                    const optionsTime = {
                        timeZone: 'America/Los_Angeles',
                        hour: '2-digit',
                        minute: '2-digit',
                        second: '2-digit'
                    };
        
                    const now = new Date();
                    const formatterDate = new Intl.DateTimeFormat('en-US', optionsDate);
                    const formatterTime = new Intl.DateTimeFormat('en-US', optionsTime);
        
                    const formattedDate = formatterDate.format(now);
                    const formattedTime = formatterTime.format(now);
        
                    document.getElementById('comment').textContent = "As an AMAZON Associate, I earn from qualifying purchases.";
                    document.getElementById('date').textContent = formattedDate;
                    document.getElementById('time').textContent = formattedTime;
                }
        
                updateTime();
                setInterval(updateTime, 1000);
        
                function filterProducts() {
                    const input = document.getElementById('searchInput');
                    const filter = input.value.toLowerCase();
                    const container = document.getElementById('productContainer');
                    const products = container.getElementsByClassName('product');
        
                    for (let i = 0; i < products.length; i++) {
                        const product = products[i];
                        const text = product.textContent || product.innerText;
                        if (text.toLowerCase().indexOf(filter) > -1) {
                            product.style.display = "";
                        } else {
                            product.style.display = "none";
                        }
                    }
                }
            </script>
             </body>
        
            </html>
        